2540 4016
266 192 355 232 ΗἸΙ

714 196 756 232 Β.
782 194 952 232 RABANI
978 195 1124 235 mum
1146 198 1361 248 fflissEP.
1388 199 1595 239 uocum.
1616 201 1810 256 opffltt
1834 203 1954 242 PARS
1979 205 2006 241 1.

261 281 348 308 nam
382 270 451 306 hoc
483 269 563 306 loco
597 269 826 317 synagogam
862 278 982 316 vocat,
1009 284 1089 319 quae
1111 275 1319 311 novissimis
1336 274 1374 316 A
1387 275 1582 314 noluerint.
1610 277 1724 326 Ligna
1738 280 1873 327 quippe
1886 281 1987 319 silvae
2009 282 2164 322 arbitror
2178 285 2344 324 homines
2354 292 2443 329 u-

261 329 485 376 temporibus
504 329 731 370 Antichristo
748 337 806 368 est
829 333 1024 378 creditura,
1055 335 1100 371 de
1116 344 1188 380 quo
1205 334 1315 371 Joan·

258 398 323 425 nes
340 387 588 434 apostolus-tn
611 388 832 438 Apocalypsi
853 391 905 428 ait
923 401 938 428 ε
962 392 1032 436 Qui
1047 394 1173 431 dicunt
1186 407 1224 431 se
1245 396 1314 431 Ju-

258 449 352 485 doeos
382 458 468 492 esse,
502 452 535 484 et
552 456 630 486 non
652 457 750 494 sunt,
771 451 833 487 sed
858 459 939 488 sunt
969 464 1148 502 synaqoya
1169 455 1315 493 Satanae

257 509 379 557 (Apoc.
403 508 458 554 ιι).
479 509 531 545 De
549 521 618 556 qua
653 511 790 548 ultimis
812 513 1034 559 temporibus
1069 517 1314 562 nequissimus

256 568 365 611 lilius,
387 568 423 604 id
437 573 508 613 est,
546 569 792 607 Antichristus
831 574 1060 617 generandus
1080 582 1150 619 est,
1171 578 1314 623 eritque

255 629 349 665 tilius
386 630 541 673 ancillas,
579 631 615 666 id
646 637 713 675 est,
731 632 931 680 Synagogae
962 638 1205 681 peccatricis:
1228 640 1312 684 quia

253 691 312 737 qui
329 696 523 736 peccatum,
550 691 679 737 inquit,
706 694 807 739 facit,
825 705 943 731 seruus
958 704 1011 732 est
1037 700 1169 744 peccati
1186 699 1308 746 (Joan.

252 751 347 797 vui).
376 752 455 795 llic,
496 753 658 798 inquam,
692 757 927 802 congregatis
960 758 1030 794 sibi
1060 760 1193 806 impiis,
1218 762 1311 797 sieut

252 810 460 847 Abimeleeh
479 811 577 856 feeit,
599 824 750 859 regnum
777 816 940 862 improbe
955 822 1144 866 usurpabit
1165 833 1174 865 ;
1197 823 1311 859 inter-

251 872 427 918 fectisque
448 874 626 911 nobilibus
664 876 762 920 filiis,
782 877 819 914 id
845 885 916 923 est,
935 881 992 917 his
1009 882 1071 928 qui
1090 893 1134 918 ex
1154 884 1309 921 diversis

250 935 459 972 nationibus
492 942 529 972 et
553 938 684 984 linguis
711 940 747 975 in
780 940 928 978 Christo
958 945 1162 989 credentes,
1191 956 1212 982 a
1233 947 1308 983 Deo

250 1001 332 1030 sunt
362 999 539 1042 generati,
586 999 799 1038 inducturus
835 1009 892 1039 est
925 1007 1231 1052 persecutionem,
1269 1012 1310 1044 ut

249 1066 378 1094 omnes
395 1066 543 1097 sanctos
560 1061 771 1099 interliciat.
996 1064 999 1067 ’

654 1138 807 1175 CAPUT
837 1137 897 1176 xi.
939 1127 941 1130 ’

248 1210 353 1254 Quod
370 1212 574 1250 Abimeleclt·
587 1227 705 1252 omnes
721 1217 849 1262 fratres
867 1230 949 1254 snos
967 1221 1153 1267 interfecit,
1167 1230 1306 1270 excepto

294 1259 368 1294 solo
382 1259 554 1303 Joatlmn,
593 1262 668 1306 silio
687 1261 855 1299 Jerobaat
887 1266 1047 1310 minimo,
1072 1270 1131 1313 qui
1161 1270 1307 1306 abscon-

292 1306 387 1340 ditus
402 1317 517 1341 necem
534 1308 642 1342 eman
660 1308 770 1349 sotus,
804 1317 836 1344 et
861 1311 903 1346 de
935 1313 1179 1359 paradigmate
1208 1317 1305 1361 ejus-

291 1352 369 1386 dem
385 1351 527 1387 Joatlem
546 1353 594 1387 ad
617 1355 709 1389 viros
733 1354 869 1391 Siclzem
888 1358 1040 1403 prolato.

293 1426 393 1473 (CAP-
422 1427 492 1475 lx.)
522 1427 770 1476 Remunsitque
793 1430 974 1474 Joattmm,
1012 1432 1109 1477 filius
1136 1427 1306 1471 Jerobaal

243 1487 422 1530 minimus,
450 1494 483 1522 et
510 1488 735 1524 absconditus
754 1495 817 1526 est.
841 1490 1052 1539 Conqreqati
1086 1501 1166 1530 sunt
1187 1503 1304 1531 autem

242 1558 357 1583 omnes
371 1549 438 1584 viri
459 1547 610 1593 Sicltem,
633 1556 665 1586 et
686 1553 856 1587 universa!
878 1553 1024 1598 furnilioe
1045 1556 1142 1591 urbis
1167 1556 1273 1593 Mello
1291 1570 1304 1600 ‚-

241 1608 468 1655 abieruntque
486 1616 518 1644 et
548 1611 807 1647 constituerunt
843 1624 955 1660 reyein
984 1615 1180 1651 Abimelecli
1194 1618 1303 1663 juxta

238 1682 405 1717 quercum
424 1683 502 1718 quoe
522 1672 635 1708 stabat
656 1674 692 1708 in
712 1673 876 1718 Sicliem;
894 1677 986 1723 quod
1001 1688 1079 1712 cnm
1101 1679 1302 1715 nuntiatum

238 1737 326 1766 esset
360 1730 529 1777 Joaetzan,
563 1733 638 1776 ivit,
667 1740 699 1769 et
728 1736 820 1771 stetit
843 1737 879 1771 in
898 1738 1022 1773 vertice
1052 1741 1179 1775 montis
1197 1739 1302 1777 Gari-

239 1791 323 1833 zim,
345 1791 544 1839 elevataque
581 1805 662 1830 voce
687 1795 849 1832 clamavit
877 1804 908 1832 et
930 1797 1017 1834 dixit
1039 1809 1050 1834 :
1079 1800 1206 1837 Audite
1231 1812 1300 1846 nze,

239 1851 305 1886 viri
344 1851 505 1896 sichem,
544 1854 594 1889 ita
631 1855 753 1891 audiat
786 1868 843 1892 vos
875 1856 983 1894 Deus.
1003 1858 1127 1895 lerunt
1154 1861 1301 1908 liqnunt

238 1919 408 1958 unqerent
445 1926 550 1961 super
571 1927 606 1951 se
634 1927 762 1963 reqem,
790 1918 1023 1966 umerumque
1061 1921 1160 1957 olivoe
1179 1931 1191 1955 .·
1225 1919 1299 1957 Im-

235 1983 320 2019 pera
340 1973 451 2018 nobis,
473 1981 543 2012 ete.
581 1974 653 2013 Sed
688 1988 796 2024 super
817 1982 1057 2027 septuaginta,
1074 1982 1207 2028 inquit,
1230 1983 1299 2020 suit

234 2031 356 2077 junior
375 2035 469 2071 tilius
487 2045 528 2072 ex
549 2038 659 2074 nobili
693 2041 940 2086 matrimonio,
963 2042 1023 2088 qui
1042 2053 1080 2079 se
1098 2043 1300 2081 abscondo·

236 2102 306 2131 rat.
327 2094 407 2141 Hic,
425 2098 556 2144 inquit,
573 2103 738 2138 aseendit
756 2104 793 2139 in
824 2106 998 2142 verticem
1024 2109 1159 2144 montis
1193 2109 1299 2145 Gari·
1320 2090 1350 2132 C

237 2157 322 2201 zim‚
349 2162 386 2193 et
418 2160 636 2196 exclamavit
673 2173 761 2198 voce
799 2175 931 2210 magna
968 2167 1012 2201 ad
1040 2169 1226 2212 populum,
1257 2171 1300 2204 de

236 2217 418 2254 sicomoro
451 2228 594 2264 ponens
630 2221 684 2257 eis
716 2224 940 2268 parabolam.
965 2225 1031 2262 Hic
1073 2237 1159 2274 ergo
1176 2228 1301 2274 junior

236 2276 346 2320 filius,
372 2278 434 2323 qui
452 2279 544 2326 sugit
560 2286 600 2316 ut
619 2281 777 2327 gladium
803 2285 941 2322 inimici
968 2288 1150 2331 evaderet,
1184 2290 1300 2334 ligura

236 2343 292 2374 est
310 2337 445 2374 residui
467 2340 588 2385 populi
621 2341 747 2385 lsrael,
774 2344 996 2388 praedicante
1015 2346 1091 2382 Elia
1126 2350 1300 2385 extremis

238 2399 459 2445 temporibus
485 2401 671 2447 credituri,
712 2408 748 2439 ει
778 2403 992 2444 Antichristi
1029 2409 1188 2455 gladium
1219 2422 1301 2447 eva-

238 2461 325 2496 suri.
346 2461 526 2505 Ascendit,
554 2463 684 2510 inquit,
708 2465 773 2501 iste
794 2468 958 2503 verticem
983 2469 1296 2507 montisGariz-im.

238 2520 308 2557 Sed
329 2532 394 2558 eur
427 2529 588 2560 montem
625 2528 816 2563 aseendit?
843 2528 933 2572 Quia
977 2540 1043 2566 nec
1081 2532 1299 2578 prophetare

237 2592 305 2618 nec
319 2586 610 2629 persecutionem
629 2586 844 2624 Antichristi
881 2591 1035 2636 quisque
1062 2592 1215 2628 evadere
1235 2603 1300 2639 po-

235 2647 321 2685 test,
340 2644 409 2680 nisi
427 2645 527 2690 prius
545 2647 626 2692 quis
644 2648 681 2683 in
701 2655 859 2685 montem
877 2651 1151 2694 benedictionis,
1175 2653 1209 2689 id
1227 2658 1298 2697 est,

236 2703 275 2739 in
301 2703 559 2743 sublimitatem
591 2708 675 2744 fidei
696 2720 739 2747 ac
770 2711 946 2747 virtutum
987 2715 1191 2750 ascenderit
1211 2728 1218 2750 :
1238 2715 1299 2751 hic

235 2769 293 2801 est
308 2765 404 2800 enim
430 2775 536 2803 vmons
555 2768 729 2814 Garizim,
759 2773 820 2817 qui
854 2772 976 2820 Moyse
996 2774 1032 2809 in
1071 2775 1298 2812 benedictio-

235 2839 319 2866 nem
355 2830 560 2876 deputatur.
599 2834 723 2879 ltaque
756 2846 838 2871 cum
879 2838 1114 2879 ascendisset,
1155 2839 1298 2875 elevata

235 2901 324 2926 voce
344 2891 514 2927 clamavit
538 2897 574 2928 et
593 2893 683 2928 dixit
703 2906 710 2928 :
734 2894 861 2931 Audite
895 2907 959 2939 me,
981 2897 1046 2932 viri
1067 2896 1219 2933 Sichem.
1240 2898 1297 2933 Ie-

235 2958 317 2986 runt
339 2952 447 2998 liqna,
464 2958 501 2988 ut
523 2963 689 2999 ungerent
719 2968 823 3002 super
849 2968 885 2992 se
917 2969 1045 3003 reqem,
1065 2959 1296 3004 dixeruntque

235 3010 335 3047 olivoe
353 3020 364 3045 .“
386 3011 526 3057 Impera
554 3013 665 3048 nobis.
690 3014 780 3056 Quoe
799 3017 976 3061 respondit
991 3027 1003 3051 .·
1024 3016 1195 3063 Nunquicl
1215 3030 1294 3064 pos-

235 3082 312 3107 sum
333 3072 490 3107 amittere
510 3073 753 3119 pinquedinem
769 3071 896 3118 meizm,
922 3087 992 3123 qua
1027 3077 1078 3112 dii
1096 3084 1246 3114 utuntur
1261 3086 1293 3114 et

234 3132 407 3175 homines,
425 3138 457 3166 et
476 3132 603 3175 venire,
619 3139 657 3167 ut
672 3133 763 3168 inter
789 3133 886 3180 liqna
914 3146 1121 3181 promovear
1139 3138 1154 3172 ?
1184 3137 1294 3174 Dixe-

235 3198 384 3239 runtque
404 3191 498 3239 liqna
517 3192 562 3228 ad
582 3193 742 3230 arborem
761 3185 867 3239 fidium
886 3205 898 3230 ‚⁴
926 3191 1026 3239 Veni,
1049 3203 1079 3231 et
1111 3209 1216 3244 super
1231 3210 1294 3234 nos

235 3267 378 3302 reqnum
396 3257 526 3304 accipe.
550 3248 637 3299 Quoe
664 3256 843 3304 respondit
859 3259 909 3294 eis
925 3266 938 3292 .·
957 3257 1128 3306 Numquid
1153 3267 1293 3309 possum

233 3316 391 3352 deserere
433 3316 652 3353 dulcedinem
673 3308 801 3362 mea'm,
832 3318 968 3364 fructus
1005 3322 1009 3327 '
1039 3320 1289 3371 'uerissimos,

233 3382 265 3411 et
287 3387 338 3412 ire
362 3382 399 3412 ut
418 3379 510 3413 mter
526 3385 655 3414 coetera
688 3379 784 3425 liqna
800 3391 1026 3427 promovear.
1061 3368 1292 3419 Locutffliuiit

233 3446 368 3484 quoque
389 3437 485 3506 ¹5:23⁶
505 3439 552 3474 ad
570 3439 698 3476 vitem:
722 3440 824 3487 Veni,
849 3447 882 3478 et
900 3442 1034 3489 impera
1065 3443 1175 3479 nobis.
1203 3442 1292 3487 Qua*

234 3498 439 3547 respondit:
467 3499 639 3548 Nunquid
661 3514 706 3550 po
764 3514 805 3551 *m
835 3503 994 3547 clamere
1014 3506 1132 3541 vinum
1161 3516 1289 3549 meum,

233 3557 328 3605 quoa
362 3547 653 3607 Ιῧιῖῇοᾳῗᾞειινη
681 3567 713 3597 et
757 3563 905 3607 omines,
932 3570 964 3599 et
994 3564 1087 3600 inter
1104 3570 1167 3603 caet
1208 3576 1231 3601 a
1250 3563 1294 3600 li-

234 3629 302 3664 9na
315 3630 436 3665 promo
477 3608 537 3656 i’i'?
554 3619 644 3658 Cum
668 3631 755 3669 ergo
811 3622 976 3676 epudiata
1010 3616 1167 3660 ruissent
1223 3623 1295 3680 gua

235 3676 333 3714 silvae
351 3676 404 3735 ⁴ab
417 3629 589 3778 offici.
626 3674 712 3740 licu‘,
733 3687 770 3718 et
792 3683 794 3685 ’
856 3710 873 3733 1,
892 3687 1071 3730 venerunt
1091 3684 1139 3721 ad
1170 3685 1294 3721 rham-

228 3768 230 3771 ,
270 3747 334 3785 Im.
355 3745 396 3776 ut
413 3749 459 3776 eu
527 3735 763 3807 'mifannt
777 3727 1013 3854 remed
1036 3745 1140 3797 prius
1170 3740 1298 3787 videa-¹

271 3801 335 3844 us,
348 3807 414 3837 cur
431 3800 539 3846 oliva,
570 3802 662 3846 fleus
680 3803 729 3840 'et
754 3802 839 3843 v'itis
920 3855 922 3858 ,
958 3816 977 3844 ι·
999 3804 1100 3855 ligna
1134 3786 1324 3856 regit-‘21‘

1385 342 1499 373 vanos
1527 342 1564 374 et
1589 349 1700 386 vagos
1732 346 1869 379 {eterno
1901 343 2070 380 incendio
2102 353 2338 392 muratos.
2368 348 2437 388 ute

1385 405 1471 442 erm
1486 400 1618 436 merito
1641 402 1773 448 noluit,
1793 413 1861 440 nec
1873 404 1968 449 olea,
1987 416 2056 442 nec
2081 405 2171 444 licus
2190 418 2355 455 regnare,
2368 421 2439 450 noc

1384 457 1480 500 vitis,
1521 461 1606 505 quia
1632 472 1704 497 non
1733 465 1981 502 meremnwr.
2022 467 2109 504 Olea
2139 470 2239 506 enim
2278 474 2437 519 gratian

1384 516 1541 563 Spiritus
1555 522 1671 556 sancti
1691 528 1729 558 et
1746 525 1952 561 unctionem
1980 528 2081 573 pacis
2112 530 2306 576 significat.
2329 533 2437 572 Ficus

1383 583 1503 613 autem
1530 590 1643 616 sacrae
1662 581 1753 628 legis
1779 584 1972 632 imaginem
2003 588 2126 634 habet,
2154 591 2247 628 sicut
2265 593 2301 628 in
2316 593 2436 631 Evan-

1382 637 1475 682 gelio
1506 639 1682 685 scriptum
1716 650 1772 679 est
1793 655 1801 678 ε
1824 644 1976 687 Quidam
1999 650 2255 695 paterfamilias
2270 653 2438 699 plantavit
2461 643 2502 692 .’

1382 698 1518 733 vineam
1549 706 1582 735 et
1614 702 1649 736 in
1669 704 1772 739 vinea
1811 716 1875 740 sua
1910 707 2080 753 plantavit
2109 711 2322 759 ficum(Luc
2338 713 2433 762 ην).

1382 758 1470 801 Quis
1486 762 1758 807 paterfamilias,
1794 766 1864 802 nisi
1886 767 2004 812 Deus,
2022 770 2083 815 qui
2120 771 2264 808 samtttae
2294 784 2382 819 suae,
2401 775 2437 812 id
2482 761 2491 790 2
2520 787 2526 796 ²

1380 826 1449 863 est,
1467 823 1629 859 omnium
1648 826 1874 862 credentium
1902 834 2006 872 pater
2040 831 2121 866 est?
2141 831 2321 868 Plantavit
2347 844 2434 880 ergo

1381 883 1538 927 vineam,
1555 885 1675 929 idest,
1699 888 1884 933 populum,
1914 890 1999 935 quia
2034 892 2179 927 vineant
2206 900 2252 929 ex
2279 893 2435 941 AEgypto

1380 945 1576 981 transtulit.
1597 946 1642 982 Et
1659 949 1783 994 utique
1802 950 1988 996 populum,
2014 961 2086 986 non
2101 953 2241 988 vineam
2268 964 2312 990 ex
2326 954 2437 1003 AEgy—

1379 1010 1440 1050 pto
1461 1007 1707 1043 transtulerat.
1729 1009 1767 1043 lu
1788 1009 1854 1045 hae
1885 1011 1990 1047 vinea
2023 1013 2199 1058 plantavit
2218 1013 2340 1059 ticum,
2367 1017 2436 1053 hoc

1379 1071 1446 1109 est,
1465 1065 1500 1102 in
1518 1067 1650 1113 populo
1665 1078 1730 1104 suo
1749 1071 1868 1114 posuit
1886 1071 2016 1117 legem,
2037 1083 2116 1118 quae
2132 1073 2191 1109 lex
2210 1076 2435 1120 primitivum

1377 1127 1562 1172 populum,
1588 1129 1685 1164 velut
1707 1130 1808 1174 licus,
1825 1141 1970 1178 grossos
1996 1134 2117 1169 aridos
2150 1140 2186 1170 et
2209 1135 2355 1172 inutiles
2369 1137 2434 1172 (ἱε-ι

1329 1189 1360 1229 Β
1376 1186 1464 1232 jecit
1480 1189 1516 1223 in
1542 1194 1690 1232 terram,
1719 1196 1754 1225 et
1779 1197 1906 1236 postea
1939 1193 2029 1228 alios
2059 1194 2200 1230 fruetus
2235 1198 2433 1242 generavit,
2489 1230 2494 1237 .

1378 1248 1498 1291 idest,
1518 1251 1690 1294 populum
1722 1250 2026 1295 Christianorum,
2057 1263 2164 1299 quem
2197 1256 2243 1291 ad
2276 1257 2434 1293 debitam

1376 1309 1592 1353 evangelicae
1606 1309 1803 1354 discipttnae
1826 1313 2089 1356 maturitatem,
2115 1321 2162 1350 et
2180 1317 2434 1354 suavissimam

1373 1369 1628 1415 pinguedinem
1645 1370 1782 1406 Christi
1796 1382 1880 1407 cum
1902 1373 2018 1419 gioria
2035 1380 2072 1410 et
2097 1376 2233 1429 honore
2247 1380 2428 1424 perduxit.

1375 1429 1445 1465 Sed
1473 1431 1565 1470 vitis,
1594 1430 1723 1476 inquit,
1761 1431 1874 1467 noluit
1899 1444 2046 1479 regnare
2078 1436 2139 1471 eis.
2169 1435 2285 1473 Vitem
2311 1445 2433 1476 autem
2483 1474 2492 1480 ,

1375 1488 1574 1524 Salvatoris
1593 1490 1707 1525 nostri
1727 1495 1851 1536 typum
1869 1492 2002 1529 habere
2020 1496 2251 1533 manifestum
2276 1505 2344 1541 est,
2361 1499 2433 1535 sic-

1373 1554 1413 1584 ut
1433 1550 1468 1584 in
1489 1550 1684 1597 Evangelio
1699 1552 1748 1586 ait
1769 1564 1777 1586 :
1806 1552 1882 1598 Epo
1903 1565 1981 1589 sum
2003 1556 2081 1591 vitis
2116 1569 2194 1592 vera
2216 1557 2335 1605 (Joan.
2355 1559 2430 1607 xv).

1371 1610 1483 1655 Igitur
1516 1612 1600 1657 quia
1619 1611 1695 1656 jam
1723 1613 1761 1647 in
1793 1615 1990 1659 reprobum
2016 1627 2175 1661 sensum,
2215 1619 2309 1655 sicut
2337 1620 2434 1667 Apo-

1372 1674 1484 1709 stolus
1504 1673 1607 1718 dixit,
1629 1675 1770 1712 t'uturus
1789 1683 1844 1713 est
1863 1678 2015 1724 populus
2035 1679 2106 1723 itte,
2127 1681 2187 1726 qui
2209 1681 2432 1719 Antichristo

1370 1739 1426 1769 εει
1445 1734 1658 1777 serviturus,
1679 1746 1786 1780 quem
1801 1736 1897 1783 ligna
1926 1739 2026 1774 silvae
2046 1741 2224 1786 appellat3
2247 1747 2282 1778 et
2302 1753 2426 1779 neces-

1371 1804 1410 1829 se
1421 1800 1478 1829 est
1502 1800 1541 1830 ut
1560 1796 1683 1831 eredat
1711 1799 1911 1842 mendacio,
1937 1800 1972 1835 id
1997 1807 2067 1844 εει,
2102 1802 2338 1849 Antichristo,
2371 1806 2432 1851 qui

1370 1856 1514 1891 veritati
1541 1857 1687 1893 Christo
1706 1859 1821 1895 noluit
1854 1862 2003 1898 credere
2039 1863 2100 1910 (ΙΙ
2124 1864 2243 1901 Thess.
2274 1867 2432 1914 n).1de0

1370 1922 1406 1955 et
1421 1928 1442 1954 a
1462 1929 1574 1966 regno
1605 1921 1702 1965 vitis,
1725 1922 1761 1957 id
1790 1928 1860 1967 est,
1887 1924 2037 1968 Christi,
2074 1930 2110 1962 et
2130 1927 2174 1963 ab
2193 1927 2284 1971 olea,
2307 1928 2342 1964 id
2361 1934 2431 1971 est,

1370 1981 1487 2015 sancti
1522 1981 1677 2026 Spiritus
1703 1985 1833 2029 gratia,
1864 1990 1900 2020 et
1930 1996 1950 2020 a
1977 1986 2060 2030 ficu,
2081 1987 2116 2022 id
2143 1993 2210 2031 est,
2234 1989 2364 2025 divinae
2380 1989 2432 2024 le-

1369 2041 1424 2087 gis
1441 2041 1630 2077 dulcedine
1652 2045 1878 2088 reprobatus,
1895 2047 1995 2081 venit
2010 2048 2055 2082 ad
2074 2048 2278 2084 rhamnum.
2296 2049 2430 2084 Rham—

1371 2111 1440 2136 nus
1463 2107 1519 2137 est
1535 2112 1647 2148 genus
1668 2104 1760 2145 ruhi,
1790 2114 1901 2149 quam
1926 2106 2033 2153 vulgo
2064 2107 2237 2144 senticem
2268 2109 2430 2146 ursinam

1372 2163 1564 2207 appellant,
1585 2172 1752 2208 asperum
1767 2165 1876 2201 nimis
1891 2171 1928 2201 et
1944 2168 2145 2212 spinosum,
2164 2179 2230 2214 per
2249 2171 2344 2215 quod
2359 2181 2432 2206 me-

1371 2223 1440 2257 rito
1460 2227 1566 2268 typus
1593 2223 1807 2259 Antichristi
1832 2225 2074 2271 significatur,
2092 2228 2152 2273 qui
2176 2229 2274 2265 omni
2290 2230 2431 2277 asperi-

1372 2290 1443 2320 tate
1468 2291 1504 2321 et
1531 2285 1709 2322 efferitate
1743 2287 1943 2324 humanum
1968 2299 2080 2336 genus
2118 2296 2174 2327 εει
2207 2297 2429 2329 vastaturus.

1371 2344 1442 2381 Sed
1457 2346 1560 2389 exiet,
1587 2347 1714 2393 inquit,
1735 2348 1825 2394 iynis
1846 2349 1889 2384 de
1918 2350 2079 2395 rhamno,
2102 2350 2137 2387 id
2166 2357 2233 2396 est,
2259 2353 2432 2399 iniquitas

1370 2407 1413 2442 de
1441 2407 1677 2450 Antichristo,
1699 2414 1736 2444 et
1768 2419 1894 2446 omnes
1913 2410 1974 2456 qui
2002 2412 2039 2448 in
2066 2423 2109 2448 eo
2139 2414 2327 2450 confidunt
2347 2426 2429 2451 eum

1369 2467 1446 2513 ipso
1463 2468 1601 2514 pariter
1617 2462 1817 2506 devorabit.
1844 2471 1995 2507 Videtur
2025 2480 2115 2519 ergo
2148 2474 2295 2510 Gedeon
2317 2475 2425 2511 Chri-

1370 2527 1415 2563 sti
1433 2527 1624 2574 imaginem
1658 2529 1830 2567 habuisse
1850 2542 1859 2575 ;
1882 2533 2109 2579 septuaginta
2143 2545 2232 2571 vero
2261 2535 2342 2582 filij,
2368 2547 2428 2573 se·-

1367 2589 1721 2637 ptuagintaiinguae
1753 2591 1810 2627 vel
1835 2593 2015 2637 nationes,
2055 2595 2116 2640 qui
2148 2595 2338 2632 eredentes
2364 2608 2430 2644 per

1371 2649 1567 2685 secundam
1582 2652 1893 2697 regenerationem
1912 2653 1994 2689 Filii
2012 2652 2078 2690 Dei
2096 2663 2176 2690 esse
2201 2662 2425 2692 meruerunt.

1367 2710 1579 2747 Abimelech
1598 2722 1683 2748 vere
1702 2712 1797 2749 tilius
1816 2714 1955 2749 ancillae
1973 2720 2098 2761 typum
2114 2714 2329 2752 Antichristi
2343 2726 2429 2763 por-

1369 2777 1482 2814 tasse,
1498 2772 1572 2818 qui,
1595 2773 1825 2820 congregatis
1838 2774 1991 2820 perditis
2022 2776 2241 2820 nationibus,
2272 2786 2425 2823 regnum

1368 2833 1436 2868 sibi
1469 2834 1634 2880 improbe
1671 2835 1874 2880 usurpabit,
1908 2845 2106 2882 omnesque
2140 2841 2284 2883 sanctos
2312 2837 2349 2872 vi
2381 2842 2420 2873 et

1367 2894 1632 2937 perseeutione,
1658 2894 1829 2940 omnique
1861 2896 2073 2932 erudelitate
2102 2879 2312 2935 tmffiabit.
2333 2896 2423 2933 ,1οᾶ-

1367 2953 1465 2988 tham
1485 2964 1572 2990 vero
1595 2953 1718 3000 junior
1737 2955 1852 3003 figura
1875 2962 2081 2993 sanctorum
2098 2955 2179 2993 suit.
2205 2956 2310 2994 Sicut
2325 2959 2422 2995 enim

1365 3013 1530 3050 Joatham
1570 3025 1636 3061 per
1667 3015 1786 3063 sugam
1818 3017 1980 3060 recessit,
2016 3022 2053 3053 et
2082 3017 2211 3064 reliqui
2241 3017 2424 3055 interfecti

1358 3079 1452 3111 ‘sunt
1472 3074 1605 3112 fratres
1629 3088 1636 3111 :
1661 3076 1714 3112 sic
1734 3086 1840 3113 nemo
1871 3077 2022 3114 evadere
2048 3079 2182 3124 poterit
2196 3081 2419 3126 perseeutio-

1365 3144 1448 3170 nem
1474 3134 1704 3180 Antichristi,
1735 3136 1803 3172 nisi
1827 3137 1889 3183 qui
1924 3147 1990 3183 per
2007 3136 2148 3193 t'ugaQt
2161 3140 2366 3182 recesserit,
2388 3145 2424 3176 et

1365 3195 1403 3230 in
1418 3201 1580 3232 montem
1618 3193 1885 3242 benedictionis
1907 3199 2127 3234 ascenderit.
2159 3198 2226 3235 Hic
2245 3205 2300 3235 est
2317 3209 2423 3236 mons
2474 3230 2479 3235 .
2510 3194 2528 3236 ζ

1365 3268 1472 3304 quem
1490 3259 1606 3294 sancti
1642 3260 1928 3303 circumdabunt,
1960 3268 2068 3304 quem
2095 3265 2133 3295 et
2152 3266 2299 3297 sanctus
2319 3261 2419 3308 Moy-

1365 3328 1422 3354 ses
1438 3317 1477 3353 in
1501 3317 1828 3361 benedictionibus,
1869 3318 2055 3364 sicuti-am
2095 3325 2253 3371 ‘uperius
2283 3323 2421 3360 dictum

1363 3374 1433 3421 est,
1453 3378 1489 3413 in
1508 3376 1788 3414 Deuteronomio
1810 3378 1931 3424 posuit
1948 3370 2069 3424 (Denta
2137 3379 2164 3427 ).
2188 3380 2290 3426 Quod
2307 3383 2418 3428 enim,

1365 3439 1563 3475 seeundum
1584 3437 1833 3486 Septuaginta,
1874 3439 2056 3476 inducitur
2085 3440 2272 3486 rhamnus,
2295 3443 2332 3479 id
2346 3449 2416 3488 est,

1365 3499 1544 3545 quoddam
1560 3500 1746 3546 spinarum
1771 3509 1899 3547 genus,
1930 3500 1967 3536 in
2000 3487 2271 3538 siiifltmdtnom
2291 3503 2414 3541 dicere.

1364 3559 1487 3597 omnib
1547 3559 1655 3607 lignis
1689 3557 1985 3598 convenientibus
2008 3571 2090 3599 eam
2208 3563 2338 3613 &naret
2356 3574 2416 3601 su-

1363 3631 1428 3667 per
1449 3630 1470 3657 e
1553 3619 1643 3657 siin
1661 3615 1958 3668 veritate‘unqitis
1986 3629 2021 3658 m
2056 3673 2057 3676 Ἴ
2210 3630 2297 3660 nare
2310 3634 2417 3677 super

1361 3691 1434 3724 vos,
1462 3675 1586 3724 vertite,
1601 3679 1765 3726 confidite
1791 3681 1828 3718 in
1854 3683 2064 3729 proteomne
2079 3676 2172 3721 ntea.
2199 3681 2248 3720 Et
2273 3684 2306 3721 si
2327 3690 2413 3730 nott,

1361 3747 1462 3778 exeat
1482 3741 1572 3787 iquia
1602 3740 1645 3776 de
1676 3740 1746 3778 ‘rita
1810 3753 1845 3787 0,
1877 3748 1911 3781 et
1930 3735 2088 3780 condat
2116 3741 2239 3780 cedros
2267 3742 2412 3783 matti.

1361 3804 1545 3843 Obscurus
1560 3811 1687 3841 sensus
1704 3809 1774 3850 est,
1795 3784 1955 3847 sed‘eum
1970 3805 2317 3885 invenwistinctio
2333 3814 2415 3848 ma-
