2540 4016
55 144 115 201 ‘si
650 153 658 156 ⁴
706 149 1040 196 continuum
1064 147 1110 193 tu
1136 146 1347 194 attonuit.
1372 175 1422 182 -
1444 148 1531 192 ne.
1555 151 1586 192 1.

2206 158 2279 231 ³⁸1

69 236 131 284 fici
151 236 446 273 incantationibus
459 235 546 279 suis,
566 239 604 270 ut
618 233 800 271 educerent
814 232 987 282 sciniphes
1002 239 1034 275 et
1054 245 1124 269 non
1144 234 1179 274 A
1194 242 1260 279 que
1276 229 1481 266 divisionem
1501 229 1593 266 inter
1613 228 1782 278 populum
1802 240 1917 271 meum
1934 238 1966 269 et
1983 235 2074 277 inter
2088 236 2257 285 populum

70 304 280 345 pomeriata,-
297 304 460 344 erantque
472 295 643 342 sciniphes
663 301 734 330 tam
749 296 786 331 in
802 295 1002 336 hominibus
1017 305 1122 343 quam

70 359 107 395 in
137 360 322 406 jumentis.
353 358 400 395 Et
423 358 586 394 dixerunt
617 357 769 404 malefici
802 358 848 393 ad
877 358 1122 401 Pharaonem,

70 420 211 468 Diyitus
239 420 304 457 Dei
331 425 380 456 est
400 419 469 455 hic.
490 419 772 468 Induratumque
803 426 854 456 est
874 431 934 455 cor
962 418 1125 454 Pharao-

72 483 140 525 nis,
157 489 189 519 et
206 492 274 518 non
291 480 425 516 audivit
439 492 496 516 eos
511 482 599 516 sicut
615 488 826 529 praeceperat
848 481 1033 517 Dominus.
1053 480 1126 528 (Ex

71 540 293 589 Auyustino.)
316 540 418 585 Quod
436 541 604 578 dixerunt
622 543 719 590 magi
740 543 784 578 ad
802 542 1046 586 Pharaonem,
1068 542 1125 578 di-

71 603 161 649 yitus
184 601 250 636 Dei
276 607 327 636 est
343 601 412 636 hic.
443 601 629 646 Quomodo
659 613 730 643 non
751 609 948 649 potuerunt
971 603 1126 639 educere

70 662 271 710 sciniphes?
292 661 491 700 Senserunt
518 663 682 710 profecto
712 676 793 701 cum
825 666 957 710 artium
977 675 1126 705 suarum

69 723 287 761 nefariarum
317 724 452 761 scirent
483 727 696 772 potentiam,
719 738 790 762 non
813 727 943 771 talibus
969 727 1123 770 artibus,

68 785 165 823 velut
174 787 357 835 potentior
367 787 403 822 in
414 787 466 823 eis
481 794 576 824 esset
590 788 742 835 Moyses,
755 798 838 824 suos
851 793 1003 824 conatus
1015 788 1127 830 fuisse

69 848 273 892 frustratos,
292 855 331 885 ut
351 860 422 885 non
440 856 587 897 possent
604 851 757 886 educere
775 851 972 897 sciniphes,
993 851 1054 886 sed
1077 851 1128 886 di-

69 910 142 958 gito
156 910 232 953 Dei,
248 912 309 958 qui
325 912 449 957 utique
463 917 635 957 operatur
651 922 716 958 per
727 911 887 958 Moysen.
906 912 1046 957 Digitus
1062 911 1124 947 Dei

70 975 189 1005 autem
214 970 306 1005 sicut
338 970 568 1015 Evangelium
596 970 787 1007 manifeste
814 971 984 1018 loquitur,
1007 970 1126 1017 spiri-

71 1037 127 1067 tus
150 1037 294 1067 sanctus
319 1031 543 1078 intelligitur.
577 1031 666 1067 Nam
688 1033 782 1078 quod
808 1043 879 1068 uno
903 1031 1125 1079 evangelista

69 1092 118 1127 ita
147 1097 320 1127 narrante
353 1093 462 1128 verba
490 1093 653 1136 Domini,
687 1099 726 1128 ut
747 1094 898 1136 diceret,
932 1093 970 1130 Si
1001 1105 1062 1139 eyo
1090 1095 1126 1128 in

1193 299 1290 328 tuum
1302 290 1434 341 (Exod.
1447 293 1541 339 vui).
1553 290 1627 339 [Ex
1643 289 1872 338 Augustino]
1884 290 1987 334 Quod
1999 293 2058 329 hic
2067 295 2257 344 Scriptura

1194 353 1347 407 aperuit,
1365 365 1410 393 ne
1431 353 1640 400 ubicunque
1663 352 1802 388 diceret
1832 351 2035 407 intelligere
2063 356 2256 403 debemus,

1193 408 1257 454 sed
1282 415 1318 451 in
1346 415 1611 461 posterioribus
1631 418 1667 451 et
1696 415 1730 451 in
1765 415 1948 462 prioribus
1974 415 2087 463 signis
2121 415 2255 455 sactum

1194 487 1287 519 esse,
1298 483 1338 512 ut
1349 482 1444 512 terra
1457 477 1491 511 in
1503 487 1572 522 qua
1583 477 1771 514 habitabat
1783 476 1937 527 populus
1951 476 2016 512 Dei
2025 476 2134 513 nullis
2143 477 2258 524 plagis

1195 537 1328 573 talibus
1345 542 1550 573 vexaretur.
1567 536 1818 584 Opportunum
1837 542 1959 573 autem
1979 536 2048 573 tuit
2066 542 2107 574 ut
2127 538 2175 574 ibi
2191 538 2260 575 hoc

1194 605 1319 646 aperte
1339 605 1548 645 poneretur,
1570 588 1665 636 unde
1680 600 1755 647 jam
1782 601 1961 647 incipiunt
1992 600 2109 647 signa,
2129 599 2261 645 quibus

1194 661 1287 707 magi
1313 660 1444 696 similia
1473 670 1541 696 nec
1572 661 1692 696 conati
1723 667 1807 701 sunt
1836 660 1972 696 iacere.
1992 659 2125 696 Procul
2148 659 2260 696 dubio

1193 722 1290 757 enim
1309 722 1392 768 quia
1423 722 1554 767 ubique
1575 721 1719 757 fuerant
1742 721 1926 768 sciniphes
1954 721 1989 757 in
2019 730 2130 768 regno
2163 719 2259 756 Pha-

1195 782 1328 825 raonis,
1348 792 1419 818 non
1451 788 1572 817 autem
1598 780 1743 817 fuerant
1764 782 1800 817 in
1822 787 1921 817 terra
1945 780 2097 823 Gessen,
2116 779 2178 815 ubi
2199 789 2262 816 co-

1194 843 1269 878 nati
1289 849 1373 879 sunt
1393 843 1488 890 magi
1503 843 1671 878 similiter
1691 843 1812 879 facere
1826 847 1862 878 et
1882 842 2031 878 minime
2050 846 2259 888 potuerunt.

1195 904 1390 950 Quousque
1419 915 1507 951 ergo
1537 905 1748 948 delicerent,
1768 905 1857 940 nihil
1890 905 1933 949 de
1953 904 2050 940 illius
2069 910 2175 940 terrae
2206 914 2262 940 se-

1194 964 1403 1011 gregatione
1422 964 1559 999 dictum
1578 970 1654 1007 est;
1675 965 1738 1000 sed
1754 974 1798 1000 ex
1814 975 1885 1010 quo
1899 971 2090 1011 coeperunt
2109 975 2151 1001 ea
2167 965 2261 1008 fieri,

1194 1026 1254 1061 ubi
1273 1025 1348 1070 Jam
1374 1025 1443 1061 illis
1462 1025 1593 1061 similia
1620 1025 1742 1061 faeere
1762 1036 1831 1061 nec
1852 1026 1978 1061 conari
1999 1027 2187 1069 auderent,
2213 1026 2263 1063 ibi

1196 1091 1520 1122 commemoratum
1554 1091 1623 1122 est.
1661 1086 1740 1134 (Ex
1773 1085 1945 1134 Isidoro.)
1975 1085 2113 1130 Quarto
2143 1093 2263 1122 autem

69 1151 176 1196 diyito
207 1151 272 1186 Dei
305 1151 406 1197 ejicio
443 1152 618 1188 ‹icemonia
645 1151 754 1199 (Luc.
773 1152 854 1200 xi),
887 1152 978 1194 alius
1016 1163 1126 1188 evan-
1145 1148 1176 1187 B
1196 1148 1274 1184 loco
1304 1147 1483 1196 AEgyptus
1517 1149 1652 1184 muscis
1678 1148 1897 1195 percutitur.
1931 1147 2054 1184 Musca
2082 1148 2178 1184 enim
2206 1149 2263 1184 ni-

69 1210 206 1256 gelista,
234 1211 386 1258 idipsum
412 1222 579 1254 narrans,
609 1222 789 1258 exponere
824 1213 936 1248 voluit
969 1212 1053 1259 quid
1080 1213 1127 1248 sit

69 1270 200 1316 digitus
215 1270 277 1306 Dei
298 1277 333 1307 et
355 1271 405 1306 ait
422 1284 429 1306 ε
448 1270 486 1307 Si
505 1283 565 1318 eyo
580 1272 616 1306 in
634 1271 769 1318 Spiritu
787 1272 852 1307 Dei
870 1273 971 1319 ejicio
992 1273 1125 1308 (1αήιο-

69 1333 125 1368 nia
139 1331 282 1380 (March.
297 1334 377 1378 xit).
391 1333 479 1370 Cum
499 1334 620 1380 itaque
632 1335 725 1381 magi
739 1334 953 1378 faterentur,
970 1345 1126 1380 quorum

67 1394 207 1431 Pharao
238 1396 408 1442 potentia}
443 1396 665 1440 confidebat,
702 1397 851 1444 digitum
880 1397 941 1432 Dei
976 1406 1056 1432 esse
1090 1397 1126 1432 in

67 1455 201 1502 Moyse,
223 1456 258 1491 in
276 1467 346 1502 quo
367 1457 631 1502 superabantur
650 1464 686 1492 et
706 1467 832 1493 eorum
854 1457 1026 1493 veneficia
1051 1455 1125 1491 fru-

68 1519 297 1561 strabantur,
330 1523 450 1554 tamen
487 1519 691 1554 induratum
730 1524 786 1554 cst
818 1529 880 1554 cor
926 1517 1127 1556 Pharaonis

69 1589 162 1614 nunc
182 1579 338 1614 mirabili
365 1580 513 1615 omnino
532 1580 677 1615 duritia.
700 1579 772 1614 Cur
800 1584 919 1614 autem
955 1579 990 1618 in
1020 1578 1126 1614 tertia

68 1642 136 1677 ista
155 1642 258 1688 plaga
284 1642 378 1688 magi
400 1641 606 1677 defecerunt
625 1641 721 1688 (nam
740 1641 853 1688 plagae
878 1646 1066 1687 coeperunt
1080 1650 1125 1683 cx

67 1712 138 1748 quo
159 1713 250 1748 aqua
275 1702 310 1736 in
339 1701 549 1748 sanguinem
571 1711 673 1736 versa
694 1700 764 1747 est)
786 1706 822 1736 ct
848 1701 982 1736 sentire
1005 1706 1041 1736 et
1064 1710 1127 1735 ex-

68 1762 203 1809 plicare
220 1762 360 1798 difficile
379 1767 446 1797 est.
467 1761 638 1797 Poterant
659 1762 755 1797 enim
773 1767 809 1796 et
830 1761 864 1796 in
886 1762 1003 1807 primo
1023 1761 1126 1807 signo

69 1822 233 1863 delicere,
263 1822 322 1857 ubi
355 1822 389 1857 in
423 1827 626 1867 serpentem
654 1822 752 1868 virga
785 1832 959 1857 conversa
986 1830 1059 1863 est,
1090 1828 1127 1857 et

70 1883 103 1919 in
124 1883 239 1929 prima
257 1883 374 1930 plaga,
395 1882 455 1918 ubi
482 1894 575 1928 aqua
596 1883 631 1918 in
664 1883 875 1929 sanguinem
906 1888 1127 1919 commutata

69 1950 143 1988 cst,
164 1945 255 1981 etin
289 1945 445 1981 secunda
476 1945 519 1980 ‹le
547 1945 658 1988 ranis,
688 1945 718 1980 si
744 1945 814 1980 hoc
842 1944 969 1980 suisset
995 1944 1126 1990 digitus

70 2007 146 2050 Dei,
169 2007 203 2042 id
233 2011 286 2043 est
318 2007 465 2053 spiritus
486 2006 562 2042 Dei.
586 2006 673 2050 Quis
703 2006 798 2051 enim
831 2005 1125 2042 dcmcntissimus

1194 1209 1263 1245 mis
1296 1209 1456 1245 insolens
1480 1214 1516 1245 et
1546 1209 1744 1256 inquietum
1772 1209 1906 1245 animal
1927 1215 1998 1252 est,
2019 1209 2055 1245 in
2085 1219 2155 1255 qua
2180 1209 2265 1255 quid

1194 1270 1290 1306 aliud
1311 1282 1421 1317 quam
1441 1271 1642 1307 insolentes
1662 1281 1759 1307 curae
1778 1270 2045 1307 desideriorum
2063 1269 2264 1306 carnalium

1193 1331 1454 1378 designantur?
1471 1331 1651 1378 AEgyptus
1674 1341 1760 1377 ergo
1781 1331 1915 1367 muscis
1936 1330 2156 1377 percutitur,
2178 1330 2265 1375 quia

1194 1400 1319 1426 eorum
1338 1391 1448 1427 corda
1468 1392 1529 1437 qui
1546 1392 1613 1428 boc
1629 1392 1802 1428 saeculum
1817 1391 1982 1437 diligunt,
2000 1391 2264 1427 desideriorum

1194 1462 1346 1488 suorum
1372 1452 1684 1498 inquietudinibus
1707 1452 1856 1489 feriunt.
1890 1452 2007 1489 Porro
2029 1453 2266 1500 Septuaginta

1194 1513 1412 1559 interpretes
1434 1525 1657 1560 cynomyam,
1676 1514 1712 1550 id
1733 1520 1790 1551 est
1820 1515 1989 1550 caninam
2019 1525 2181 1550 muscam
2202 1524 2266 1560 po-
2294 1535 2300 1539 ·

1195 1581 1454 1621 suerunt:per
1490 1586 1598 1621 quam
1625 1576 1747 1612 canini
1782 1586 1903 1613 mores
1933 1576 2199 1622 significantur,
2229 1577 2266 1612 in

1194 1635 1325 1682 quibus
1345 1636 1513 1672 humanae
1540 1636 1672 1672 mentis
1693 1636 1860 1672 voluntas
1881 1641 1917 1671 et
1936 1635 2047 1672 libido
2068 1636 2188 1672 carnis
2209 1647 2266 1672 ar-

1195 1697 1329 1743 guitur.
1342 1697 1467 1733 Potest
1477 1698 1620 1743 quidem
1632 1698 1700 1733 hoc
1710 1697 1790 1734 loco
1804 1697 2012 1744 significare
2022 1698 2130 1734 etiam
2140 1709 2266 1734 musca

1195 1759 1324 1794 canina
1349 1758 1532 1795 sorensem
1566 1759 1753 1795 hominum
1777 1760 2021 1805 eloquentiam
2037 1787 2046 1804 ‚
2071 1771 2142 1807 qua
2168 1752 2265 1797 vetut

1195 1829 1304 1854 canes
1323 1819 1540 1854 alterutrum
1562 1829 1600 1855 se
1618 1819 1795 1854 lacerant.
1825 1818 1964 1855 Vocavit
1985 1827 2101 1855 autem
2120 1819 2265 1856 Pharao

1197 1878 1344 1925 Moysen
1372 1884 1404 1914 et
1437 1879 1579 1923 Aaron,
1609 1886 1640 1914 et
1663 1880 1712 1914 ait
1739 1879 1809 1915 illis
1833 1889 1844 1914 :
1871 1879 1941 1924 Ite,
1964 1881 2164 1926 sacrificate
2194 1881 2266 1917 Deo

1195 1946 1306 1975 vestro
1330 1940 1368 1975 in
1397 1946 1490 1975 terra
1511 1941 1590 1975 hac.
1613 1940 1767 1976 Nolcbat
1787 1941 1884 1976 enim
1909 1950 1971 1977 eos
1992 1941 2045 1977 ire
2077 1953 2148 1989 quo
2170 1943 2266 1979 dice-

1195 2000 1297 2044 bant,
1317 2001 1379 2037 sed
1405 2006 1445 2037 ut
1470 2001 1543 2038 illic
1571 2001 1607 2036 in
1636 2000 1796 2048 AEgypto
1829 2002 2085 2046 immolarent,
2106 2004 2263 2040 volebat.

71 2068 216 2111 dixerit,
245 2068 394 2115 digitum
419 2068 483 2103 Dei
509 2067 544 2103 in
565 2068 632 2103 hoc
657 2067 759 2114 signo
787 2067 948 2113 potuisse
974 2072 1126 2102 conatus
1145 2061 1174 2101 C
1196 2061 1273 2100 Hoc
1297 2063 1492 2099 ostendunt
1510 2064 1623 2100 verba
1645 2063 1756 2111 Moysi
1787 2075 1867 2111 quae
1889 2071 2104 2110 sequuntur,
2126 2067 2187 2102 ubi
2212 2068 2264 2103 di-

71 2140 256 2178 magorum
284 2129 472 2176 impedire,
494 2135 531 2165 et
556 2129 591 2164 in
624 2128 870 2175 superioribus
902 2127 1128 2174 nequivisse?

73 2191 226 2227 Omnino
246 2201 331 2238 ergo
350 2196 449 2227 certa
476 2201 582 2226 causa
604 2196 660 2226 est
679 2201 792 2236 quare
814 2190 874 2226 illa
896 2190 1127 2242 sacerehnc-

73 2260 186 2296 usque
220 2251 384 2297 permissi
410 2256 504 2286 sunt.
539 2249 821 2287 Commendatur
846 2251 942 2287 enim
976 2250 1129 2286 sortasse

73 2311 232 2347 Trinitas
249 2323 257 2346 :
275 2317 310 2346 et
328 2312 423 2357 quod
440 2322 563 2347 verum
585 2317 654 2355 est,
671 2312 801 2348 summi
820 2312 1023 2358 philosophi
1043 2323 1130 2358 gen-

73 2372 174 2414 tium,
192 2378 363 2420 quantum
385 2373 418 2408 in
435 2383 559 2409 eorum
578 2373 708 2408 litteris
728 2373 930 2419 indagatur,
953 2374 1029 2409 sine
1051 2373 1130 2419 Spi-

74 2434 144 2470 ritu
174 2441 297 2470 sancto
318 2435 557 2480 philosophati
579 2440 675 2477 sunt,
706 2435 870 2480 quamvis
890 2435 933 2470 (lc
963 2435 1072 2471 Patre
1094 2441 1130 2470 ct

73 2493 162 2530 Filio
182 2505 252 2530 non
271 2501 471 2538 tacuerunt,
504 2497 598 2541 qttod
628 2497 735 2532 etiam
763 2497 935 2543 Didymus
968 2497 1002 2531 in
1035 2497 1128 2531 libro

74 2567 138 2592 suo
159 2558 320 2592 meminit
348 2568 453 2602 quem
482 2558 625 2603 scripsit
645 2558 687 2593 dc
717 2557 854 2602 Spiritu
887 2563 1026 2593 sancto.
1059 2557 1130 2604 (Ex

74 2614 243 2659 Isidoro.)
276 2615 424 2661 Mystico
454 2622 586 2657 autem,
607 2617 699 2651 sicut
720 2617 931 2651 ‹onciliatns
950 2622 986 2651 et
1004 2617 1130 2661 placa-

76 2682 132 2711 tus
152 2674 307 2720 Spiritus
325 2681 470 2711 sanctus
491 2677 651 2721 requiem
671 2682 818 2722 praestat
836 2678 983 2713 mitibus
1004 2683 1040 2713 et
1061 2678 1128 2717 hu-

75 2737 219 2772 milibus
238 2737 357 2779 corde,
379 2736 429 2771 ita
460 2738 663 2772 contrarius
687 2743 724 2772 et
752 2738 938 2780 adversus,
972 2739 1130 2775 immites

76 2807 118 2834 ac
136 2798 308 2844 superbos
326 2796 573 2843 inquietudine
593 2799 762 2844 exagitat.
780 2798 893 2842 Quam
913 2800 1130 2845 inquietudi-

76 2867 156 2894 nem
194 2867 327 2893 muscae
357 2857 426 2893 illae
459 2858 680 2894 brevissimae
713 2859 1026 2906 significaverunt,
1062 2861 1129 2897 sub

76 2920 204 2967 quibus
226 2920 318 2966 magi
335 2919 536 2956 Pharaonis
553 2920 762 2956 defecerunt
780 2921 964 2958 dicentes:
985 2921 1127 2969 Diyitus

77 2979 139 3016 Dei
159 2990 207 3016 est
224 2981 293 3016 hic.
399 2972 403 2976 ³

464 3042 615 3079 CAPUT
642 3043 734 3080 XVI.

410 3102 463 3138 De
481 3105 608 3139 muscis
631 3104 788 3151 prolatis.

68 3167 70 3170 '
124 3161 221 3200 Dixit
241 3175 374 3212 quoque
393 3164 565 3201 Dominus
583 3166 629 3200 ad
650 3165 823 3213 Moysen:
843 3165 1020 3214 Consurye
1038 3167 1131 3203 dilu-

62 3213 172 3291 ’μείω
197 3229 230 3259 et
256 3230 310 3259 sta
339 3235 457 3260 coram
491 3225 690 3260 Pharaone.
723 3225 934 3272 Eyredietur
961 3228 1052 3262 enim
1085 3228 1131 3264 ad

62 3275 115 3326 ‘jn
132 3294 202 3330 as,
216 3290 248 3319 et
263 3284 356 3321 dices
376 3285 422 3320 ad
441 3296 546 3320 eum:
567 3284 653 3320 Hoec
669 3285 752 3321 dicit
772 3286 972 3322 Dominus.
989 3287 1132 3323 Dimitte

66 3334 244 3406 Quium
265 3356 379 3380 meum
401 3351 438 3380 ut
457 3345 628 3391 sacrificet
647 3345 745 3382 mihi.
768 3345 871 3389 Quod
895 3346 925 3382 si
942 3358 1010 3389 non
1031 3346 1135 3383 dimi-

79 3419 81 3421 ·
119 3411 143 3434 f
182 3414 274 3450 eunt,
291 3415 368 3441 ecce
392 3416 453 3452 eqo
480 3406 651 3442 immitam
677 3406 714 3442 in
738 3412 770 3442 te
792 3413 825 3442 et
843 3406 880 3442 in
899 3418 1014 3450 servos
1039 3413 1132 3457 tuos,

135 3461 138 3474 ¹
215 3466 303 3503 lum
325 3473 425 3504 tuum
450 3474 483 3504 et
504 3468 541 3510 in
563 3467 684 3504 domos
703 3474 797 3512 tuas,
815 3479 916 3504 omne
932 3478 1038 3515 qenus
1058 3459 1136 3503 mu-

154 3523 159 3533 ”
182 3554 192 3564 .
208 3544 253 3581 '.
235 3533 296 3563 :et
320 3526 555 3575 implebuntur
581 3538 700 3564 omnes
728 3528 852 3573 dantus
882 3527 1133 3574 AEyyptiorum

187 3576 205 3585 ⁴
235 3595 258 3614 ’τ’
273 3589 352 3627 vrsi
378 3589 542 3636 generis:
559 3595 593 3626 et
610 3589 772 3627 universa
796 3595 890 3626 terra
917 3589 953 3633 in
972 3600 1043 3636 qua
1059 3589 1135 3635 [ue-

301 3688 316 3704 .·
352 3691 357 3694 ,
386 3667 390 3680 2
410 3649 605 3696 mirabilem
624 3650 663 3687 in
679 3650 737 3687 die
752 3649 819 3687 itta
841 3657 972 3687 terram
990 3648 1133 3694 Gessen,

165 3725 169 3739 ⁴
192 3744 198 3750 .
231 3746 232 3749 ,
377 3706 587 3766 qenai,
606 3716 648 3747 ut
665 3722 736 3749 non
759 3711 831 3748 sint
856 3711 906 3747 ihi
929 3721 1080 3755 muscae:
1102 3717 1135 3747 et

210 3766 223 3791 ¹*
247 3771 269 3799 ‘-
392 3765 629 3819 ‘²th
649 3773 688 3811 in
710 3772 969 3827 medioterroe5
994 3783 1136 3820 ponam-

1198 2124 1260 2167 cit,
1280 2134 1351 2160 non
1370 2135 1474 2170 posse
1494 2124 1572 2160 fieri
1591 2131 1738 2172 propter
1764 2126 2052 2162 abominationes
2073 2125 2262 2174 AEgyptjo-

1197 2196 1290 2221 rum.
1313 2185 1374 2222 Sic
1406 2186 1503 2221 enim
1533 2186 1706 2232 scriptum
1727 2192 1783 2222 est
1808 2199 1815 2222 :
1839 2186 1885 2222 Et
1906 2187 1955 2223 ait
1979 2187 2119 2234 Moyses
2146 2198 2158 2223 :
2180 2188 2263 2223 Non

1195 2253 1307 2294 potest
1325 2247 1374 2282 ita
1396 2247 1474 2292 fieri
1492 2259 1502 2282 :
1525 2247 1809 2283 Abominationes
1827 2248 2078 2295 AEyyptiorum
2096 2249 2262 2285 immola-

1197 2309 1308 2346 bimus
1329 2309 1479 2345 Domino
1510 2309 1582 2345 Deo
1603 2316 1734 2346 nostro.
1752 2310 1804 2346 Ac
1825 2311 1855 2347 si
1881 2312 2042 2347 diceret:
2064 2311 2143 2348 Non
2174 2321 2260 2357 pos-

1197 2383 1320 2408 sumus
1339 2382 1380 2407 ea
1401 2367 1569 2407 animalia
1587 2383 1667 2418 quxc
1692 2373 1948 2409 abominantur
1972 2373 2150 2421 AEgyptii,
2172 2384 2266 2419 prae-

1197 2433 1359 2468 sentibus
1384 2433 1455 2469 illis
1486 2434 1638 2469 Domino
1667 2434 1742 2469 Deo
1774 2438 1900 2469 nostro
1930 2434 2132 2469 immolare.
2169 2433 2264 2469 Oves

1198 2494 1293 2529 enim
1312 2492 1475 2539 AEgyptii
1492 2494 1600 2529 edere
1622 2494 1876 2540 dedignantur.
1899 2494 2001 2530 Unde
2020 2500 2056 2529 et
2078 2495 2114 2529 in
2135 2493 2264 2531 Genesi

1198 2556 1373 2601 scriptum
1401 2561 1456 2590 est
1483 2567 1491 2589 ι
1519 2554 1653 2590 Omnes
1682 2560 1848 2600 pastores
1879 2555 2001 2590 ovium
2034 2556 2264 2592 detestantur

1198 2616 1360 2663 AEgyptii
1390 2614 1493 2662 (Gen.
1513 2615 1632 2661 xm).
1659 2614 1761 2659 Quod
1789 2620 1909 2651 autem
1935 2615 2080 2660 adjecit,
2105 2616 2207 2659 Quod
2234 2617 2264 2652 si

1198 2678 1467 2714 mactaverimus
1487 2689 1527 2713 ea
1545 2688 1623 2724 quw
1645 2676 1763 2712 colunt
1778 2676 1941 2723 AEyypcti
1962 2687 2080 2712 coram
2100 2678 2148 2713 eis
2171 2677 2263 2724 lapi-

1199 2738 1300 2773 dibus
1323 2749 1384 2773 nos
1407 2737 1566 2772 obruent.
1595 2735 1770 2784 Suggillat
1795 2736 1892 2782 ipsos
1916 2736 2081 2784 gentiles,
2105 2747 2148 2772 eo
2168 2737 2263 2783 quod

1200 2799 1411 2834 animalium
1438 2798 1590 2845 figuram
1613 2808 1679 2844 pro
1700 2798 1772 2834 Deo
1797 2808 1938 2834 summo
1966 2798 2134 2834 colebant
2167 2798 2263 2844 ligno

1197 2867 1233 2897 et
1260 2861 1440 2908 lapidibus
1466 2861 1694 2909 impressam.
1713 2859 1803 2895 Nam
1832 2860 2045 2896 Ammonem
2070 2858 2195 2896 Jovem
2228 2860 2263 2895 in

1198 2924 1311 2960 ariete
1331 2923 1618 2966 venerab-autum
1639 2922 1804 2959 Anubem
1825 2923 1861 2958 in
1883 2933 1993 2966 cane3
2009 2922 2103 2969 Apin
2121 2932 2264 2968 qnoque

1201 2985 1362 3022 colentes
1380 2985 1416 3020 in
1452 2991 1570 3028 tauro,
1601 2991 1638 3021 et
1666 2990 1798 3021 caetera
1822 2990 1988 3031 portenta
2013 2985 2127 3030 magis
2155 2995 2264 3030 quam

1201 3047 1365 3090 numina,
1385 3057 1464 3097 quae
1485 3046 1561 3093 ipsa
1594 3045 1770 3093 AEgyptus
1788 3046 1885 3082 cultu
1906 3046 2077 3082 credebat
2097 3044 2264 3080 venerari

1202 3108 1345 3150 divino;
1381 3108 1535 3154 ideoque
1567 3107 1708 3154 Moyses
1733 3113 1770 3144 et
1799 3107 1921 3143 Aaron
1947 3107 2116 3143 dicebant
2150 3116 2188 3142 se
2211 3107 2263 3140 ire

1201 3168 1293 3205 velle
1311 3169 1371 3205 ubi
1389 3167 1551 3216 AEgy'ptii
1578 3180 1650 3204 non
1676 3168 1842 3204 viderent
1872 3167 2157 3203 abominationes
2179 3175 2263 3200 suas

1203 3229 1396 3265 immolari.
1418 3229 1490 3276 (Ex
1505 3229 1715 3276 Auyustino.
1721 3227 1733 3277 )
1754 3227 1830 3264 Hoc
1850 3234 1970 3263 autem
1990 3224 2262 3271 intelligendum

1198 3294 1255 3325 est
1290 3289 1440 3347 mystice
1475 3289 1694 3335 significari,
1723 3288 1819 3343 quod
1847 3297 1955 3334 supra
1977 3286 2146 3326 diximus,
2164 3284 2260 3336 quia

1199 3353 1304 3385 erant
1330 3348 1511 3396 AEgyptiis
1534 3358 1621 3384 oves
1651 3354 1688 3384 et
1719 3353 1886 3399 pastores
1917 3355 2041 3381 earum
2072 3343 2260 3379 abomina-

1197 3407 1290 3444 biles
1305 3413 1341 3445 et
1359 3409 1441 3444 ideo
1458 3413 1663 3463 separatam
1684 3412 1819 3443 terram
1846 3403 2019 3439 Israelitae
2043 3407 2260 3448 acceperunt

1200 3478 1284 3514 cum
1309 3473 1486 3505 venerunt
1518 3468 1556 3503 in
1579 3466 1789 3512 AEgyptum.
1810 3462 1872 3499 Sic
1900 3463 1999 3500 enim
2025 3468 2062 3500 et
2079 3462 2260 3500 sacrificia

1198 3527 1446 3578 Israelitarum
1461 3525 1748 3562 abominationes
1764 3525 1849 3559 sunt
1865 3522 2056 3571 AEgypOEs,
2076 3521 2171 3559 sicut
2190 3521 2260 3557 ini-

1202 3588 1284 3636 quis
1317 3587 1392 3624 vita
1420 3588 1616 3634 justorum.
1643 3584 1717 3633 (Ex
1747 3583 1947 3632 Greyorio.)
1979 3582 2106 3621 Sancti
2127 3582 2261 3630 quippe

1202 3649 1271 3686 viri
1288 3647 1443 3684 Domino
1469 3655 1557 3683 oves
1580 3644 1752 3695 offerunt,
1777 3643 1864 3694 quia
1893 3643 2148 3699 simplicitates
2173 3650 2260 3679 suas

1202 3707 1439 3756 omnipotenti
1470 3706 1546 3744 Deo
1577 3700 1799 3751 sacrificium
1828 3703 2037 3755 ostendunt.
2067 3701 2142 3752 Sed
2171 3702 2260 3741 oyes

1204 3770 1459 3808 abominantur
1471 3766 1648 3816 AEgyptii,
1662 3767 1748 3815 quia
1760 3767 1860 3821 cives
1876 3764 1992 3825 httjus
2000 3762 2126 3804 sentit
2135 3761 2263 3813 aspera
