2540 4016
0 3829 50 3893 ‘³3

0 3900 49 4016 ‘i

189 188 204 203 ”
235 212 305 252 ns

651 200 691 238 Β.
719 198 888 238 RABANJ
915 197 1061 236 Manat
1085 191 1299 233 ARCHIEP.
1326 190 1536 230 MOGUNT.
1561 190 1755 230 omnm!
1779 191 1902 229 PARS
1925 190 1953 228 Ι.
2333 187 2403 227 416

232 287 428 324 libertatem
449 277 755 316 tribuat'alterius
784 274 1037 322 discipulatum
1066 269 1241 309 subeundi
1259 280 1268 305 :
1287 267 1325 310 A
1340 267 1594 305 emendatione
1615 269 1815 306 secundum
1842 269 1931 316 legis
1955 265 2128 304 mandata
2143 292 2154 311 ,
2183 275 2248 313 per
2267 265 2419 312 iidem,

231 355 275 383 ne
284 342 381 379 torte
397 349 464 386 pro
481 338 559 385 ejus
576 338 707 374 animae
725 337 887 380 interitu,
907 345 988 372 cum
1008 334 1075 371 sibi
1098 333 1270 379 injustam

229 399 464 441 obedientiam
482 397 689 444 impendere
708 397 847 443 exigat,
877 396 953 441 ipse
971 404 1038 440 pro
1057 394 1127 430 hoc
1144 402 1271 440 poenas

228 464 395 510 gehennae
413 459 509 496 luere
532 463 696 505 cogatur.
723 456 764 494 Si
788 457 848 493 bos
868 467 978 492 cornu
997 456 1135 503 petierit
1158 457 1270 492 virum

227 531 286 560 aut
303 522 492 564 mulierem,
516 527 548 557 et
567 520 695 556 mortui
715 519 858 565 suerint,
885 517 1060 566 lapidibus
1078 518 1271 555 obruetur:

226 590 256 619 et
273 594 339 619 non
357 581 573 618 comedentur
594 590 715 615 carnes
738 578 836 626 ejus:
858 578 1020 614 dontinus
1039 583 1157 615 autem
1178 578 1271 614 bovis

225 644 383 679 innocens
400 641 476 677 erit.
501 639 601 684 Quod
626 638 656 675 si
681 639 739 674 bos
765 644 955 685 cornupeta
975 638 1042 684 suit
1069 638 1111 674 ab
1138 639 1214 674 heri
1239 645 1272 675 et

227 702 484 745 nudiustertius,
514 707 545 736 et
576 699 758 735 contestati
787 705 868 735 sunt
886 699 1068 735 dominum
1087 698 1179 745 ejus,
1212 710 1272 735 nec

227 763 362 798 reclusit
388 773 484 803 cum,
521 760 750 806 occideritque
781 759 895 795 virum
924 765 985 794 aut
1013 758 1212 801 mulierem,
1239 764 1272 794 et

227 825 285 860 bos
311 823 479 870 lapidibus
505 822 681 863 obruetur,
708 827 738 856 et
763 821 944 856 dominum
970 819 1067 855 illius
1093 819 1272 862 occident,

227 890 261 920 et
281 890 421 920 caetera.
445 881 618 929 (Auqust.)
633 880 685 916 Ad
701 879 877 926 justitiam
896 879 1067 927 pertinet,
1086 884 1125 915 ut
1140 878 1274 915 animal

227 943 427 979 hominibus
447 941 589 977 noxium
607 940 826 987 perimatur;
849 945 885 976 et
904 939 999 986 quod
1019 939 1063 975 de
1086 945 1189 974 tauro
1209 948 1275 984 po-

226 1004 331 1039 situm
349 1008 413 1046 est,
429 1013 448 1038 a
466 1008 564 1048 parte
582 1007 694 1037 totum
712 1001 983 1047 intelligendum
999 1005 1055 1036 est
1070 1011 1078 1034 z
1099 998 1274 1045 quidquid

227 1064 262 1100 in
283 1065 469 1111 pecoribus
486 1064 564 1100 usui
594 1064 750 1100 humano
772 1062 955 1099 subditum
974 1089 984 1106 ,
1017 1061 1189 1098 infestum
1219 1065 1275 1098 est

226 1124 440 1161 hominibus.
469 1123 537 1160 Sed
559 1124 587 1160 si
607 1133 753 1160 necesse
771 1128 828 1160 est
847 1122 977 1166 occidi,
999 1122 1161 1169 nunquid
1180 1121 1273 1167 lapi-

1340 338 1443 376 spem
1459 333 1497 366 et
1512 329 1731 367 charitatem
1746 329 1942 366 emendare
1959 327 2085 372 debet3
2107 336 2175 364 nec
2192 337 2264 364 non
2283 332 2320 364 et
2335 336 2403 365 au·-

1340 396 1480 428 ctorem
1498 390 1662 435 sceleris,
1683 391 1786 428 duris
1803 391 2007 438 disciplinis
2026 392 2226 439 corripere,
2241 391 2302 438 qui
2316 401 2404 429 con-

1341 459 1397 490 tra
1426 452 1464 489 id
1495 453 1592 499 quod
1624 453 1803 500 scriptum
1834 458 1915 491 est:
1952 454 2139 491 Neminem
2169 454 2403 499 concutiatis,

1341 514 1514 551 neminem
1536 515 1704 559 noceatis,
1735 516 1942 562 procaciter
1959 516 2032 564 egit
2051 516 2238 564 (Joan.1);
2272 522 2310 554 et
2334 517 2405 554 itc-

1341 585 1445 611 rum:
1463 574 1567 618 Quod
1587 575 1650 610 tibi
1668 586 1739 611 non
1756 576 1806 612 vis
1825 576 1920 622 fieri,
1941 576 2043 613 alteri
2060 588 2103 614 ne
2120 578 2256 624 feceris.
2280 578 2406 616 Potest

1341 641 1377 673 et
1408 636 1514 672 aliter
1543 636 1612 672 ista
1646 638 1827 674 sententia
1858 637 2039 685 intelligi:
2071 644 2112 675 ut
2142 639 2407 686 significatione

1341 698 1446 734 bovis
1472 702 1680 744 cornupetae
1711 699 1910 744 superbum
1938 699 2050 735 animi
2078 705 2217 736 motum
2247 701 2405 746 accipia-

1342 769 1451 796 mus:
1479 769 1586 804 qnem
1613 758 1643 794 si
1669 759 1836 795 dominus
1863 769 1971 803 suus,
1996 760 2066 796 hoc
2090 765 2148 796 est
2172 760 2320 806 spiritns
2345 761 2407 806 qui

1343 826 1442 858 recte
1461 821 1583 857 debuit
1610 821 1646 856 in
1673 822 1820 858 homine
1843 822 2043 868 principari
2068 832 2141 859 non
2163 823 2405 869 constringit,

1342 887 1379 918 et
1403 888 1553 929 propter
1581 883 1678 918 viam
1708 894 1809 920 suam
1840 883 2079 928 spiritualiter
2104 885 2295 921 animabus
2320 884 2409 921 tacit

1343 942 1547 985 interitum,
1566 942 1623 978 vel
1642 943 1854 988 corporibus
1872 943 2003 989 ingerit
2021 944 2306 988 incommodum,
2327 955 2410 981 rea-

1343 1009 1402 1040 tus
1420 1004 1567 1041 sceleris
1586 1004 1764 1041 redundat
1783 1005 1818 1040 in
1839 1010 2025 1041 auctorem
2043 1006 2150 1042 simul
2168 1012 2203 1042 ct
2220 1007 2407 1043 custodem

1344 1064 1454 1108 illius,
1475 1065 1535 1110 qui
1556 1074 1637 1100 eum
1657 1065 1852 1111 prohibere
1872 1066 2008 1109 debuit,
2031 1072 2068 1102 et
2086 1077 2156 1103 non
2178 1066 2275 1103 fecit.
2306 1067 2409 1104 Unde

1346 1124 1536 1170 Scriptura
1569 1125 1689 1161 dicit:
1727 1125 1833 1161 Omni
1867 1127 2028 1162 custodia
2061 1138 2160 1163 serva
2194 1139 2254 1163 cor
2282 1134 2408 1171 tuum,

228 1185 332 1221 dari?
362 1185 452 1230 Quid
471 1186 619 1222 interest
637 1185 734 1221 enim
763 1184 897 1221 animal
921 1184 1017 1230 quod
1042 1183 1277 1220 auferendum
1295 1186 1328 1226 B
1346 1188 1429 1234 qnia
1455 1197 1498 1221 cx
1523 1187 1598 1233 ipso
1624 1187 1694 1222 vita
1718 1197 1779 1222 seu
1811 1197 1905 1222 mors
1928 1188 2082 1233 procedit
2115 1186 2237 1232 (Prov.
2264 1188 2328 1236 iv).
2365 1188 2411 1225 Et

227 1253 304 1290 est,
339 1257 406 1293 qua
440 1252 554 1283 morte
575 1246 787 1284 auferatur?
824 1247 960 1283 Deinde
988 1246 1085 1292 qnod
1110 1245 1273 1290 addidit,

229 1307 394 1344 carnibus
414 1306 489 1353 ejus
510 1319 580 1343 non
598 1318 677 1344 csse
696 1308 913 1344 vescendum
932 1318 1002 1354 quo
1019 1307 1190 1354 pertinet,
1206 1307 1276 1344 nisi

229 1368 347 1403 omnia
367 1368 433 1404 ista
451 1369 650 1415 significent
667 1369 779 1414 aliud,
798 1370 895 1417 quod
914 1369 1102 1416 Scriptura
1121 1370 1277 1406 maxime

230 1428 321 1465 solet
339 1429 493 1466 intueri?
513 1430 617 1466 Bovis
636 1442 721 1477 ergo
742 1422 887 1468 nomine
905 1436 1099 1468 contumax
1119 1430 1277 1476 discipu-

230 1487 284 1524 lus
302 1489 461 1525 denotari
479 1495 619 1535 potest:
642 1491 703 1538 qui
721 1501 784 1538 per
803 1491 936 1528 fastum
954 1491 1131 1538 superbiae
1148 1490 1276 1534 laniat,

231 1549 413 1596 etreliqua
427 1560 555 1597 pecora
570 1552 687 1598 gregis
700 1552 876 1589 Dominici
896 1552 1055 1588 infestat.
1078 1551 1175 1588 Talis
1191 1562 1278 1598 ergo

233 1610 261 1645 si
283 1610 393 1647 inscio
413 1612 585 1658 magistro
606 1613 761 1658 aliquem
779 1613 898 1649 virum
921 1618 983 1648 aut
1003 1612 1189 1655 feminam,
1211 1614 1279 1649 hoc

234 1674 288 1704 est
309 1670 501 1715 quemlibet
519 1670 649 1707 sortem
668 1677 729 1707 aut
747 1672 943 1716 infirmum,
964 1683 1074 1709 cornu
1093 1674 1281 1718 proterviae

236 1737 310 1764 suae
327 1728 536 1774 perfoderit,
555 1735 589 1766 et
608 1731 660 1766 eis
679 1737 830 1768 mortem
850 1732 979 1768 animae
1000 1733 1172 1776 intulerit,
1193 1733 1283 1780 lapi-

238 1787 341 1824 dibus
361 1789 456 1825 durae
475 1791 659 1827 sententiae
675 1792 867 1836 obruatur;
894 1798 929 1829 et
954 1803 1026 1830 non
1050 1793 1282 1830 comedentur

237 1858 365 1885 carnes
382 1848 473 1894 ejus,
501 1850 568 1887 hoc
588 1856 644 1887 est
665 1861 736 1888 non
758 1852 945 1890 imitentur
965 1859 1066 1890 actus
1086 1853 1176 1899 ejus.
1210 1854 1282 1890 Do-

238 1906 355 1944 minus
375 1914 494 1944 autem
524 1910 626 1947 bovis
656 1911 753 1948 illius
775 1913 825 1949 ita
844 1913 1016 1949 innocens
1043 1923 1123 1948 esse
1150 1913 1283 1958 proba-

238 1965 345 2010 bitur,
380 1969 409 2004 si
439 1979 555 2016 neque
585 1980 778 2015 consensu,
811 1981 928 2018 neque
960 1972 1110 2008 consilio
1141 1971 1286 2008 fovebat

239 2033 356 2064 actum
371 2028 465 2065 illius
477 2042 485 2064 ε
497 2030 579 2076 quia
588 2030 729 2067 dicente
743 2029 894 2067 Domino
911 2031 1056 2067 :Anima
1071 2042 1149 2078 quoe
1165 2042 1285 2078 pecca-

1346 1250 1433 1286 item
1454 1263 1461 1285 :
1489 1250 1558 1286 Cor
1578 1250 1729 1286 hominis
1756 1251 1907 1297 disponit
1932 1251 2024 1287 viam
2050 1262 2152 1287 suam
2173 1250 2295 1299 (Prov.
2317 1251 2409 1299 xvi).

1344 1311 1391 1347 Et
1411 1312 1520 1347 item:
1540 1311 1609 1346 Cor
1623 1311 1790 1357 sapientis
1807 1312 1940 1347 erudiet
1962 1323 1999 1347 os
2019 1312 2122 1358 ejus:
2142 1319 2173 1347 et
2192 1312 2295 1348 labiis
2312 1311 2412 1348 illius

1344 1372 1450 1408 addet
1471 1372 1621 1418 qratiam
1641 1372 1783 1419 (ibid).
1823 1372 1867 1407 Et
1893 1372 2006 1408 alibi:
2040 1373 2090 1409 De
2119 1373 2248 1419 fructu,
2279 1374 2412 1420 inquit,

1346 1433 1417 1468 oris
1436 1433 1501 1468 viri
1539 1432 1728 1478 replebitur
1745 1439 1862 1468 venter
1881 1433 1970 1479 ejus,
1993 1439 2025 1469 et
2042 1434 2218 1480 qenimina
2237 1434 2412 1471 labiorum

1346 1492 1422 1539 ejus
1456 1493 1667 1528 saturabunt
1687 1505 1779 1530 eum.
1809 1493 1847 1529 Si
1865 1494 1943 1540 quis
1963 1496 2138 1540 aperuerit
2161 1495 2363 1538 cisternam,
2381 1502 2413 1532 et

1349 1553 1490 1599 foderit,
1505 1560 1537 1590 et
1555 1566 1623 1589 non
1638 1556 1813 1600 operuerit
1833 1566 1924 1598 eam,
1944 1555 2175 1602 cecideritque
2192 1556 2251 1591 bos
2271 1556 2323 1592 vel
2343 1557 2415 1592 asi-

1349 1625 1414 1650 nus
1433 1614 1470 1649 in
1490 1625 1580 1657 eam,
1603 1614 1766 1650 dontinus
1785 1615 1947 1651 cisternoe
1968 1616 2088 1651 reddet
2108 1616 2257 1662 pretium
2271 1616 2414 1662 jumen-

1350 1679 1465 1710 torum
1483 1700 1492 1716 ,
1526 1680 1562 1710 et
1593 1681 1724 1711 caetera
1753 1675 1876 1723 (Prov.
1896 1675 2014 1723 xvni).
2058 1676 2150 1720 Quid
2182 1683 2238 1712 est
2270 1678 2414 1723 aperire

1351 1734 1543 1770 cisternam
1562 1762 1570 1777 ‚
1605 1735 1674 1771 nisi
1705 1735 1887 1771 intellectu
1915 1735 2035 1772 valido
2067 1735 2266 1783 Scripturae
2299 1748 2414 1775 sacrae

1352 1804 1484 1829 arcana
1499 1795 1715 1839 penetrare?
1733 1793 1826 1837 Quid
1843 1799 1962 1829 autem
1976 1804 2042 1840 per
2055 1795 2184 1831 bovem
2203 1801 2239 1831 et
2255 1797 2413 1841 asinum,

1354 1854 1391 1889 id
1412 1860 1466 1889 est
1480 1880 1490 1897 ,
1511 1854 1703 1894 mundum,
1731 1858 1768 1888 et
1790 1853 2014 1889 immundum
2034 1854 2187 1898 animal,
2210 1855 2278 1891 nisi
2297 1856 2414 1894 fidelis

1354 1914 1507 1959 quisque
1524 1913 1581 1948 vel
1602 1913 1757 1949 infidelis
1781 1914 1986 1959 accipitur?
2021 1915 2090 1959 Qui
2110 1926 2198 1962 ergo
2217 1916 2414 1954 cisternam

1355 1974 1446 2010 fodit
1471 1979 1506 2010 ct
1530 1975 1738 2020 cooperuit,
1766 1986 1812 2012 ne.
1835 1976 1922 2012 illuc
1940 1976 2005 2012 bos
2024 1976 2080 2012 vel
2102 1977 2224 2013 asinus
2242 1983 2344 2021 ruat,
2378 1979 2414 2016 id

1356 2039 1426 2077 est,
1441 2035 1502 2080 qui
1523 2034 1559 2070 in
1579 2045 1683 2071 sacro
1702 2034 1845 2081 eloquio
1859 2035 1936 2081 jam
1956 2036 2028 2072 alta
2047 2036 2227 2083 intelligit,
2243 2039 2415 2077 sublimes

240 2088 338 2130 verit,
357 2089 430 2134 ipsa
448 2089 642 2124 morietur:
663 2095 694 2125 et
709 2091 850 2136 justitia
865 2091 955 2137 justi
974 2102 1078 2138 super
1095 2102 1173 2126 eum
1189 2092 1282 2127 erit:
1303 2084 1333 2126 C
1354 2104 1482 2132 sensus
1498 2105 1621 2132 coram
1637 2106 1709 2132 non
1726 2097 1987 2142 accipientibus
2006 2107 2071 2144 per
2088 2097 2271 2134 silentium
2290 2104 2386 2146 tegat
2403 2112 2412 2136 :

242 2152 274 2181 et
298 2146 453 2191 impietas
479 2147 575 2193 impii
598 2148 663 2183 erit
687 2159 790 2196 super
828 2161 906 2186 eum
924 2150 1068 2197 (Ezech.
1088 2150 1207 2197 xvni).
1245 2150 1285 2188 Si

243 2210 363 2241 autem
382 2206 553 2252 magister
569 2214 605 2244 et
625 2209 749 2246 doctor
767 2210 856 2247 tales
877 2211 1042 2258 discipuli
1060 2222 1179 2249 mores
1199 2213 1286 2250 scie-

243 2263 326 2308 bat,
350 2270 388 2301 et
406 2276 426 2301 3
447 2265 647 2315 Scripturis
666 2270 777 2307 sacris
795 2282 890 2319 saepe
913 2278 1137 2310 contestatus
1161 2284 1286 2310 curam

243 2323 366 2363 infesti
393 2329 533 2374 pecoris
558 2330 692 2368 habere
710 2333 936 2381 negligebat,
965 2334 1042 2382 jam
1067 2341 1170 2372 actus
1192 2337 1287 2374 illius

244 2387 421 2435 particeps
436 2388 565 2435 sactus,
581 2402 696 2439 poenae
712 2394 808 2432 illius
823 2396 946 2442 utique
963 2397 1093 2434 merito
1106 2399 1287 2445 particeps

244 2448 312 2484 erit
329 2457 339 2484 t
358 2449 454 2495 quia,
486 2454 682 2489 secundum
699 2453 911 2502 Apostolum
925 2483 936 2501 ,
972 2468 1044 2494 non
1076 2458 1192 2495 solum
1224 2459 1287 2505 qui

245 2508 336 2546 male
355 2508 502 2555 faciunt,
525 2513 587 2549 sed
605 2514 712 2550 etiam
731 2515 791 2561 qui
809 2517 1039 2554 consentiunt
1057 2517 1284 2564 facientibus,

244 2568 339 2616 digni
358 2576 441 2607 sunt
458 2578 586 2610 morte.
613 2573 715 2618 Quod
733 2576 765 2612 si
780 2578 929 2624 pretium
951 2579 984 2615 ei
1009 2579 1115 2625 suerit
1140 2581 1287 2627 imposi-

246 2634 332 2672 tum,
350 2630 443 2666 dabit
468 2642 530 2677 pro
546 2634 664 2670 anima
681 2646 745 2671 sua
759 2637 928 2685 quidquid
949 2639 1054 2684 suerit
1075 2641 1286 2687 postulatus.

246 2687 490 2736 Eleemosynis
506 2692 628 2739 utique
645 2700 683 2730 et
698 2695 812 2742 dignis
828 2699 1048 2742 poenitentiae
1063 2701 1251 2747 fructibus,
1266 2715 1288 2740 a

247 2754 418 2794 perpetua
438 2754 553 2788 morte
574 2762 612 2788 se
634 2752 781 2790 festinet
803 2754 969 2793 liberare.
1003 2757 1138 2795 Filium
1154 2773 1288 2808 quoque

247 2815 279 2845 et
296 2809 407 2855 filiam
424 2812 455 2848 εἰ
473 2823 581 2850 cornu
598 2816 819 2861 percusserit,
844 2817 951 2853 simili
970 2821 1147 2856 sententioe
1165 2823 1290 2867 subja-

249 2869 349 2906 cebit.
380 2871 420 2908 ln
441 2872 505 2910 sslii
526 2874 584 2910 vel
606 2874 688 2912 tiliae
709 2876 877 2921 nomine,
903 2887 1010 2924 quem
1033 2882 1291 2927 congruentius

249 2937 438 2976 possumus
461 2932 646 2980 accipere,
672 2945 780 2981 quarn
798 2935 931 2974 bonum
949 2939 1174 2984 auditorem,
1205 2942 1289 2986 quia

250 2997 292 3024 ea
315 2998 395 3036 φιτ,
421 2995 505 3027 sunt
532 2991 597 3029 Dei
623 2991 813 3041 diligenter
835 2996 975 3034 discere
997 3003 1103 3044 atque
1122 2999 1292 3045 operibus
1307 2982 1343 3023 D

251 3057 422 3087 exercere
439 3051 578 3097 studet,
603 3058 639 3090 et
655 3054 725 3091 hoc
741 3065 807 3102 pro
824 3057 907 3094 vitae
922 3063 1066 3095 aeternae
1084 3059 1292 3096 desiderio?

252 3106 356 3148 nunc
370 3120 512 3159 qnoque
528 3115 589 3161 qni
604 3116 835 3161 percusserit,
850 3117 1039 3157 homicidae
1051 3120 1185 3165 judicio
1202 3123 1295 3159 mul-

252 3170 382 3209 tandm
397 3172 478 3210 erit.
508 3173 612 3219 Quod
628 3181 750 3213 autom
767 3178 944 3225 nequitur,
964 3178 1004 3217 sn·
1022 3192 1159 3218 servum
1178 3183 1293 3219 ancit-

252 3228 388 3278 tamque
398 3232 575 3278 invaserit,
586 3236 731 3284 triginta
741 3237 846 3276 sicto·
860 3241 998 3287 arpenti
1014 3241 1110 3278 dabit
1124 3242 1267 3280 domino
1279 3253 1294 3279 .·

253 3289 312 3327 boo
341 3302 417 3328 vero
442 3293 618 3342 taptdtbu
643 3297 819 3336 obruetur.
855 3299 945 3346 mis
970 3311 1059 3339 vero
1089 3312 1217 3342 servus
1238 3305 1295 3342 vel

255 3350 383 3389 ancilla
396 3354 523 3393 metius
537 3356 687 3406 intelligi
700 3365 832 3406 potest.
845 3371 956 3409 quam
970 3362 1030 3400 ille
1045 3365 1120 3411 qui,
1137 3365 1175 3402 in
1190 3366 1297 3404 domo

257 3409 427 3451 wesin
442 3415 614 3463 existens,
638 3422 830 3466 praeunti:
851 3427 995 3461 unnim
1012 3424 1152 3472 diligit,
1187 3432 1225 3464 et
1248 3428 1296 3465 oh

255 3477 383 3517 um
395 3481 571 3519 «lu-mm
586 3476 747 3527 hirom
764 3486 881 3520 totu
897 3483 1094 3532 hipendit3
1120 3487 1182 3533 qui
1201 3497 1295 3525 non-

257 3527 395 3569 dun-
410 3529 564 3574 aliom-
577 3542 1128 3595 menmium-ibimus
1144 3547 1296 3586 haeredl·

259 3590 672 3643 mant-m
682 3609 844 3647 quorem
853 3605 1033 3653 affluit?
1046 3606 1139 3647 Huic
1150 3619 1298 3659 quoqne

259 3647 383 3717 1ῑοῧῦ
402 3653 817 3708 mma.
847 3664 887 3702 Ιιι
916 3666 1025 3706 robu-
1054 3678 1147 3716 (ιω
1175 3671 1299 3720 diligit

261 3705 624 3759 mbo-ai
640 3719 891 3769 intulerunt
909 3728 1048 3767 cunin
1067 3730 1301 3771 boccona-i-

262 3766 981 3859 num.m1·-0-a-p
1004 3786 1169 3836 ω...
1191 3792 1303 3843 μη

239 3919 258 3930 Q
1114 3931 1191 3941 -.ῃ

1355 2167 1400 2193 ne
1424 2167 1489 2203 per
1509 2157 1718 2193 scandalum
1738 2158 1870 2194 mentis
1890 2164 1952 2194 aut
1970 2158 2113 2195 fidelem
2137 2159 2327 2205 parvulum
2351 2166 2414 2197 ant

1355 2216 1554 2261 infidelem,
1569 2218 1628 2263 qui
1644 2218 1790 2254 credere
1805 2219 1994 2265 potuisset,
2010 2219 2209 2255 interimat.
2227 2219 2282 2256 Ex
2297 2226 2415 2257 morte

1355 2277 1450 2313 enim
1466 2277 1711 2323 jumentorum
1732 2279 1839 2315 debet
1857 2279 2013 2325 pretium
2032 2292 2040 2314 ι
2067 2279 2150 2325 quia
2169 2279 2256 2316 illud
2273 2280 2415 2317 scilicet

1356 2337 1547 2373 admisisse
1565 2338 1804 2381 convincitur,
1832 2339 1926 2374 unde
1953 2339 1997 2374 ad
2026 2339 2202 2386 agendam
2228 2341 2412 2386 poeniten-

1355 2400 1459 2443 tiam,
1475 2411 1558 2437 reus
1575 2406 1729 2437 tenetur.
1739 2401 1910 2447 Quisquis
1923 2412 2082 2449 namque
2099 2402 2145 2439 ad
2162 2402 2233 2438 alta
2250 2402 2413 2439 scientiae

1354 2460 1488 2497 fluenta
1505 2462 1731 2508 perveniens,
1752 2473 1832 2498 cum
1855 2463 1932 2499 haec
1951 2464 2045 2510 apud
2064 2463 2170 2499 bruta
2188 2463 2412 2500 audientium

1354 2523 1462 2559 corda
1488 2533 1560 2559 non
1585 2524 1768 2570 contegit,
1803 2534 1919 2570 poenae
1948 2534 2034 2561 reus
2064 2524 2260 2567 addicitur,
2288 2525 2319 2560 si
2346 2534 2414 2571 per

1353 2582 1463 2618 verba
1481 2581 1558 2628 ejus
1579 2583 1787 2619 scandalum
1809 2585 1884 2620 sive
1905 2585 2037 2621 munda
2059 2593 2208 2620 sumens
2226 2584 2413 2621 immunda

1354 2645 1529 2690 capiatur.
1552 2643 1754 2691 Operienda
1775 2651 1831 2682 est
1851 2646 1973 2693 itaque
1991 2646 2165 2690 cisterna,
2185 2646 2269 2693 quia
2288 2655 2413 2683 coram

1354 2706 1511 2752 parvulis
1528 2706 1725 2750 mentibus,
1742 2708 1895 2753 tegenda
1910 2713 1967 2743 est
1985 2708 2056 2743 alta
2073 2708 2239 2751 scientia,
2255 2718 2302 2743 ne
2317 2708 2413 2744 unde

1355 2774 1419 2801 cor
1438 2765 1643 2801 docentium
1665 2766 1710 2801 ad
1727 2776 1870 2801 summa
1894 2766 2084 2808 attollitur,
2113 2766 2196 2802 inde
2219 2766 2412 2803 infirmitas

1356 2825 1561 2861 auditorum
1592 2825 1639 2860 ad
1670 2825 1742 2860 ima
1771 2825 1963 2861 dilabatur.
2000 2825 2039 2862 Si
2060 2826 2119 2862 bos
2137 2826 2272 2863 alienus
2292 2827 2412 2864 bovem

1358 2883 1503 2919 alterius
1522 2883 1777 2928 vulneraverit,
1802 2891 1834 2920 et
1860 2885 1919 2922 iile
1937 2894 2095 2924 mortuus
2115 2889 2242 2935 suerit,
2266 2889 2411 2927 vendent

1359 2945 1477 2980 bovem
1508 2945 1643 2988 vivum,
1671 2950 1708 2980 et
1738 2945 1892 2982 divident
1923 2948 2098 2994 pretium:
2124 2949 2273 2986 cadaver
2294 2957 2412 2988 autem

1359 3010 1534 3040 mortuum
1553 3004 1642 3040 inter
1661 3016 1696 3040 sc
1715 3005 1928 3052 dispertient,
1946 3013 2015 3044 etc.
2043 3008 2223 3058 (Auqmt.)
2242 3009 2411 3057 Numquid

1361 3063 1397 3099 in
1415 3063 1491 3100 solo
1510 3069 1612 3101 tauro
1629 3066 1705 3102 haec
1717 3065 1928 3110 justificatio
1946 3070 2120 3106 servanda
2138 3074 2206 3115 est,
2223 3075 2261 3107 et
2275 3079 2348 3107 non
2365 3071 2412 3108 de

1360 3125 1519 3161 omniurn
1538 3136 1706 3172 pecorum
1726 3128 1789 3164 tali
1807 3130 1924 3165 casu?
1958 3129 2111 3168 Proinde
2130 3142 2150 3167 a
2167 3137 2271 3179 parte
2296 3137 2412 3169 totum

1361 3185 1431 3222 hoc
1454 3186 1721 3235 intelligendum
1740 3195 1809 3226 est.
1843 3190 1916 3228 Sed
1939 3191 2009 3229 hoc
2032 3193 2076 3229 de
2101 3194 2273 3231 carnibus
2296 3192 2412 3231 occisi

1361 3247 1502 3292 pecoris
1521 3248 1599 3285 fieri
1617 3258 1690 3285 non
1706 3255 1840 3295 potest,
1859 3261 1940 3298 quae
1957 3263 2031 3290 non
2047 3259 2256 3291 vescuntur.
2278 3253 2414 3302 'typice

1365 3306 1485 3344 autem
1497 3335 1508 3352 ,
1529 3308 1560 3345 si
1578 3309 1661 3354 quis
1679 3310 1747 3346 sub
1760 3311 1847 3358 jugo
1866 3312 2064 3360 disciplinae
2079 3316 2321 3361 constitutus,
2350 3325 2413 3353 so·

1364 3370 1461 3407 eimn
1477 3380 1583 3407 suurn
1602 3370 1640 3406 in
1658 3372 1737 3417 agri
1759 3372 1900 3410 cultura
1918 3375 2103 3414 Dominica
2121 3379 2290 3417 similiter
2307 3379 2414 3418 labo-v

1364 3436 1516 3474 tantem.
1534 3431 1655 3479 aliquo
1667 3434 1807 3479 peccati
1819 3435 1967 3474 vulnere
1984 3437 2165 3477 lethaliter
2178 3441 2410 3487 sauciaverit,

1364 3491 1461 3529 unde
1478 3498 1516 3529 et
1532 3493 1608 3540 ipse
1626 3493 1664 3530 in
1682 3494 1804 3531 anim
1820 3496 2012 3543 moriatur,
2028 3505 2149 3540 custos
2168 3501 2264 3540 illius
2279 3502 2414 3541 vend-t

1363 3551 1493 3590 worn
1521 3553 1642 3591 vivum
1657 3580 1668 3598 ,
1702 3555 1773 3592 hoc
1803 3560 1860 3592 est
1891 3557 2030 3605 redigat
2062 3562 2130 3600 sub
2159 3563 2413 3610 pom

1362 3612 1632 3653 mmo-nm:
1655 3616 1851 3654 mundum
1875 3617 1963 3657 illud
1978 3620 2160 3670 Apostoli,
2183 3624 2413 3667 mk·-

1356 3674 1516 3722 jumoaet
1546 3675 1725 3714 um
1755 3675 1899 3715 Suam
1929 3679 1968 3716 in
1998 3681 2178 3721 immuni
2203 3685 2414 3731 candente

1361 3733 1506 3781 mm·
1528 3733 1609 3781 ejn
1626 3734 1745 3773 naim
1762 3735 1816 3773 att
1832 3737 1875 3774 in
1901 3737 1959 3776 dio
1978 3739 2136 3782 nomint.
2168 3742 2226 3784 Et
2341 3737 2358 3747 ”

1360 3792 1712 3842 maun-nuo·
1729 3795 1926 3847 numm
1940 3802 2109 3851 mres
2121 3804 2421 3861 acosma-u
2471 3813 2476 3817 ·

1238 3920 1393 3944 φανὴ.
1416 3920 1422 3926 “
