2540 4016
0 676 3 701 Ι

53 139 67 152 ²
106 159 131 198 -ι
583 159 851 199 umanum
877 162 1028 201 suren
1056 166 1470 208 neuruaououmu.
1491 191 1542 200 -
1562 173 1648 212 Lm.
1674 175 1719 212 ιι.

43 184 189 274 ffssm
202 234 318 274 sancti
340 235 404 272 sed
421 240 644 283 peccatores.
659 236 795 274 Levitae
816 244 936 275 autem
953 241 1118 278 aurei-un-
1134 245 1170 286 A
1185 243 1320 280 odiosae
1351 243 1646 292 primogenitum,
1666 248 1835 295 dabitque
1858 253 1894 288 ei
1913 255 1956 292 de
1980 258 2036 295 his
2056 271 2135 308 quae
2161 264 2228 304 122.

44 301 54 315 '
75 295 124 336 ’ἰ
136 298 182 336 de
194 296 316 335 medio
329 295 454 340 lsrael,
471 297 554 343 quia
573 297 664 333 nihil
678 297 814 334 habent
830 309 1020 337 commune
1034 311 1117 339 cum

42 388 47 406 ÷
93 357 205 402 uta,
239 357 342 405 cuius
368 356 604 409 primogenita
639 358 827 396 saecularia
853 360 1114 399 distrahuntur.

42 407 53 425 '
67 412 79 427 ²
120 430 136 451 ¹·
159 417 293 465 egeniti
306 417 400 454 enim
419 418 538 454 saeculi
554 417 703 456 alterius
718 420 847 457 matris
861 426 958 465 sunt,
977 431 998 457 a
1015 421 1117 467 cujus

73 485 88 511 ,ῐ
124 489 164 515 ro
182 482 393 525 segregatus
414 483 466 514 est
486 478 632 524 Paulus,
662 490 746 516 cum
776 481 819 517 ad
843 481 994 528 gratiam
1010 493 1117 519 voea-

42 552 63 569 ·.
90 564 101 571 ..
118 549 160 575 ur
184 539 267 583 Dei;
295 544 331 574 et
353 539 433 575 ideo
458 539 501 575 de
522 541 640 577 medio
665 541 785 588 populi
806 549 1013 590 segregatus
1031 555 1114 582 ver-

41 605 48 619 *
72 614 85 631 ι’
109 609 144 636 ιιι
162 600 310 646 recepit,
326 600 422 646 quod
434 605 490 636 est
504 601 661 637 medium
679 602 716 637 in
733 603 841 639 corde
854 610 992 640 nostro.
1014 604 1116 642 Unde

54 651 62 657 ’
74 658 145 696 llud
163 659 299 696 dictum
313 665 369 696 est
386 671 394 695 :
420 673 432 694 ι
455 660 592 697 Medius
606 667 726 698 autem
744 669 903 699 vestrum
919 669 991 700 stat
1007 675 1115 712 quem

70 735 74 740 v
90 735 114 753 .;
138 730 210 756 ιιοιι
226 720 356 757 videtis
374 719 497 767 (Joan.
517 721 557 765 ι).
586 736 597 756 ι
621 722 699 758 Νοιι
717 724 855 760 otiosus
874 724 998 771 itaque
1012 725 1116 767 nobis

47 780 170 828 wlege
189 781 224 817 in
239 780 354 828 legem
378 791 550 818 excursus
570 782 638 818 fuit
657 795 666 819 :
685 789 726 819 ut
741 784 1017 830 primogenitum
1042 795 1115 821 non

66 859 68 862 ⁴
84 853 136 879 ;-e
155 843 318 881 amabilis
334 845 442 890 illius,
461 846 496 882 id
511 851 581 889 est,
601 846 821 883 remissioris
841 852 876 882 et
889 846 1113 892 voluptariae,

43 954 47 955 ⁷
94 905 167 941 ium
199 905 427 950 doceremus,
459 907 624 952 quamvis
655 906 796 953 praefati
829 907 975 953 capituli
1003 909 1114 945 verba

50 961 66 973 ”
80 975 124 1002 oc
154 967 370 1013 exprlmant,
408 967 548 1003 dicente
581 966 767 1012 Scriptura
791 978 799 1001 ε
831 979 843 999 ‹
867 966 943 1002 Non
979 968 1115 1013 poteris

40 1048 42 1059 ι
65 1026 166 1062 lium
185 1028 350 1063 amabilis
370 1028 592 1073 primitivum
612 1037 759 1074 ponere,
783 1037 864 1063 cum
885 1028 979 1064 scias
1001 1028 1113 1065 filium

6 1121 7 1125 ,
62 1088 196 1126 dibilis
214 1089 437 1134 primitivum
458 1098 550 1124 esse.
584 1101 596 1122 ι
624 1088 685 1123 Ille
714 1094 770 1124 est
797 1098 881 1124 vere
907 1089 1112 1135 primitivus

2 1154 10 1181 ,·
60 1149 112 1191 ιιι
133 1153 267 1185 sauetae
294 1148 420 1184 matris
441 1153 589 1185 sanctus
613 1153 668 1184 est
685 1154 808 1195 pater;
832 1149 925 1185 sicut
943 1150 1002 1186 illa
1026 1161 1112 1187 vera
1132 1148 1162 1187 B
1186 1161 1198 1182 ι
1227 1156 1448 1195 protervum,
1476 1151 1536 1197 qui
1561 1161 1632 1189 non
1663 1152 1784 1188 audiat
1806 1153 1921 1198 patris
1945 1158 2005 1189 aut
2029 1154 2155 1190 matris
2174 1154 2240 1190 im-

40 1229 43 1239 =
89 1214 168 1246 ater
193 1219 214 1244 a
233 1209 336 1255 cujus
359 1214 463 1245 utero
483 1219 554 1245 non
572 1215 676 1245 erant
703 1210 780 1245 veri
806 1209 883 1254 filii,
907 1210 967 1246 sed
984 1221 1111 1256 pccca-

40 1293 42 1302 .
73 1279 160 1305 res.
181 1269 275 1316 Ergo
295 1268 354 1305 ille
374 1279 444 1305 non
462 1279 556 1305 verae
586 1270 713 1305 matris
738 1269 848 1313 filius,
869 1281 939 1306 non
957 1272 1110 1316 primiti-

9 1352 11 1368 ι
62 1340 114 1367 ,us
133 1340 254 1374 verus,
287 1330 474 1382 sedzquasi
497 1331 702 1378 primitivus
719 1329 867 1376 juvatur
895 1336 1038 1378 sumptu
1065 1341 1111 1367 ne

70 1397 173 1438 geat3
194 1402 264 1428 non
284 1397 324 1427 ut
341 1392 441 1428 dives
459 1392 519 1435 sit,
539 1393 750 1429 honoratur.
771 1392 837 1429 Hic
863 1398 983 1429 autem
1004 1394 1107 1440 dupla

4 1479 6 1493 ι
62 1461 92 1487 ,x
111 1452 278 1488 omnibus
298 1452 450 1498 accepit,
471 1459 510 1488 ut
537 1452 719 1489 abundet:
743 1453 836 1489 sicut
855 1453 965 1489 ctiam
984 1453 1021 1490 in
1040 1453 1110 1490 Ge-

48 1513 125 1548 esi
145 1513 256 1549 hahes
279 1514 505 1559 patriarchas
531 1524 552 1550 a
573 1514 685 1551 fratre
713 1525 779 1552 suo
807 1514 939 1562 Joseph
967 1516 1110 1562 gemina

48 1571 188 1617 vingula
222 1573 313 1609 stola
350 1575 502 1610 donatos
535 1585 700 1621 munere,
730 1587 811 1613 cum
838 1577 1109 1614 remitterentur

3 1662 4 1668 ,
40 1632 93 1668 ¹<nd
111 1638 249 1679 patrem
266 1639 305 1669 ut
320 1634 566 1680 significarent
583 1635 733 1674 fratrem
758 1644 943 1685 repertum
959 1638 1115 1686 Joseph,

2 1724 11 1750 4
74 1704 155 1730 uem
162 1694 384 1731 *defunctum
398 1706 480 1734 esse
493 1698 695 1734 crediderat
712 1704 827 1744 pater.
842 1698 1109 1747 Primogenitus

77 1766 169 1802 aquc
204 1757 423 1794 haereditatis
458 1759 597 1805 accepit
631 1760 929 1807 praerogativam,
969 1761 1108 1797 dicente

77 1822 264 1867 criptura:
287 1834 299 1856 ι
328 1822 395 1859 Ηίε
424 1828 481 1859 est
503 1823 646 1859 initium
673 1823 843 1868 filiorum,
871 1830 908 1860 et
936 1824 1020 1861 huie
1048 1825 1109 1860 de-

50 1887 178 1918 flentur
206 1883 457 1929 primogenita.
485 1898 497 1919 »
519 1883 550 1919 A
571 1885 811 1932 primogenito
835 1886 944 1933 igitur
963 1885 1024 1922 Dei
1048 1885 1108 1922 Fi-

3 1964 5 1974 ,
50 1941 108 1984 ²30,
136 1943 367 1989 primogeniti
397 1944 532 1987 sancti;
554 1950 591 1981 et
617 1946 661 1981 ab
686 1945 747 1981 illo
774 1945 891 1988 initio,
918 1945 1003 1991 quia
1031 1945 1108 1992 ipse

0 2007 8 2042 ι’
69 2009 102 2041 st
131 2004 271 2041 initium
306 2011 342 2041 et
373 2005 469 2049 finis,
505 2006 647 2042 initium
684 2013 831 2043 sanctus
863 2011 1105 2053 nuncupatur.

86 2065 188 2101 ’tium
207 2065 314 2110 filius,
334 2066 392 2102 cui
411 2066 561 2103 debetur
585 2066 829 2112 primitiarum
850 2067 1102 2114 praerogativa,
1123 2061 1153 2103 C
1174 2064 1327 2102 riolandi
1355 2072 1410 2102 est
1442 2075 1656 2112 repugnare,
1681 2071 1716 2101 et
1743 2066 1845 2111 quasi
1874 2065 1992 2101 scelus
2025 2065 2237 2101 idololatriae

0 2132 12 2164 t
65 2129 240 2164 ecundum
267 2127 355 2164 illud
379 2128 423 2164 ad
445 2128 629 2164 Abraham
651 2127 812 2164 dictum:
836 2140 848 2162 ι
870 2126 970 2173 Ejice
994 2126 1106 2164 ancil-

45 2198 115 2225 Διιιι
135 2195 171 2225 ει
191 2189 304 2225 tilium
329 2189 431 2235 ejus:
454 2200 525 2227 non
548 2190 644 2226 enim
673 2189 790 2226 haeres
820 2189 892 2226 erit
923 2189 1019 2226 filius
1043 2200 1107 2226 an-

52 2249 134 2286 tllae
152 2260 233 2286 cum
252 2249 325 2287 filio
343 2260 425 2286 meo
437 2250 538 2287 Isaac
558 2248 764 2297 (Gen.xx1).
783 2262 795 2283 ι
809 2249 911 2294 Quod
927 2250 1043 2296 magis
1062 2250 1107 2286 ad

0 2312 1 2344 ὲ
55 2311 292 2348 aereditatem
323 2312 496 2348 virtutum
528 2321 636 2358 quam
661 2310 822 2358 pecuniae
858 2315 1023 2357 spectare
1052 2310 1106 2346 di-

70 2371 130 2410 ino
164 2372 310 2410 oraculo
339 2373 532 2417 docemur,
562 2373 708 2410 dicente
726 2372 879 2409 Domino
905 2384 912 2407 :
942 2384 955 2406 ι
977 2371 1107 2408 Omnia

11 2455 14 2459 ν
56 2445 269 2482 quancunque
286 2434 419 2472 dixerit
438 2435 501 2471 tibi
526 2434 629 2479 Sara,
652 2435 735 2473 audi
758 2445 886 2472 vocem
911 2435 1001 2483 cJus,
1019 2445 1109 2482 quo·

71 2493 142 2532 lam
160 2496 197 2532 in
215 2496 316 2533 Isaac
335 2497 525 2533 vocabitur
541 2497 605 2533 tibi
622 2507 745 2533 semen
762 2496 887 2545 (Ibid.)
902 2510 914 2531 ι
927 2496 1013 2540 Quae
1030 2501 1108 2532 crat

3 2577 6 2580 <
52 2553 113 2592 lla
132 2555 172 2591 in
191 2555 291 2592 Isaac
308 2556 379 2591 nisi
399 2556 591 2593 haereditas
609 2556 823 2597 sanctitatis,
843 2565 923 2602 quae
941 2554 1107 2592 nobilita-

8 2600 9 2619 ³
74 2621 102 2652 t
118 2615 282 2662 patrem?
296 2615 341 2650 Et
361 2613 474 2650 filium
494 2614 640 2660 quidem
660 2614 800 2650 ancillae
814 2624 921 2661 super
941 2615 1108 2651 nationes

58 2677 144 2719 cit,
164 2675 264 2722 quasi
287 2674 464 2721 simplicia
481 2674 673 2711 conserens
690 2674 914 2722 patrimonii.
932 2674 1024 2712 Filio
1048 2684 1109 2711 au-

0 2737 3 2744 '
58 2745 119 2773 ··m
134 2735 235 2772 Sarae
255 2734 361 2782 dupla
382 2735 493 2779 dedit,
514 2746 598 2772 cum
628 2745 701 2772 non
731 2736 848 2773 solum
880 2737 1107 2783 temporalia,

0 2799 11 2830 ‚⁴
74 2811 77 2817 ·
95 2812 101 2830 ι
123 2797 231 2834 etiam
250 2805 406 2843 superna
423 2801 460 2832 et
475 2802 649 2843 perpetua
669 2796 801 2834 collata
819 2803 916 2834 sunt.
931 2798 1035 2843 Item,
1054 2809 1109 2836 se-

0 2886 3 2902 ,
52 2884 56 2885 ⁷
78 2860 204 2896 ndum
233 2858 454 2905 allegoriam,
478 2860 587 2895 homo
611 2860 672 2896 hic
690 2859 753 2906 qui
773 2860 863 2896 duas
883 2870 1015 2897 uxores
1045 2861 1109 2896 ha-

4 3739 5 3742 *
47 3777 58 3816 j
76 3793 77 3796 ¹
98 3790 113 3841 ζ·
130 3773 206 3815 toli
224 3768 706 3825 etprimdocteresnostri.
721 3772 796 3816 Sed
811 3776 1108 3829 agnosoetfllium

71 2929 132 2958 ere
157 2920 311 2965 dicitur,
338 2919 496 2967 figurare
528 2926 647 2967 potest
678 2922 870 2958 Dominum
902 2921 1106 2966 Christum,

2160 188 2230 233 9¹8

1182 303 1304 340 buerit
1327 311 1455 342 cuncta
1474 306 1631 353 duplicia
1649 319 1657 344 ².
1678 308 1762 354 quia
1783 309 1901 357 primo
1919 311 1971 348 llll
1987 315 2082 355 dedit
2095 323 2226 372 popu„

1182 362 1299 410 legem
1316 371 1353 402 et
1370 365 1578 412 prophetas,
1605 371 1643 404 et
1670 367 1836 404 notitiam
1863 371 2019 410 nominis
2037 369 2111 422 sui}
2128 387 2166 424 et
2183 384 2228 422 ὼ

1183 432 1227 460 eo
1245 423 1340 460 idem
1364 425 1530 463 Salvator
1547 431 1668 472 natus,
1689 432 1851 473 tempore
1875 429 2130 473 incarnationis
2143 448 2230 485 sua,

1181 483 1364 529 praecipue
1388 484 1622 532 Evangelium
1643 486 1693 523 ibi
1718 487 1926 533 praedieavit
1941 501 1951 525 :
1969 491 2038 528 iste
2064 494 2159 532 enim
2183 489 2238 535 est

1182 544 1446 592 primogenitus
1462 546 1658 584 liberorum
1673 548 1765 595 ejus.
1775 554 1811 586 et
1821 550 1905 587 huic
1919 552 2095 590 debentur
2110 558 2239 603 primo-

1183 605 1317 652 genita.
1339 605 1408 650 Qui
1425 612 1546 643 autem
1561 608 1701 654 plenius
1718 609 1797 647 haec
1812 621 1920 648 nosse
1935 612 2128 659 desiderat,
2147 617 2241 664 legat

1183 665 1382 711 Epistolam
1401 667 1499 703 beati
1517 667 1618 704 Pauli
1637 669 1788 714 apostoli
1815 670 1862 706 ad
1892 670 2085 717 Romanos,
2103 679 2141 710 et
2155 680 2239 713 tunc

1183 733 1376 775 cognoscet
1393 739 1458 775 per
1473 730 1595 766 omnia
1613 741 1699 767 vera
1720 741 1800 768 esse
1818 742 1899 779 quae
1915 733 2097 772 dicuntur.

1551 835 1704 874 CAPUT
1729 837 1871 875 XXVII.

1182 906 1235 942 De
1258 907 1332 952 filio
1357 914 1559 945 contumace
1581 917 1683 957 atque
1702 917 1888 957 proteram
1912 912 1955 948 de
1974 912 2112 949 homine
2137 914 2240 960 adjut-

1230 955 1346 990 dicalo
1368 956 1486 998 morti,
1516 957 1552 992 in
1578 958 1734 1001 patibulo
1752 958 2006 1004 suspendendo,
2038 960 2098 996 sed
2122 966 2239 998 tamen

1229 1001 1266 1037 iu
1283 1002 1404 1037 eadem
1421 1003 1478 1038 die
1497 1003 1706 1048 sepeliendo.

1234 1099 1246 1121 ‹
1277 1087 1395 1135 (lem.)
1429 1089 1466 1125 Si
1486 1091 1650 1135 genuerit
1672 1091 1779 1127 homo
1799 1091 1911 1128 filium
1936 1098 2184 1130 contumacem
2203 1099 2240 1130 et

1184 1222 1196 1244 ι
1226 1211 1380 1257 perium,
1401 1217 1436 1248 et
1456 1212 1635 1248 coercitus
1653 1213 1799 1249 obedire
1823 1214 2090 1260 contempserit,
2114 1225 2240 1261 appre-

1183 1283 1195 1306 ‹
1226 1272 1384 1308 hendent
1410 1283 1506 1315 eum,
1539 1279 1574 1308 ct
1602 1274 1733 1309 ducent
1748 1275 1791 1309 ad
1824 1275 1986 1311 seniores
2015 1275 2171 1312 civitatis
2197 1276 2240 1312 il-

1183 1344 1194 1365 ι
1223 1331 1305 1375 lius,
1327 1337 1362 1368 et
1379 1333 1422 1368 ad
1437 1332 1728 1378 portmnjudicii,
1749 1335 1941 1380 dicentque
1962 1337 2006 1372 ad
2022 1347 2083 1372 eos
2100 1348 2108 1372 :
2126 1337 2239 1374 Filius

1180 1405 1194 1427 ι
1224 1400 1347 1430 noster
1366 1395 1434 1431 iste
1453 1401 1644 1441 protervus
1663 1401 1699 1431 ct
1719 1404 1913 1432 contumax
1932 1402 2000 1441 est,
2023 1398 2158 1433 monita
2174 1408 2238 1433 no-

1181 1467 1194 1488 «
1225 1462 1298 1491 stra
1322 1455 1446 1492 audire
1477 1457 1691 1500 contemnit,
1726 1458 2046 1495 comessationibus
2076 1465 2180 1496 vacat
2201 1466 2236 1496 et

1181 1527 1194 1550 ι
1220 1515 1372 1552 luxuriae
1407 1522 1514 1562 atque
1547 1517 1721 1553 conviviis
1747 1530 1755 1552 z
1782 1517 1960 1564 lapidibus
1992 1519 2120 1555 obruet
2153 1530 2235 1555 eum

1180 1589 1194 1611 ι
1222 1578 1375 1624 populus
1398 1578 1556 1615 civitatis
1575 1584 1612 1614 et
1631 1579 1816 1622 morietur,
1847 1585 1882 1615 et
1909 1579 2078 1616 auferetis
2102 1581 2235 1618 malum

1180 1651 1192 1672 ι
1224 1640 1267 1676 de
1290 1640 1408 1676 medio
1428 1640 1553 1682 vestri,
1575 1644 1613 1674 ut
1632 1640 1822 1676 universus
1841 1640 1949 1675 lsrael
1971 1641 2134 1683 audiens,
2153 1651 2236 1686 per-

1181 1712 1193 1734 ι
1225 1701 1401 1737 timescat.
1437 1714 1448 1735 ι
1473 1700 1574 1744 Quod
1595 1701 1799 1737 obedientia
1820 1711 1961 1748 semper
1988 1702 2061 1737 Deo
2091 1702 2236 1747 placue-

1175 1763 1237 1807 rit,
1259 1770 1366 1810 atque
1386 1763 1613 1799 contumacia
1645 1769 1680 1798 et
1709 1764 1926 1809 protervitas
1953 1773 2094 1809 semper
2114 1763 2236 1809 displi-

1175 1823 1306 1865 cuerit,
1337 1828 1515 1858 testantur
1540 1822 1620 1858 libri
1648 1822 1789 1858 Veteris
1819 1823 2038 1858 Testamenti
2071 1829 2106 1858 et
2129 1822 2230 1865 Novi,

1175 1882 1270 1918 unde
1296 1883 1471 1928 seriptum
1490 1888 1546 1918 est
1571 1894 1581 1919 ε
1613 1894 1624 1915 ι
1655 1882 1779 1918 Melior
1811 1889 1866 1918 est
1892 1883 2095 1918 obedientia
2127 1893 2234 1928 quam

1175 1941 1321 1978 victima
1348 1941 1480 1988 (Eccle.
1507 1943 1573 1988 iv),
1605 1955 1616 1976 »
1642 1949 1678 1978 et
1701 1943 1903 1979 auscultare
1923 1944 2037 1990 magis
2058 1954 2165 1990 quam
2182 1943 2236 1980 os-

1175 2002 1270 2039 serre
1297 2003 1438 2049 adipem
1460 2003 1627 2047 arictum,
1650 2004 1817 2049 quoniam
1838 2005 1940 2050 quasi
1960 2011 2147 2050 peccatum
2174 2005 2236 2040 ha-

1175 2125 1270 2162 nolle
1290 2125 1533 2172 acquiescere.
1558 2125 1824 2162 inobedientem
1845 2134 1929 2171 ergo
1945 2124 2057 2159 silium
2080 2130 2115 2160 et
2132 2124 2239 2160 vitio-

1175 2196 1256 2223 sum
1271 2192 1375 2222 vetus
1392 2186 1450 2222 lex
1467 2185 1572 2222 obrui
1590 2185 1768 2231 lapidibus
1783 2185 1886 2231 iubet
1902 2193 1942 2221 ut
1958 2186 2146 2221 moriatur.
2166 2184 2238 2222 Sed

1176 2253 1213 2284 et
1229 2248 1463 2293 Evangelium
1489 2258 1560 2284 non
1578 2247 1695 2294 parcit
1718 2247 1943 2289 incorrectis,
1971 2246 2042 2282 imo
2062 2246 2161 2282 duris
2183 2246 2238 2282 in-

1176 2311 1443 2358 crepationibus
1463 2317 1572 2357 atque
1592 2309 1901 2356 castigationibus,
1920 2308 2014 2353 quod
2033 2307 2236 2352 significant

1175 2371 1327 2419 lapides,
1362 2382 1428 2417 per
1457 2372 1649 2418 magistros
1675 2379 1826 2416 arguere
1853 2369 1999 2404 mandat
2022 2368 2233 2413 delinquen-

1176 2437 1231 2468 tes
1249 2445 1256 2467 :
1280 2431 1362 2478 quia
1380 2431 1477 2468 nullo
1495 2431 1601 2467 modo
1626 2431 1744 2476 parcit
1766 2429 1878 2472 vitiis,
1898 2429 1959 2464 sed
1982 2427 2077 2463 favet
2093 2428 2234 2463 virtuti-

1175 2493 1242 2529 bus
1259 2505 1267 2528 ε
1293 2505 1305 2526 ι
1324 2491 1473 2536 Quando
1488 2492 1693 2538 peccaverit
1712 2492 1819 2528 homo
1836 2491 1930 2536 quod
1949 2495 2063 2525 morte
2078 2489 2233 2536 plecten-

1180 2566 1193 2588 ι
1224 2555 1307 2590 dum
1326 2560 1394 2598 est,
1413 2559 1449 2590 et
1474 2553 1695 2600 adjudicatus
1727 2554 1834 2590 morti
1864 2563 2042 2600 appensus
2069 2552 2232 2589 fueritin

1180 2626 1193 2649 ι
1222 2614 1396 2660 patibulo,
1426 2624 1498 2650 non
1518 2614 1743 2660 permanebit
1761 2614 1914 2650 cadaver
1937 2613 2013 2659 eJus
2047 2614 2082 2649 in
2110 2612 2230 2660 ligno;

1179 2687 1192 2710 ι
1222 2680 1259 2711 ει
1284 2685 1512 2721 nequaquam
1540 2675 1802 2711 contaminabis
1828 2679 1962 2710 terram
1995 2680 2094 2709 tuam
2123 2683 2232 2720 quam

1181 2748 1193 2770 ι
1223 2736 1396 2773 Dominus
1413 2735 1509 2772 Deus
1524 2741 1605 2771 tuus
1623 2735 1763 2771 dederit
1779 2735 1843 2771 tibi
1861 2735 1896 2770 in
1917 2734 2193 2781 possessionem.
2215 2747 2228 2769 ι

1176 2796 1243 2834 Hic
1273 2798 1379 2833 homo
1409 2797 1654 2843 unusquisque
1686 2797 1890 2842 baptizatus
1918 2801 2037 2843 potest
2067 2795 2229 2844 intelligi,

1177 2859 1238 2905 qui
1256 2859 1400 2906 quando
1419 2859 1637 2905 peccaverit,
1658 2857 1917 2903 adjudicandus
1942 2862 1998 2894 est
2016 2857 2134 2901 morti,
2163 2858 2231 2893 hoe

1177 2925 1233 2956 est
1261 2919 1392 2963 reatui,
1417 2928 1484 2965 pro
1503 2928 1574 2965 quo
1594 2924 1708 2954 morte
1735 2923 1993 2955 tormentorum
2021 2917 2232 2964 plectendus

132 2970 222 3020 duas
244 2982 380 3031 plebes,
410 2983 481 3019 hoc
510 2988 578 3026 est,
604 2982 810 3020 Judaeorum
835 2994 877 3020 ac
904 2984 1107 3031 gentilium,
1124 2969 1160 3008 D
1177 2984 1246 3016 est.
1275 2979 1480 3026 Suspensus
1499 2979 1595 3014 enim
1621 2979 1691 3014 erit
1718 2978 1752 3014 in
1778 2978 1952 3025 patibulo,
1987 2976 2087 3023 cujus
2118 2977 2233 3014 scelus

42 3023 72 3038 „
92 3043 118 3090 ¹,i
147 3034 300 3092 coniugii
329 3043 474 3080 nomine
504 3043 694 3091 copulavit.
731 3043 803 3081 Sed
836 3044 960 3081 odiosa
990 3050 1109 3091 potest

12 3149 13 3152 Ἴ
72 3112 88 3136 rr
108 3103 120 3141 1
137 3095 327 3152 Synagoga
345 3103 565 3149 ludaeorum,
583 3115 662 3152 qute
679 3105 876 3142 seeundum
890 3104 1108 3152 legislatoris

85 3165 332 3210 estationcm,
352 3174 494 3212 semper
508 3165 732 3202 contentiose
751 3166 879 3214 agebat
898 3170 1022 3202 contra
1043 3165 1110 3200 Do-

53 3275 62 3278 -
87 3241 115 3257 --ι
151 3236 201 3270 ιιι,
219 3231 256 3261 ει
269 3225 326 3262 cui
342 3224 547 3274 Stephanus
561 3226 598 3262 in
616 3226 766 3263 Actibus
783 3226 1027 3273 apostolorum
1046 3235 1109 3262 ex-

64 3302 107 3317 ·=
127 3290 198 3322 1rat
228 3286 352 3324 dicens
377 3297 387 3323 t
420 3299 434 3321 «
466 3286 554 3323 Duri
583 3288 742 3331 cervice,
778 3293 815 3324 ει
842 3287 1105 3324 incircumcisis

65 3366 85 3378 -ι
122 3364 127 3379 =
150 3347 218 3385 bus
235 3353 273 3384 et
291 3348 463 3385 auribus:
486 3358 550 3385 vos
571 3358 714 3396 semper
731 3348 881 3395 Spiritui
901 3354 1025 3385 sancto
1048 3358 1105 3385 re-

55 3400 60 3402 ’
81 3404 213 3453 tistis3
232 3408 324 3458 sicut
344 3414 467 3456 patres
494 3410 619 3453 vestri,
650 3409 700 3446 ita
725 3414 762 3445 et
783 3419 848 3446 vos
868 3408 960 3456 (Ace.
978 3408 1058 3456 vu).
1086 3421 1099 3443 ι

94 3474 191 3506 ·ecta
213 3474 332 3507 autem
351 3469 513 3508 Ecclesia
529 3476 585 3508 est
603 3459 648 3508 de
667 3470 846 3518 gentibus.
866 3469 937 3506 Sed
953 3478 1025 3505 non
1040 3477 1106 3522 po-

136 3528 196 3566 hic
213 3528 323 3568 bomo
340 3529 452 3567 filium
472 3530 612 3575 dilectae
629 3530 749 3568 facere
766 3528 1047 3583 primogenitum
1067 3533 1107 3566 et

52 3585 62 3592 ’
104 3602 223 3630 werre
250 3593 325 3631 mio
346 3593 495 3638 odiosae,
513 3593 598 3640 quia
617 3603 691 3630 non
709 3592 788 3629 vult
809 3591 984 3629 Dominus
1003 3588 1109 3627 Chri-

56 3659 134 3707 ‘tus
147 3647 344 3699 Reclusiam
365 3654 410 3692 de
434 3653 604 3702 gentibus
627 3653 802 3701 praererre
829 3652 1023 3701 primitivae
1048 3662 1108 3690 ec-

91 3714 175 3765 ,ιω
204 3722 280 3751 suae
305 3723 387 3771 quse
409 3715 479 3754 fuit
498 3716 536 3753 in
567 3715 783 3762 Jerusalem,
804 3725 849 3754 ex
869 3725 940 3764 qua
964 3714 1111 3752 fuerunt

1173 3048 1239 3086 per
1251 3038 1448 3074 vindictam
1467 3037 1718 3076 manifestatur
1737 3038 1772 3074 in
1792 3037 1935 3084 populo.
1958 3037 2058 3074 Unde
2078 3036 2234 3083 Aposton.

1174 3099 1230 3137 lus
1258 3106 1448 3146 peccantes
1475 3110 1598 3136 coram
1621 3099 1786 3136 omnibus
1809 3098 1913 3144 jubet
1943 3108 2108 3144 arguere,
2136 3102 2172 3131 ut
2196 3102 2231 3131 ct

1175 3162 1294 3198 caeteri
1327 3166 1461 3197 metum
1495 3160 1666 3198 habeant.
1694 3159 1795 3204 Quod
1830 3163 1949 3193 autem
1979 3157 2078 3198 dicit,
2105 3167 2117 3188 ι
2152 3155 2227 3191 Nou

1173 3221 1402 3269 permanebit
1429 3221 1582 3258 cadaver
1601 3220 1677 3265 ejus
1705 3219 1742 3254 in
1772 3217 1880 3263 ligno,
1902 3215 1964 3252 sed
1983 3214 2176 3261 sepelietur
2192 3214 2227 3250 in

1177 3283 1302 3319 eadem
1328 3283 1409 3326 die,
1440 3281 1619 3329 significat
1650 3278 1744 3324 quod
1764 3286 1834 3312 non
1853 3281 1908 3312 est
1925 3275 1968 3311 de
1991 3275 2049 3310 die
2078 3274 2114 3310 in
2132 3274 2227 3310 diem

1177 3343 1372 3381 differenda
1385 3340 1592 3389 poenitentia
1608 3342 1852 3385 peccatorum,
1870 3334 1932 3371 sed
1945 3339 2025 3381 post
2039 3340 2227 3380 peccatum

1176 3413 1261 3440 mox
1280 3402 1429 3449 agenda,
1450 3405 1491 3434 ut
1508 3403 1592 3434 ante
1614 3397 1722 3432 finem
1744 3395 1828 3431 vitae
1849 3394 2036 3441 praesentis
2057 3403 2121 3441 per
2136 3403 2221 3430 con-

1175 3463 1367 3500 fessionem
1386 3470 1429 3496 ac
1451 3457 1699 3505 poenitentiam
1718 3461 1826 3501 atque
1843 3455 1936 3491 bona
1955 3464 2064 3501 opera
2081 3454 2225 3491 studeat

1177 3522 1398 3561 abscondere
1422 3529 1545 3556 eoram
1568 3517 1682 3555 oculis
1706 3517 1770 3553 Dei
1790 3515 1961 3553 delictum
1992 3525 2097 3552 suum
2115 3527 2123 3550 τ
2143 3515 2227 3561 quia

1177 3582 1387 3621 maledictus
1401 3591 1422 3616 a
1438 3579 1513 3615 Deo
1528 3583 1585 3615 est
1603 3577 1663 3625 qui
1682 3577 1811 3623 pendet
1833 3576 1868 3611 in
1884 3575 1994 3623 ligno,
2012 3576 2082 3612 hoc
2104 3579 2174 3619 est,
2190 3573 2229 3612 lu

1176 3647 1326 3693 peccato
1351 3641 1413 3687 qui
1441 3643 1661 3687 perseverat.
1689 3637 1794 3684 Lignl
1822 3646 1918 3673 enim
1937 3635 2082 3672 nomine
2099 3643 2228 3683 pecca-

1178 3712 1253 3743 tum
1279 3707 1399 3750 potest
1425 3700 1590 3748 intelligi,
1615 3699 1701 3746 quia
1722 3698 1757 3735 in
1774 3698 1872 3745 ligno
1891 3696 2133 3745 protoplastus
2163 3705 2228 3732 uo-

1179 3777 1254 3809 ster
1270 3767 1426 3815 primum
1445 3763 1621 3812 peccavit.
1644 3775 1659 3799 ‹
1679 3762 1724 3801 Et
1736 3770 1976 3811 nequaquam,
1991 3759 2124 3810 iuquit,
2142 3767 2228 3798 eon·
