2540 4016
37 103 106 142 3⁴1

652 93 985 135 EXPOSITIONES
1008 91 1053 128 IN
1077 87 1340 127 LEVITICUM.
1366 107 1414 113 --
1435 85 1522 123 Lm.
1550 87 1592 122 11.
1985 91 2005 109 ι

1225 20 1267 51 0

2140 73 2224 124 542'

37 182 143 230 quasi
161 181 246 218 alibi
260 190 332 218 non
348 180 408 224 sit,
426 177 526 223 Quod
539 183 619 213 oum
634 177 802 213 vidi-sent
818 175 932 210 turboe
958 169 1087 208 taucta-
1106 170 1143 211 A
1156 175 1335 215 eynaqoqa
1359 165 1584 212 glorificabor
1610 173 1667 199 eos
1695 172 1707 198 :
1731 164 2019 210 appropinquare
2056 165 2212 204 Domini⁵

35 249 159 282 urunt
187 242 391 285 Dominum,
411 243 548 279 metim
569 238 608 277 in
627 236 737 283 socies
766 233 954 281 modii-¹12
974 231 1088 278 Hesy-

35 304 147 352 chio.)
174 305 286 342 Putas
299 313 347 341 ne
364 301 520 348 aliquam
535 298 870 346 interpretationem
895 295 1087 349 praesentia

36 367 147 404 verba
167 363 380 412 legislatoris
396 371 486 408 opus
505 359 664 398 habent?
682 358 774 405 Ipsis
789 363 946 404 namque
966 354 1087 392 verbis

37 426 258 463 concordant
297 423 354 460 his
381 431 462 468 quae
497 425 581 458 sunt
607 420 652 456 de
683 418 837 455 adventu
869 415 1025 463 Spiritus
1050 414 1087 450 in

38 487 243 536 apostolicis
265 484 414 522 Actibus
442 482 588 528 scripta.
620 478 790 527 Apparuit
818 478 924 519 enim,
954 474 1084 521 inquit,

37 549 151 596 qlort'a
184 546 325 583 Domini
361 543 454 580 omni
483 540 714 578 multitudini.
750 536 951 583 Quomodo,
991 535 1087 571 dicat

39 611 189 655 forsitan
207 606 405 655 quispiam?
423 604 555 649 Utique
572 602 667 645 talis,
688 600 832 647 qualem
845 596 1014 634 Ezechiel
1027 606 1088 632 su-

35 681 102 716 per
133 669 307 706 cherubin
351 668 468 703 visam
504 663 707 709 descripsit,
744 666 805 697 aut
838 659 980 706 qualem
1018 657 1086 692 Mi-

34 731 167 772 chaeas,
195 729 252 765 vel
271 729 383 765 lsaias
410 736 592 773 :quorum
623 733 717 760 unus
741 722 887 768 quidem
917 717 1089 763 seraphin

34 792 75 830 in
93 792 261 833 circuitu,
281 790 372 826 alter
391 789 575 824 coelestem
592 785 794 822 exercitum
813 781 914 818 vidit.
933 778 1006 815 Sed
1022 787 1088 813 ne-

37 862 230 901 quaquam.
258 851 338 886 Fuit
359 860 430 886 una
454 849 599 895 quidem
618 856 697 891 quae
711 844 880 880 omnibus
900 846 937 876 et
955 840 1088 884 ubique

0 924 1 949 1
37 912 258 959 spiritalibus
276 911 444 958 apparuit
464 908 592 954 gloria,
612 906 676 942 sed
701 903 906 940 differentes
932 901 1088 936 visiones

0 973 1 978 ’
36 980 77 1010 ut
115 979 198 1021 pote
230 968 601 1018 incomprehensibilis
629 965 816 1011 praebebat
862 960 1084 997 videntibus.

36 1020 200 1072 t3raesens
233 1040 354 1069 tamen
383 1030 510 1068 similis
542 1029 592 1064 illi
620 1032 714 1069 erat,
744 1026 827 1071 quia
857 1021 1088 1068 intelligibilis

35 1161 118 1203 pter
138 1155 232 1201 quod
259 1154 310 1190 ait
330 1166 338 1188 :
358 1153 527 1199 Apparuit
558 1150 671 1197 qloria
690 1147 845 1190 Domini,
881 1153 911 1181 et
931 1157 1088 1192 eqressus

37 1221 86 1252 est
116 1216 206 1261 ignis
233 1226 254 1250 a
283 1213 447 1249 Domino.
470 1212 564 1258 Ergo
580 1211 615 1246 in
641 1209 762 1256 specie
789 1208 883 1255 ignis
902 1207 1084 1254 apperuit,

39 1275 341 1322 quemadmodum
359 1278 396 1310 et
427 1273 545 1309 Lucas
564 1271 714 1317 exponit
735 1283 742 1306 :
762 1270 807 1305 Et
827 1270 942 1315 factus
977 1274 1026 1305 est
1046 1269 1089 1303 de

39 1333 122 1369 coeto
137 1345 242 1369 sonus
261 1333 404 1380 spiritus
422 1332 640 1374 vehementis,
670 1336 702 1366 et
731 1330 883 1376 implevit
905 1335 1013 1365 totam
1029 1329 1091 1364 do-

37 1405 133 1431 mum
164 1395 199 1430 in
228 1405 297 1441 qua
326 1399 424 1429 erant
454 1392 624 1435 sedentes,
655 1397 687 1428 et
715 1391 798 1426 visoe
827 1395 908 1426 sunt
936 1389 1006 1424 illis
1041 1390 1092 1423 di-

37 1456 119 1492 visoe
148 1455 276 1501 linqua·
299 1455 493 1500 sicutiqnis
509 1453 600 1501 (Act.
625 1452 679 1500 ιι).
701 1452 827 1498 Populi
842 1453 951 1487 etiam
970 1451 1092 1486 omnis

39 1514 224 1561 legislator
258 1514 470 1551 memoriam
488 1514 584 1549 lacit.
605 1514 708 1557 Quod
729 1518 765 1548 et
783 1512 899 1547 Lucas
918 1512 988 1547 boe
1016 1521 1092 1546 mo-

40 1576 86 1611 do
106 1575 280 1621 exponit:
303 1574 349 1609 Et
383 1575 533 1610 erantt'n
563 1573 787 1609 Hierusalem
803 1572 998 1608 habitantes
1027 1571 1093 1607 Ju-

40 1636 110 1672 daei
127 1635 191 1671 viri
220 1634 373 1681 retiqiosi
392 1635 434 1671 de
460 1634 620 1670 omnibus
647 1633 804 1680 pentibus
826 1643 904 1679 quae
927 1631 989 1667 sub
1010 1631 1093 1666 coelo

40 1702 135 1732 sunt.
171 1694 203 1730 F
206 1701 285 1731 acta
309 1700 426 1731 autem
453 1695 518 1730 hac
544 1705 637 1738 voce,
669 1693 825 1729 convenit
850 1691 1038 1728 multitudo
1062 1697 1095 1727 et

42 1764 158 1794 mente
175 1757 323 1803 confusa
355 1763 418 1792 est.
452 1756 543 1800 Quia
567 1756 664 1792 enim
685 1765 757 1791 non
776 1755 893 1791 solum
908 1753 1092 1796 convenit,

42 1819 106 1855 sed
123 1818 267 1864 expavit
282 1828 292 1860 ;
313 1822 349 1853 et
364 1817 442 1863 ipse
458 1817 528 1853 hoe
545 1817 771 1853 demonstrat
789 1815 913 1851 dicens
935 1825 944 1850 ε
965 1813 1095 1850 Obstu-

26 1879 222 1926 'pescebant
245 1879 337 1914 enim
364 1884 395 1914 et
423 1877 719 1920 adversitatatum
756 1877 819 1914 sed
847 1882 884 1912 et
911 1885 1018 1922 super
1036 1875 1091 1910 sa-

43 2000 318 2047 intelligibiliter
350 1999 589 2046 pertulerunt.
625 1998 703 2035 Non
723 1998 818 2034 enim
846 1997 1096 2044 intelligebant

45 2060 140 2106 quod
158 2060 295 2096 sactum
315 2067 407 2096 erat.
434 2059 534 2096 Alter
554 2064 674 2096 autem
692 2060 737 2096 ad
755 2059 908 2095 alterum
924 2058 1067 2095 dicebat
1088 2068 1097 2093 z

45 2119 164 2156 msto
182 2119 274 2166 ptem·
299 2126 382 2156 sunt
398 2121 434 2156 ln·
454 2132 466 2157 .-
498 2122 592 2167 quod
607 2122 793 2168 proprium
811 2126 889 2157 erat
907 2122 944 2157 in
964 2126 1100 2158 terram

45 2184 175 2222 faciem
189 2187 320 2223 mentis
340 2187 658 2233 prosternentium.
676 2187 769 2232 Quid
789 2192 911 2223 autem
930 2197 1101 2235 egressus

47 2247 144 2294 ignis
162 2247 272 2283 fecit?
290 2247 475 2285 Devoravit
494 2250 612 2286 omnia
632 2260 709 2297 quoe
738 2256 836 2287 erant
865 2261 971 2297 super
990 2250 1102 2287 altare

47 2308 367 2354 holocaustomata,
394 2316 426 2346 et
453 2310 571 2357 adipes
597 2321 676 2358 quoe
703 2322 747 2348 ex
774 2312 944 2359 pacificis,
976 2318 1009 2348 et
1038 2323 1101 2359 pro

47 2375 188 2418 peccato
216 2370 346 2416 oblata,
371 2372 478 2408 altari
507 2373 726 2420 superposita
752 2379 866 2410 erant.
894 2373 1023 2410 Tradit
1042 2384 1102 2410 er-

48 2441 94 2480 go
117 2433 221 2470 nobis
234 2443 366 2478 sermo,
388 2435 471 2481 quia
489 2445 639 2472 neeesse
660 2437 708 2473 sit
720 2437 892 2483 praedicta
915 2437 1098 2473 sacrificia

33 2497 87 2531 ·et
103 2503 229 2531 eorum
246 2495 491 2542 expositiones
509 2507 754 2544 superponere
770 2497 989 2544 intelligibili
1010 2498 1101 2534 alta-

48 2555 82 2593 ri
96 2556 257 2603 corporis
278 2555 429 2600 Christi,
444 2561 486 2592 ut
504 2557 550 2592 ad
568 2556 655 2592 illud
672 2556 819 2592 festinet
837 2562 963 2593 nostra
982 2557 1103 2592 imita-

49 2616 116 2660 tio,
151 2621 188 2652 et
210 2621 296 2652 tunc
325 2616 545 2652 nutrimenta
579 2615 814 2662 intelligibilis
833 2616 938 2662 ignis,
974 2617 1012 2664 id
1033 2621 1103 2660 est,

34 2676 197 2724 sspiritus
215 2675 320 2719 fiunt,
342 2675 386 2712 de
404 2685 476 2722 quo
493 2675 628 2712 dictum
647 2681 723 2711 est:
736 2675 908 2711 Dominus
926 2676 1021 2713 Deus
1044 2687 1106 2713 no-

35 2739 120 2771 mer
131 2734 224 2781 iynis
246 2745 451 2771 consumens
466 2741 517 2771 est
534 2734 654 2783 (Deut.
680 2735 744 2782 iv).
762 2734 864 2772 Unde
881 2741 1025 2774 etnune
1039 2747 1105 2784 pro

34 2795 223 2833 «aevom-e
240 2794 479 2844 Symmachus
495 2805 710 2832 consumere
725 2796 852 2833 edidit.

426 2868 578 2908 CAPUT
602 2869 696 2908 XIV.

35 2921 103 2979 ipe
117 2929 244 2970 Nadab
261 2934 294 2966 et
307 2929 398 2966 Atta
410 2930 524 2984 iqnem
540 2929 696 3012 ffenf‘m
710 2931 935 2977 offerentibus
958 2938 993 2970 et
1011 2935 1102 2970 occi-

439 2987 488 3012 sos
504 2988 526 3012 a
576 2988 703 3013 omino.

66 3043 71 3057 ·
98 3035 200 3084 (Car.
224 3035 279 3084 x.)
303 3036 526 3084 Arreptisque
560 3036 690 3073 Nadab
713 3042 746 3073 et
764 3038 855 3074 Abiu
889 3039 957 3086 filii
983 3041 1104 3078 Aaron

31 3100 44 3137 1
71 3135 86 3138 ,,
116 3096 257 3140 ribulis,
271 3102 460 3143 posuerunt
473 3097 588 3143 ignem
604 3102 637 3132 et
654 3097 832 3134 incensum
849 3098 998 3147 desuper
1018 3102 1103 3148 offe-

35 3155 45 3207 j
90 3159 93 3162 ⁴
131 3166 167 3192 es
189 3166 308 3192 eoram
332 3156 499 3200 Domino,
520 3157 636 3203 ignem
663 3156 816 3194 alienum
830 3159 924 3206 quod
943 3160 992 3196 eis
1012 3170 1104 3207 pra>-

37 3253 42 3260 .
60 3256 63 3258 ,
82 3264 85 3266 q
141 3226 191 3252 m
205 3226 274 3252 non
301 3221 391 3252 erat.
415 3215 487 3264 (Ex
503 3216 731 3266 Augustino.)
749 3217 944 3267 Postquam
970 3230 1108 3257 exeun-

38 3267 42 3271 ’
72 3274 94 3329 '3
110 3275 398 3323 igneaDomino
425 3277 564 3314 incensi
590 3279 724 3315 mortui
753 3285 839 3316 sunt
864 3280 930 3316 tilii
960 3281 1103 3326 Aaron,

91 3330 96 3334 ’
128 3336 217 3375 atsi
231 3341 317 3388 sunt
336 3337 375 3374 in
389 3337 526 3376 batillis
539 3338 616 3376 suis
631 3338 794 3377 adhibito
811 3339 895 3388 igne
913 3340 1032 3379 alieno
1050 3342 1108 3378 in-

82 3435 98 3454 2·
127 3407 133 3438 1
182 3415 197 3428 ›·
236 3398 425 3446 imponere
451 3399 619 3445 Domino,
651 3401 749 3447 quod
767 3401 851 3439 ideo
869 3412 942 3440 non
957 3402 1104 3448 licebat,

42 3510 46 3514 η
101 3492 115 3499 ,Δ
127 3492 139 3496 -
154 3457 193 3502 ’.ζῖ
208 3450 372 3508 moigne
384 3460 447 3507 qui
460 3459 630 3499 divinitus
646 3460 684 3498 in
698 3461 814 3499 altare
825 3468 990 3508 venerat,
1007 3463 1110 3500 dein-

79 3513 105 3545 -’
135 3513 184 3577 ’,έῆ
207 3519 340 3569 pm
357 3521 602 3560 omninum
628 3523 859 3560 aeeendenda
887 3525 968 3571 q'uae
986 3523 1026 3560 in
1053 3527 1109 3560 ta·-

209 3578 254 3623 jis
267 3582 424 3635 mun
451 3584 656 3631 oportebat.
690 3583 842 3623 Mortuis
862 3594 950 3634 ergo
969 3584 1044 3622 illis
1059 3583 1112 3622 ait

459 3706 462 3709 ’
495 3707 499 3713 ²
536 3726 538 3730 ⁴
589 3705 848 3771 mmor,
866 3714 921 3762 ,bet
945 3709 986 3749 in
1008 3710 1115 3754 ‚omui

356 3729 380 3750 “a
402 3767 403 3771 ’
470 3744 531 3795 ζἈξ
554 3748 612 3786 Ἤ·
638 3751 650 3795 j
679 3751 682 3754 ’
719 3774 722 3780 ·

28 1939 135 1975 =eiem
159 1938 379 1987 ceciderunt,
412 1943 448 1974 et
465 1938 495 1974 si
512 1948 584 1974 non
603 1938 672 1974 hoc
702 1937 934 1980 sensibiliter,
970 1942 1090 1972 tamen
1115 1965 1146 2008 C

526 3643 800 3684 amomum
818 3646 966 3685 dicens:
986 3647 1033 3685 In
1062 3643 1140 3686 eis¹

1154 229 1280 266 volens
1303 226 1467 274 intelligi,
1496 225 1558 271 qui
1589 224 1625 260 in
1648 223 1883 260 tabernaculo
1902 226 2110 264 sacerdotio
2125 225 2211 263 sun·

1153 291 1344 338 gebantur.
1372 286 1602 330 sanctificari
1617 290 1739 322 autem
1755 284 1793 320 in
1812 284 1866 321 eis
1882 285 1995 321 etiam
2010 287 2202 324 vindican-

1155 350 1200 387 do
1220 349 1312 386 sicut
1331 348 1465 384 sactum
1484 351 1553 392 est,
1593 351 1716 382 utrum
1736 350 1777 382 ut
1805 345 1893 381 hinc
1911 345 2068 382 sciretur
2098 357 2209 392 quam

1154 410 1273 447 minus
1288 410 1368 446 aliis
1390 414 1532 455 parcat,
1554 409 1584 445 si
1599 407 1670 445 illis
1688 418 1761 444 non
1778 400 2011 454 parcits‘Quo
2031 417 2141 444 sensu
2157 408 2208 444 di-

1154 476 1253 511 ctum
1269 475 1326 506 est
1347 483 1356 506 z
1377 469 1417 505 Si
1432 470 1552 516 jttstus
1580 470 1637 506 vix
1659 468 1777 506 salvus
1797 469 1877 513 erit,
1906 474 2068 516 peccator
2096 474 2128 505 et
2147 470 2211 504 im-

1154 532 1231 578 pius
1246 530 1303 566 ubi
1321 530 1518 576 parebunt?
1543 529 1577 577 (Ι
1594 529 1690 566 Petr.
1709 530 1773 576 tv.)
1793 529 1848 565 An
1867 530 1987 576 potius
2015 531 2214 566 secundum

1155 593 1272 630 illud:
1297 590 1362 627 Cui
1387 591 1464 637 plus
1492 590 1658 634 donatur,
1689 591 1769 638 plus
1796 590 1839 626 ab
1861 602 1899 626 eo
1926 593 2078 638 exiqitur
2111 592 2211 639 (Luc.

1156 652 1246 698 xv)?
1278 652 1323 686 Et
1354 651 1441 686 illud
1462 649 1616 686 :Servus
1641 651 1701 697 qui
1730 662 1799 687 non
1820 652 1979 698 coqnovit
2003 651 2214 687 voluntatem

1157 713 1288 748 domini
1314 713 1382 756 sui,
1408 713 1545 759 etfacit
1571 713 1691 759 diqmt,
1716 713 1828 760 plaqis
1859 713 2033 761 vaputavit
2067 714 2215 760 pau-cis‚·

1157 786 1273 810 seruus
1301 781 1416 809 autem
1436 775 1496 814 qui
1512 775 1667 820 coqnovit
1694 774 1907 811 voluntatem
1931 775 2064 811 domini
2090 776 2159 818 sui,
2182 780 2215 810 et

1157 836 1242 881 facit
1271 836 1390 882 dique,
1414 835 1525 882 plagis
1556 835 1733 881 vapulavit
1765 835 1883 871 multis
1900 836 2002 883 (Luc.
2031 835 2112 883 ΧΠ).
2156 835 2216 872 Ex

1157 895 1363 943 Hesychio.)
1384 897 1451 932 Hic
1476 907 1538 934 eos
1554 898 1615 943 qui
1641 898 1759 934 aliena
1783 899 1925 940 docent,
1955 899 2070 944 quiin
2095 899 2216 945 ipsum

1159 956 1335 1002 Spiritum
1354 957 1418 992 Dei
1451 957 1717 1002 blasphemant,
1748 959 1831 1003 quia
1866 959 2079 1005 inspiratam
2100 960 2145 995 ab
2171 969 2215 996 eo

1160 1015 1398 1061 Scripturam‚
1429 1015 1474 1052 de
1494 1027 1564 1062 qua
1596 1017 1645 1052 ait
1662 1016 1794 1053 Paurus
1812 1030 1819 1052 :
1840 1017 1961 1054 Omnis
1994 1019 2180 1065 Scriptura
2195 1032 2218 1056 α

38 1106 204 1143 egressus
230 1099 287 1131 est
315 1093 407 1141 ignis
435 1103 455 1128 a
475 1091 628 1128 Domino
655 1090 712 1125 die
729 1088 975 1127 Pentecostes,
1005 1094 1088 1130 pro·
1112 1069 1145 1108 Β
1163 1077 1236 1112 De0
1256 1077 1428 1123 inspirata
1445 1076 1542 1111 utilis
1556 1084 1605 1112 est
1626 1077 1682 1124 (II
1701 1078 1789 1112 Tim.
1808 1078 1879 1125 ιη),
1909 1079 2015 1114 aliter
2039 1080 2218 1125 interpre-

1158 1145 1296 1184 tantur,
1331 1140 1537 1176 necessarie
1573 1141 1617 1177 ab
1635 1141 1850 1188 intelligibili
1870 1142 1951 1188 igne
1972 1142 2092 1187 puniri
2108 1153 2220 1188 expo-

1160 1204 1243 1245 suit,
1265 1203 1325 1249 qui
1347 1202 1411 1238 lilii
1431 1203 1553 1238 Aaron
1579 1208 1618 1238 ut
1644 1203 1833 1239 doctorum
1855 1203 2031 1240 hahentes
2052 1205 2214 1240 habitum

1159 1269 1195 1299 et
1213 1263 1390 1308 spiritalia
1411 1263 1533 1299 dicere
1554 1263 1729 1309 fingentes
1760 1264 1930 1299 dicuntur
1951 1276 1958 1299 :
1982 1266 2078 1300 unde
2094 1270 2131 1301 et
2152 1266 2220 1301 lin-

1159 1334 1239 1370 guae
1262 1333 1388 1359 eorum
1411 1324 1504 1370 ignis
1530 1325 1718 1370 appellatae
1740 1330 1835 1360 sunt.
1856 1325 2070 1363 Audivimus
2088 1327 2220 1374 quippe

1161 1385 1247 1430 quia
1276 1385 1312 1420 in
1333 1386 1453 1430 specie
1488 1386 1678 1432 ignearum
1696 1386 1903 1432 linguarum
1931 1387 2088 1432 Spiritus
2108 1389 2218 1424 adve-

1161 1445 1215 1480 nit
1243 1457 1251 1479 :
1277 1446 1474 1492 thymiama
1489 1452 1611 1482 autem
1638 1447 1831 1483 thuribulis
1846 1447 1903 1483 vel
1918 1448 2062 1494 ignibus
2080 1449 2220 1495 liugua-

1160 1516 1241 1542 rum
1262 1506 1561 1552 superimponunt
1576 1506 1705 1553 legalia
1735 1514 1771 1544 et
1791 1507 2055 1554 Prophetarum
2072 1509 2222 1558 dogma-

1163 1572 1210 1610 ta,
1252 1568 1294 1603 de
1318 1568 1447 1613 quibus
1466 1568 1627 1604 Ecclesia
1647 1568 1791 1605 Christo
1811 1569 1849 1604 in
1867 1568 2031 1606 Canticis
2049 1570 2220 1607 Cantico-

1161 1638 1242 1664 rum
1259 1628 1400 1665 dicebat
1420 1641 1428 1664 :
1452 1628 1550 1664 Odor
1560 1636 1816 1675 unquentorum
1830 1641 1935 1676 super
1949 1631 2067 1667 omnia
2082 1642 2221 1668 aroma-

1161 1694 1199 1722 ta
1231 1687 1348 1735 (Cant.
1369 1688 1441 1736 rv);
1478 1690 1541 1726 sed
1575 1690 1695 1736 ignem
1715 1690 1874 1727 alienum
1895 1690 2063 1727 offerunt.
2097 1691 2222 1738 Neque

1163 1749 1259 1787 enim
1284 1751 1483 1788 secundum
1516 1752 1754 1789 intentionem
1782 1757 1846 1789 aut
1862 1753 2037 1790 virtutem
2063 1754 2222 1802 Spiritus

1164 1812 1463 1858 interpretantur.
1500 1812 1564 1850 His
1584 1814 1768 1860 egreditur
1794 1814 1886 1861 ignis
1908 1825 1929 1850 a
1957 1815 2126 1858 Domino,
2149 1824 2222 1851 non

1164 1872 1328 1908 absolute
1345 1873 1461 1919 qualis
1483 1874 1598 1920 prius,
1632 1885 1698 1920 per
1723 1875 1824 1911 illum
1853 1876 1950 1912 enim
1973 1876 2151 1913 sacrificia
2171 1877 2225 1912 in-

1167 1933 1288 1970 cendit
1312 1934 1499 1978 Dominus,
1526 1941 1563 1971 et
1576 1934 1691 1981 gloria
1724 1935 1866 1972 Domini
1895 1937 2012 1974 dictus
2051 1943 2118 1973 est.
2158 1936 2225 1973 Hic

1168 1999 1288 2030 autem
1308 1994 1402 2042 ignis
1419 1995 1573 2041 poenalis
1598 2001 1667 2032 est.
1706 1996 1907 2043 Utrumque
1933 1999 2031 2034 enim
2059 1998 2223 2034 Ecclesia

1167 2057 1303 2100 haben
1339 2058 1436 2094 hunc
1465 2059 1611 2105 quidem
1640 2059 1685 2095 ad
1717 2059 2019 2096 illuminationem
2043 2060 2225 2106 justorum

1167 2122 1206 2155 et
1220 2117 1423 2154 oblatorum
1450 2117 1726 2164 perfectionem,
1749 2119 1848 2156 illum
1871 2124 1992 2156 autem
2017 2120 2062 2156 ad
2082 2129 2228 2166 poenam

1168 2178 1376 2225 implorum,
1410 2189 1516 2226 quem
1550 2180 1607 2216 his
1645 2180 1707 2227 qui
1739 2181 1996 2227 blasphemant
2019 2181 2230 2218 sacerdotes

1168 2240 1345 2279 inducunt
1378 2251 1424 2277 ex
1453 2242 1791 2280 subministratione
1824 2241 1981 2288 Spiritus
2015 2243 2076 2289 qui
2108 2243 2147 2279 iu
2173 2243 2229 2280 eis

1170 2302 1367 2348 requiescit
1388 2313 1471 2339 eum
1484 2304 1759 2340 succendentes.
1787 2303 1941 2350 Propter
1963 2306 2060 2350 quod
2078 2310 2114 2340 et
2131 2304 2230 2341 Pau-

1169 2362 1226 2402 lus
1258 2363 1493 2410 Hymenaeum
1509 2369 1546 2400 et
1561 2365 1807 2402 Alexandrum
1831 2370 1870 2401 ut
1901 2365 1971 2401 alia
1993 2365 2133 2401 seilicet
2160 2365 2228 2402 do-

1171 2428 1295 2459 centes
1318 2424 1420 2469 punit
1440 2436 1448 2459 :
1473 2423 1511 2460 hi
1534 2434 1657 2460 eoram
1677 2425 1830 2460 Domino
1850 2425 2056 2461 moriuntur
2078 2424 2227 2461 vidente

1171 2486 1266 2532 ipso,
1283 2489 1321 2520 et
1341 2485 1380 2520 in
1399 2485 1468 2521 hac
1482 2495 1545 2522 eos
1561 2490 1679 2521 morte
1699 2485 1976 2528 condemnante,
1990 2495 2037 2521 ne
2056 2485 2230 2522 imitatio-

1172 2555 1219 2582 ne
1235 2545 1292 2582 sui
1310 2545 1390 2581 aliis
1408 2555 1558 2582 eausam
1575 2545 1759 2592 praebeant
1774 2546 1916 2582 mortis.
1950 2546 1989 2582 ln
2016 2556 2089 2593 quo
2107 2551 2145 2583 et
2171 2547 2229 2584 ui-

1172 2606 1244 2642 mis
1261 2605 1461 2642 admiratur
1483 2605 1669 2652 legislator
1686 2616 1751 2642 cur
1773 2616 1818 2643 ex
1843 2617 1886 2643 eo
1906 2607 2004 2653 quod
2025 2607 2230 2644 debuerant

1173 2667 1247 2704 vita
1272 2667 1359 2711 frui,
1378 2667 1414 2703 id
1437 2673 1506 2710 est,
1526 2677 1649 2704 coram
1673 2668 1840 2712 Domino,
1857 2668 2038 2705 sustinent
2057 2675 2228 2712 mortem,

1173 2738 1282 2774 quam
1297 2728 1390 2765 male
1400 2729 1682 2775 interpretantes
1700 2729 1840 2766 divinas
1860 2729 2069 2777 Scripturas
2088 2731 2233 2776 patiun-

1174 2794 1234 2826 tur
1253 2789 1291 2825 in
1310 2799 1351 2825 ea
1375 2799 1428 2833 re,
1466 2799 1511 2825 ex
1531 2799 1602 2835 qua
1632 2798 1695 2826 eos
1727 2790 1918 2836 oportebat
1941 2791 2231 2828 benedictionem

1174 2850 1391 2897 promereri,
1411 2849 1655 2888 maledictioni
1677 2860 1716 2887 se
1735 2850 1980 2896 subjicientes.
2004 2851 2094 2888 Vide
2112 2857 2234 2888 tamen

1175 2913 1298 2960 qualia
1320 2912 1506 2949 subdidit:
1526 2912 1693 2959 Dixitque
1725 2912 1867 2960 Moyses
1896 2913 1942 2948 ad
1977 2912 2098 2949 Aaron
2116 2923 2129 2949 .·
2151 2913 2229 2950 Hoc

1172 2979 1224 3010 est
1243 2973 1337 3021 quod
1366 2972 1503 3009 locutus
1525 2978 1575 3008 est
1594 2972 1767 3009 Dominus
1798 2983 1810 3008 :
1833 2971 2092 3018 sanctificabor
2120 2973 2158 3009 in
2180 2974 2235 3010 his

1171 3034 1234 3080 qui
1251 3033 1532 3080 appropinquant
1547 3033 1649 3078 milti,
1666 3039 1699 3070 et
1723 3034 1761 3069 in
1776 3041 1963 3081 conspectu
1980 3035 2095 3071 omnis
2111 3034 2234 3081 populi

1172 3093 1412 3141 olorifioabor.
1429 3093 1533 3138 Quod
1548 3094 1695 3131 audiens
1710 3095 1819 3132 tacuit
1834 3095 1979 3139 Aaron;
2002 3096 2080 3132 sive
2100 3101 2140 3131 ut
2166 3095 2234 3131 Se-

1172 3156 1363 3202 ptuaginta
1371 3161 1532 3193 vertunt:
1543 3155 1589 3192 Et
1597 3162 1824 3204 compunctus
1834 3162 1884 3194 est
1893 3156 2026 3192 Aaron.
2037 3155 2084 3191 Et
2091 3154 2151 3190 ubi
2158 3163 2237 3191 om-

1178 3214 1267 3253 nino
1285 3217 1364 3253 haec
1378 3216 1492 3254 Deum
1509 3217 1645 3254 dixisse
1658 3217 1875 3261 invenimuS,
1897 3215 2045 3262 quando
2061 3214 2230 3252 videlicet

1178 3275 1294 3326 Moysi
1310 3278 1455 3315 dicebat
1475 3277 1724 3315 tDescendens
1750 3282 1945 3313 contestare
1972 3274 2153 3321 poputum,
2190 3285 2234 3310 ne

1179 3337 1273 3385 forto
1288 3339 1564 3387 appropinquent
1589 3339 1638 3375 ad
1666 3338 1780 3374 Deum
1809 3343 1842 3373 et
1870 3335 1975 3371 cadat
2008 3346 2052 3372 ex
2073 3337 2124 3372 eis
2142 3335 2238 3374 mul-

1180 3399 1295 3437 titudo
1317 3408 1331 3434 .·
1349 3406 1383 3436 et
1413 3399 1610 3440 secerdotes
1626 3399 1687 3446 qui
1695 3398 1981 3457 appropinquant
1993 3396 2147 3436 Domino
2159 3398 2234 3436 Deo

1182 3461 1458 3506 insufflantur,
1475 3470 1519 3496 ne
1546 3460 1636 3506 rorte
1650 3457 1788 3494 recedat
1811 3457 1855 3494 ab
1873 3458 1924 3495 otc
1947 3457 2133 3496 Βοιιᾶπιω.
2150 3458 2238 3502 Hac

1181 3528 1270 3567 ergo
1296 3520 1367 3557 etsi
1381 3519 1502 3557 verbis
1524 3519 1568 3555 ab
1584 3518 1643 3554 bis
1659 3526 1741 3565 quse
1754 3512 1852 3555 diet'a
1874 3523 1964 3557 suut
1979 3518 2166 3565 differunt,
2183 3525 2239 3557 ta«

1182 3593 1267 3620 men
1283 3582 1518 3619 intentionem
1535 3581 1652 3628 ipsam
1671 3579 1948 3620 immutabiliter
1958 3581 2111 3620 habent.
2133 3580 2236 3619 1³1·ae-

1184 3645 1280 3692 cepit
1295 3644 1394 3681 enim
1408 3642 1583 3690 populum
1594 3652 1668 3679 non
1685 3642 1940 3690 approximare
1956 3641 2034 3680 Deo
2047 3646 2086 3679 et
2098 3650 2236 3690 eogno-

1186 3714 1302 3754 seere,
1326 3713 1400 3745 nen
1418 3702 1600 3752 quomodo
1622 3702 1788 3756 invidens
1817 3702 1873 3748 eia
1886 3702 2091 3763 „viniopfflm
2109 3702 2177 3746 sed
2196 3705 2242 3744 ut

1848 3818 1916 3828 ..⁶-
