2540 4016
307 202 378 239 215

747 201 788 236 B.
810 199 982 237 RABANI
1006 197 1153 237 MAURJ
1178 196 1394 235 ARCHIEP.
1422 196 1630 236 MOGUNT.
1658 199 1848 237 OPERUM
1870 198 1990 236 PARS
2014 199 2042 236 Ι.

2411 201 2481 240 216

307 276 482 313 Dominus
509 275 547 311 in
563 273 755 320 Evangelio
773 278 952 310 testatur:
975 273 1053 309 lota
1075 283 1187 309 unum
1209 273 1254 308 de
1281 271 1361 318 lege
1378 276 1415 315 A
1430 275 1514 319 quia
1534 285 1607 310 non
1627 275 1697 311 nisi
1716 275 1828 311 semel
1853 275 1976 311 lavare
1993 275 2174 318 valemus,
2206 276 2482 322 consequentius

306 337 494 384 praeterire
523 345 595 371 non
613 343 734 381 posse,
771 335 855 380 quia
871 336 987 371 virtus
1010 334 1172 380 decalogi
1205 343 1284 379 quae
1314 333 1366 369 ibi

309 399 527 440 continetur,
558 396 720 442 fidesque
738 397 897 433 nominis
914 398 1027 443 ipsius
1047 407 1127 442 quae
1147 396 1196 432 ibi
1216 396 1366 442 mystice

309 458 544 507 significatur,
566 457 664 493 nulla
681 467 839 503 unquam
858 463 977 503 potest
995 458 1194 494 infidelium
1219 463 1365 504 pertur-

306 522 451 559 batione
481 519 676 565 corrumpi.
706 518 774 562 Qui
789 519 935 554 habetur
966 520 1003 554 in
1038 530 1180 554 numero
1203 531 1224 555 a
1246 518 1366 565 viginti

309 582 411 616 annis
436 586 468 615 et
488 590 610 625 supra,
640 577 737 613 dabit
766 579 929 625 pretium.
951 578 1129 614 Numerus
1163 579 1367 614 vicenarius

308 642 496 687 utriusque
513 639 719 675 testamenti
738 638 1030 684 coniunctionem
1049 640 1229 686 significat
1252 651 1259 674 :
1277 638 1367 685 legis

307 703 477 738 videlieet
493 711 571 746 quae
593 699 751 745 quinque
774 699 876 736 libris
901 701 1036 746 scripta
1055 705 1123 742 est,
1147 705 1183 735 et
1202 699 1366 744 Evange-

309 763 349 798 lii
382 762 477 808 quod
509 767 677 812 quatuor.
713 760 848 804 Quater
875 761 972 796 enim
1006 761 1105 805 quini
1136 760 1274 795 faciunt
1306 770 1365 793 xx.

307 824 423 861 Annis
463 833 511 857 xx
546 831 631 867 ergo
656 822 833 861 ,babetur
865 821 1016 865 quisque
1050 821 1085 855 in
1115 829 1268 854 numero
1303 828 1369 862 po-

308 885 382 932 puli
415 884 491 926 Dei,
531 883 614 928 quia
659 882 718 918 ille
747 882 843 917 solus
875 887 931 916 est
959 881 1157 916 electorum
1188 879 1371 914 consortio

310 948 450 992 dignus,
483 945 542 990 qui
567 950 602 979 et
633 945 776 979 decreta
803 943 892 989 legis
915 942 1154 988 spiritualiter
1174 941 1367 982 intellecta,

308 1015 374 1051 per
394 1005 546 1051 gratiam
565 1003 708 1048 adjutus
736 1002 935 1047 Evangelii,
966 1011 1031 1046 pro
1056 1011 1119 1036 sua
1147 1009 1317 1035 mensura
1336 1003 1372 1034 et

310 1066 512 1111 capacitate
531 1063 693 1110 perficit3
726 1068 762 1098 et
784 1064 826 1098 de
847 1062 1005 1107 ejusdem
1025 1062 1149 1108 gratiae
1169 1061 1370 1107 promissis,

311 1133 445 1163 aeterna
469 1127 504 1160 in
526 1125 626 1160 coelis
645 1125 791 1171 praemia
819 1130 1018 1170 exspectat.
1043 1124 1145 1159 Dives
1174 1135 1243 1158 non
1270 1124 1372 1158 addet

1434 333 1574 370 labrum
1601 335 1684 378 hoc,
1705 335 1924 372 oblationem
1943 336 2047 372 nobis
2078 337 2364 383 compunctionis
2379 343 2416 373 et
2431 347 2484 373 ,ιι-

1435 404 1639 441 crymarum
1658 397 1898 440 commendat,
1932 407 2002 443 qua
2023 406 2164 443 semper
2184 407 2273 443 opus
2293 397 2482 440 habemus,

1435 456 1591 492 maxime
1623 463 1743 493 autem
1772 468 1854 494 cum
1871 458 2054 504 mysteriis
2075 457 2283 494 coelestibus
2301 457 2485 493 ministra-

1434 517 1506 552 turi
1520 519 1786 563 appropiamus,
1798 519 1882 564 quia
1902 518 2016 554 altare
2032 518 2248 562 holocausti,
2269 518 2305 554 in
2324 528 2394 563 quo
2408 527 2487 553 car-

1435 587 1499 613 nes
1522 578 1750 614 victimarum
1775 579 1928 615 Domino
1950 580 2246 623 incendebantur,
2279 578 2489 615 exstinctio-

1436 646 1518 671 nem
1564 637 1727 682 designat
1766 638 1966 673 carnalium
2006 639 2376 683 concupiscentiarum
2424 647 2490 684 per

1436 696 1556 742 ignem
1578 695 1734 741 Spiritus
1753 698 1881 732 sancti.
1897 697 2020 733 Altare
2039 707 2125 732 vero
2142 698 2389 744 thymiamatis
2423 707 2490 744 pu-

1436 756 1582 791 ritatem
1610 756 1790 801 significat
1807 767 1933 793 eorum
1957 758 2018 802 qui
2040 758 2165 802 sopitis
2184 767 2250 802 per
2267 758 2387 793 omnia
2406 768 2488 793 car-

1438 815 1494 850 nis
1514 815 1709 858 illecebris,
1743 826 1785 852 ac
1804 817 2003 852 certamine
2033 817 2219 859 vitiorum,
2250 828 2316 863 pro
2336 817 2410 853 sola
2429 827 2491 853 ex-

1439 876 1662 921 spectatione
1675 887 1717 912 ac
1736 877 1911 912 desiderio
1930 877 2087 913 coelestis
2107 878 2289 920 introitus,
2312 878 2492 924 lacrymas

1439 934 1591 971 fundunt
1618 936 1764 972 amoris.
1799 936 1910 972 Recte
1935 942 2018 982 post
2048 937 2160 972 altare
2196 937 2415 980 holocausti,
2442 938 2493 973 la-

1439 998 1543 1033 brum
1563 998 1710 1043 ponitur
1725 999 1760 1033 in
1778 1009 1849 1044 quo
1868 999 1979 1034 abluti
2000 1000 2218 1042 sacerdotes,
2245 1000 2494 1046 ingrediuntur

1441 1057 1711 1093 tabernaculum
1727 1085 1735 1101 ,
1774 1063 1814 1093 ut
1858 1059 2054 1105 thymiama
2091 1059 2242 1095 Domino
2287 1060 2491 1096 incendant.

1442 1117 1587 1153 Duobus
1603 1128 1758 1164 namque
1787 1120 1903 1154 modis
1928 1119 2172 1165 lacrymarum
2195 1126 2230 1156 et
2250 1122 2496 1167 compunctio-

313 1189 358 1223 ad
381 1188 532 1222 medium
565 1187 653 1224 sicli.
681 1195 709 1221 ct
731 1198 862 1233 pauper
895 1187 981 1222 nihil
1002 1189 1145 1222 minuet.
1180 1187 1269 1230 Quia
1298 1187 1373 1222 sive
1392 1183 1423 1221 B
1443 1189 1527 1213 num
1550 1184 1665 1214 SUUUS
1693 1179 1944 1223 diSliDgUiml'·
1972 1180 2056 1224 qnia
2072 1181 2190 1225 primo
2212 1190 2361 1216 necesse
2381 1185 2438 1216 est
2456 1186 2497 1216 Ut

312 1259 464 1294 maguus
487 1255 540 1283 est
561 1248 697 1283 meritis
717 1248 869 1293 quisque
888 1258 929 1282 ac
947 1247 1148 1292 perfectus,
1185 1258 1246 1283 seu
1267 1253 1368 1283 tener

314 1307 430 1344 adhuc
451 1314 486 1344 et
506 1309 541 1343 in
562 1314 732 1354 provectu
764 1309 899 1354 positus
920 1309 1109 1351 virtutum,
1142 1309 1282 1345 cunctis
1304 1319 1367 1344 ea-

313 1369 395 1404 dem
418 1369 474 1403 lex
503 1368 662 1414 decalogi
684 1379 762 1414 quae
783 1369 895 1404 Deum
926 1379 966 1404 ac
998 1369 1202 1415 proximum
1231 1369 1367 1413 diligat,

312 1429 518 1473 imponitur.
555 1427 828 1475 Susceptamque
861 1430 1046 1475 pecuniam
1069 1440 1146 1475 quoe
1167 1428 1295 1464 collata
1320 1434 1370 1464 est

314 1500 335 1523 a
354 1488 437 1533 filiis
466 1487 592 1531 Israel,
615 1489 732 1524 trades
761 1490 797 1524 in
826 1500 927 1524 usum
943 1488 1160 1524 tabernaculi
1182 1489 1371 1524 testimonii

314 1555 351 1585 ut
374 1550 419 1585 sit
439 1555 701 1585 monumentum
722 1561 841 1585 eorum
865 1561 983 1585 coram
1012 1550 1175 1592 Domino,
1199 1556 1231 1585 et
1256 1551 1373 1596 propi-

315 1617 419 1646 tietur
438 1612 620 1645 animabus
648 1610 802 1645 illorum.
833 1612 878 1646 Et
906 1616 1072 1655 suscepta
1101 1621 1121 1645 a
1150 1610 1234 1645 siliis
1261 1610 1372 1646 lsrael

315 1670 480 1716 pecunia,
500 1670 534 1703 in
559 1677 830 1704 monumentum
848 1679 973 1705 eorum
999 1679 1122 1704 coram
1142 1669 1296 1704 Domino
1317 1669 1374 1702 in-

317 1729 445 1773 fertur,
470 1739 551 1765 cum
578 1739 684 1764 omne
711 1729 885 1775 quidquid
911 1730 1050 1776 agimus
1066 1730 1165 1772 boni,
1184 1730 1219 1764 in
1240 1736 1374 1765 aeterna

318 1790 412 1835 apud
442 1790 663 1826 conditorem
688 1800 730 1825 ac
745 1789 907 1835 judicem
926 1796 1088 1826 nostrum
1111 1791 1285 1826 memoria
1313 1801 1374 1826 cu-

319 1852 473 1889 stoditur
495 1864 502 1886 :
522 1858 699 1898 quatenus
726 1863 769 1889 ex
790 1853 842 1888 eis
862 1863 941 1898 quae
965 1853 1015 1888 illi
1040 1853 1235 1888 obtulimus
1263 1854 1375 1888 bono-

319 1924 398 1949 rum
432 1923 581 1959 operum
606 1913 798 1956 fructibus,
818 1914 996 1958 propitius
1027 1913 1131 1947 nobis
1151 1912 1230 1947 fieri
1252 1912 1376 1957 digne-

320 1981 390 2011 tur.
413 1974 658 2019 Servaturque
690 1974 817 2010 eadem
840 1974 993 2019 pecunia
1019 1974 1054 2008 in
1081 1983 1200 2015 usum,
1234 1983 1314 2008 cum
1333 1982 1377 2007 ex

320 2036 425 2071 bonis
441 2034 621 2079 justorum
639 2034 793 2076 actibus,
821 2034 1046 2079 sequentium
1068 2034 1105 2068 in
1129 2032 1273 2069 Christo
1293 2033 1378 2068 fide-

321 2095 409 2130 lium
440 2105 560 2130 mores
586 2099 758 2139 actusque
786 2094 1066 2137 confirmantur3
1096 2104 1138 2129 ac
1171 2093 1260 2129 tales
1297 2092 1375 2128 steri

323 2155 484 2190 minores
509 2154 641 2199 quique
674 2154 907 2197 contendunt,
929 2153 1051 2200 quales
1068 2153 1178 2189 fuisse
1205 2163 1266 2188 eos
1285 2162 1375 2198 quos

325 2225 406 2251 curn
435 2215 588 2251 Domino
624 2224 777 2260 regnare
807 2219 1019 2260 agnoscunt.
1055 2214 1258 2250 Notandum
1291 2222 1377 2248 sane

325 2277 420 2322 quod
455 2277 607 2322 pecunia
635 2282 835 2312 memorata
866 2286 937 2310 non
965 2274 1069 2320 juxta
1103 2273 1378 2311 aestimationem

325 2337 434 2383 vulgi,
459 2337 522 2373 sed
536 2337 639 2382 iuxta
662 2345 867 2373 mensuram
884 2335 1007 2382 templi
1036 2335 1106 2371 erit
1129 2335 1258 2370 danda.
1280 2333 1379 2368 Men-

326 2407 411 2433 sura
442 2407 597 2443 namque
630 2397 752 2443 templi
787 2396 974 2442 dispositio
1010 2401 1065 2431 est
1101 2395 1230 2431 divinae
1269 2394 1378 2441 legis,

326 2468 433 2504 quam
460 2458 497 2493 in
516 2457 677 2494 Ecclesia
692 2467 757 2493 sua
772 2457 944 2493 Dominus
974 2456 1111 2492 servari
1135 2455 1298 2502 praecipit
1317 2467 1324 2489 :
1347 2459 1382 2490 et

328 2517 430 2562 cujus
446 2524 566 2554 tamen
593 2518 847 2561 observantiae,
871 2522 1006 2553 aeterna
1032 2517 1069 2552 in
1090 2515 1210 2552 futuro
1234 2515 1383 2561 praemia

327 2577 519 2624 promittit.
554 2576 734 2613 Caeterum
754 2577 785 2614 si
804 2577 885 2622 quis
905 2575 1009 2621 juxta
1026 2575 1198 2622 placitum
1218 2575 1384 2611 humanae

327 2638 523 2675 voluntatis
550 2639 623 2674 Deo
643 2639 781 2674 servire
797 2638 940 2681 nititur,
968 2638 1035 2672 iste
1061 2636 1144 2681 quia
1161 2636 1265 2682 Juxta
1283 2645 1386 2670 men-

330 2708 453 2734 suram
480 2699 605 2744 templi
627 2699 818 2744 pecuniam
839 2709 913 2734 suae
933 2698 1134 2733 devotionis
1155 2708 1226 2733 non
1243 2697 1386 2740 obtulit,

330 2757 522 2804 reprobata
551 2763 587 2793 et
607 2757 747 2802 abJecta
766 2757 960 2800 oblatione,
982 2757 1087 2803 plaga
1113 2757 1230 2793 ultimi
1262 2757 1389 2802 judicii

334 2817 606 2854 animadversus
625 2815 787 2852 ferietur.

732 2889 882 2927 CAPUT
915 2890 990 2926 XII.

627 2950 680 2987 De
694 2950 853 2996 faciendo
871 2950 964 2985 labio
981 2960 1088 2985 oeneo.

383 3012 535 3047 Locutus
552 3016 602 3047 est
620 3010 791 3046 Dominus
811 3010 856 3045 ad
879 3010 1023 3056 Moysen
1046 3009 1163 3045 dicens
1183 3008 1335 3047 :Facies
1354 3014 1387 3045 et

337 3074 468 3111 labium
488 3083 622 3110 aeneum
649 3083 728 3107 cum
748 3071 823 3106 basi
839 3082 905 3106 sua
928 3071 973 3106 ad
993 3071 1195 3115 lavandam,
1216 3081 1387 3117 ponesque

337 3134 426 3170 illud
453 3135 491 3169 in
513 3131 775 3168 tabernaculum
793 3131 982 3167 testimonii
1003 3131 1048 3166 ad
1069 3131 1194 3174 altare,
1225 3137 1257 3166 et
1280 3132 1389 3167 missa

339 3179 444 3241 adua,
461 3192 626 3228 lavabunt
639 3192 676 3227 in
690 3202 731 3227 ea
746 3190 866 3227 Aaron
883 3197 917 3226 et
935 3190 1000 3236 filii
1019 3191 1095 3236 ejus
1109 3202 1233 3226 manus
1248 3202 1332 3227 suas
1349 3202 1390 3226 ac

338 3253 454 3301 pedes,
474 3251 616 3299 quando
637 3250 829 3297 inqressuri
843 3255 925 3286 sunt
951 3248 1216 3286 tabernaculum
1237 3250 1392 3285 testimo-

340 3315 404 3358 nii,
435 3312 468 3350 ct
491 3312 631 3361 quando
659 3311 835 3348 accessuri
863 3310 910 3346 ad
937 3310 1063 3346 altare.
1088 3309 1214 3346 Potest
1245 3310 1390 3356 quidem

340 3374 412 3409 hoc
426 3373 521 3409 labio
550 3373 626 3409 sive
647 3372 764 3416 labro,
790 3376 832 3407 ut
859 3371 897 3407 in
921 3370 1154 3417 sequentibus
1177 3369 1391 3417 appellatur,

341 3433 588 3480 principaliter
604 3443 698 3480 aqua
717 3433 944 3479 baptismatis
971 3431 1144 3478 intelligi,
1168 3430 1272 3478 eujus
1291 3430 1392 3467 lava-

343 3503 408 3530 cro
432 3503 581 3530 necesse
610 3499 666 3531 est
686 3499 887 3543 purgentur
903 3503 1030 3531 omnes
1048 3493 1110 3540 qui
1141 3491 1314 3529 Ecclesiae
1333 3490 1392 3536 ja-

343 3562 436 3589 nuas
451 3551 716 3610 ingrediuntur
733 3554 894 3592 Verum
883 3565 922 3591 ιιι
941 3552 1214 3591 tabernaculum
1232 3552 1396 3589 testimo-

344 3613 398 3649 nii
410 3617 447 3649 et
462 3605 577 3650 altare
591 3613 792 3651 holocausti
806 3614 966 3661 positum
981 3617 1052 3658 est,
1064 3613 1152 3660 quia
1166 3611 1225 3650 bis
1238 3610 1400 3674 quotidie
1466 3617 1629 3660 petrare,
1644 3616 1688 3648 ut
1701 3620 1770 3659 pro
1784 3611 1952 3659 ingressu
1967 3612 2087 3661 regni
2094 3610 2222 3650 dum
2237 3602 2401 3658 mabit}
2424 3622 2448 3637 11
2501 3613 2503 3616 ’

345 3671 470 3711 iidem:
477 3673 548 3724 ipsi
559 3673 789 3719 sacerdotes,
799 3675 872 3712 hoc
880 3678 940 3711 est
950 3681 1060 3711 mane
1076 3677 1116 3711 et
1126 3681 1298 3720 vespere,
1311 3671 1400 3712 mm

1439 1239 1589 1283 quisque
1619 1239 1663 1273 ad
1683 1239 1875 1274 Dominum
1895 1249 2090 1275 conversus
2108 1250 2174 1284 pro
2205 1241 2261 1276 his
2293 1251 2372 1286 qua?
2394 1251 2496 1279 com-

1438 1300 1537 1335 misit
1555 1300 1713 1344 peccatis
1742 1300 1884 1335 veniam
1906 1300 1996 1335 susis
2017 1300 2186 1346 lacrymis
2216 1306 2394 1346 precetur.
2429 1300 2498 1345 Qui

1439 1374 1519 1400 cum
1537 1363 1793 1399 comitantibus
1813 1363 1930 1409 dignis
1950 1364 2171 1409 poenitentiae
2190 1363 2368 1400 fructibus
2393 1364 2498 1410 longo

1440 1431 1603 1470 tempore
1632 1424 1839 1470 profecerit,
1877 1430 1990 1459 restat
2019 1429 2059 1459 ut
2087 1425 2246 1460 securior
2276 1426 2319 1461 de
2353 1430 2500 1470 accepta

1441 1490 1627 1531 pectorum
1657 1485 1763 1520 venia
1785 1483 1947 1527 effectus,
1975 1484 2049 1530 jam
2074 1485 2260 1521 desideriis
2280 1485 2501 1521 inhiantibus

1441 1551 1539 1592 optet
1559 1546 1684 1581 venire
1699 1551 1854 1591 tempus,
1872 1555 1942 1590 quo
1959 1550 2141 1580 mereatur
2160 1545 2253 1580 inter
2272 1545 2501 1581 beatissimos

1442 1607 1652 1653 angelorum
1676 1608 1806 1643 choros
1826 1606 1955 1642 faciem
1973 1606 2157 1643 Creatoris
2176 1607 2311 1643 videre.
2332 1606 2423 1650 Quid
2439 1606 2502 1652 qui

1441 1670 1621 1705 veraciter
1651 1669 1736 1715 agit,
1761 1679 1990 1714 nequaquam
2011 1670 2148 1714 absque
2174 1668 2343 1715 lacrymis
2362 1667 2419 1703 vel
2434 1667 2502 1703 hu-

1439 1729 1497 1774 jus
1523 1729 1606 1764 vitae
1635 1729 1908 1774 longitudinem,
1929 1728 1985 1763 vel
2005 1728 2099 1763 illius
2120 1728 2250 1763 tolerat
2274 1728 2497 1771 dilationem,

1445 1790 1569 1825 dicens
1589 1790 1632 1824 de
1655 1789 1750 1824 ista:
1771 1787 1850 1823 Heu
1867 1799 1922 1823 me
1945 1789 2027 1833 quia
2053 1788 2227 1823 incolatus
2248 1800 2343 1823 meus
2362 1787 2503 1835 prolon-

1444 1858 1544 1898 qutus
1570 1857 1642 1893 est,
1675 1849 1826 1885 habitavi
1857 1861 1935 1884 cum
1957 1849 2193 1884 habitantibus
2223 1847 2337 1884 Cedar
2371 1848 2501 1895 (Psat.

1444 1912 1555 1958 cmx),
1583 1911 1618 1946 id
1642 1916 1709 1953 est,
1743 1920 1825 1945 cum
1852 1910 1909 1945 his
1928 1910 1988 1954 qui
2010 1909 2045 1944 in
2071 1910 2230 1944 tenebris
2261 1919 2427 1944 errorum
2457 1919 2500 1945 ac

1446 1972 1623 2009 scelerum
1643 1977 1848 2013 versantur,
1881 1971 1975 2016 quod
1999 1971 2213 2006 vocabulum
2242 1970 2358 2006 Cedar
2385 1975 2501 2006 sonat.

1446 2033 1526 2079 lpse
1556 2032 1631 2077 jam
1660 2036 1842 2077 perpetuae
1863 2031 1953 2067 lucis
1973 2032 2102 2077 gaudia
2130 2031 2330 2077 suspirans,
2352 2031 2504 2066 multum

1395 2083 1423 2124 C
1446 2094 1662 2130 laboriosam
1678 2093 1780 2128 duxit
1798 2092 1920 2135 vitam,
1942 2093 2026 2138 quia
2047 2098 2217 2138 quantum
2238 2092 2420 2128 coelestem
2441 2102 2505 2137 pa-

1446 2158 1553 2192 triam
1585 2156 1680 2198 sitio,
1722 2159 1861 2190 tantum
1889 2154 2059 2190 viciniam
2082 2164 2275 2200 pravorum
2297 2154 2389 2189 inter
2416 2162 2506 2198 quos

1446 2219 1563 2255 incola
1581 2227 1783 2254 conversor
1802 2217 1949 2259 horreo,
1970 2216 2092 2252 dicens
2107 2216 2194 2251 item
2210 2215 2254 2251 de
2272 2214 2332 2250 illa
2359 2226 2367 2249 :
2390 2213 2506 2250 sitivit

1447 2281 1565 2315 arima
1587 2290 1663 2314 mea
1683 2280 1729 2313 ad
1755 2278 1866 2312 Deum
1885 2278 2012 2320 vivum,
2039 2277 2179 2323 quando
2197 2277 2331 2312 veniam
2347 2280 2380 2311 et
2399 2285 2507 2322 appa-

1449 2341 1527 2376 rebo
1549 2345 1628 2374 ante
1647 2339 1772 2384 faciem
1792 2338 1856 2373 Dei
1876 2336 1999 2383 (Psal.
2019 2337 2115 2384 xm).
2137 2337 2253 2382 Quam
2272 2335 2434 2383 profecto
2453 2335 2504 2371 si-

1449 2401 1527 2444 tim,
1548 2401 1632 2445 quia
1659 2399 1735 2435 sine
1769 2398 1939 2444 lacrymis
1962 2397 2057 2434 ferre
2075 2399 2262 2444 nequibat,
2288 2398 2507 2442 subsequen-

1450 2462 1501 2497 tia
1529 2460 1641 2496 vcrba
1672 2459 1854 2496 declarant
1879 2468 1888 2492 ε
1909 2456 2071 2493 Fuerunt
2103 2458 2188 2493 mihi
2224 2457 2388 2503 lacrymoe
2422 2467 2508 2492 meae

1452 2533 1557 2569 panes
1576 2522 1631 2557 die
1649 2533 1689 2557 ac
1705 2527 1817 2557 nocte.
1835 2519 1887 2556 Ac
1901 2520 1932 2556 si
1953 2524 2077 2566 aperte
2096 2519 2234 2555 diceret
2253 2531 2260 2554 :
2282 2518 2360 2562 Quo
2375 2518 2509 2554 diutius

1454 2594 1474 2619 a
1487 2582 1642 2618 videnda
1659 2581 1751 2618 facie
1779 2581 1843 2617 Dei
1862 2581 1908 2616 ad
1927 2578 2034 2626 quem
2052 2580 2222 2616 ardenter
2241 2578 2324 2615 sitio
2346 2576 2507 2621 differor,

1455 2653 1497 2680 eo
1518 2642 1657 2678 dulcius
1673 2651 1766 2688 pane
1784 2641 2030 2688 lacrymarum
2045 2650 2136 2686 quas
2151 2641 2188 2676 in
2203 2638 2280 2685 ejus
2297 2638 2509 2675 memoriam

1456 2703 1567 2740 fundo
1591 2703 1747 2739 reficior.
1779 2703 1891 2749 Igitur
1907 2702 2021 2738 altare
2038 2700 2240 2737 holocausti
2259 2701 2437 2745 lacrymas
2454 2699 2511 2735 in-

1457 2767 1576 2802 sinuat
1602 2764 1856 2810 poenitentium
1877 2762 1920 2796 de
1939 2761 2097 2805 peccatis
2127 2769 2207 2806 quae
2233 2764 2434 2806 gesserunt,
2455 2758 2510 2794 al-

1457 2833 1535 2863 tare
1566 2825 1704 2861 incensi
1730 2823 1834 2858 ssetus
1866 2822 2037 2868 exprimit
2068 2821 2300 2868 gaudentium
2329 2821 2373 2857 de
2406 2821 2511 2858 bonis

1458 2886 1626 2932 operibus
1643 2894 1722 2930 quae
1741 2883 1892 2920 Domino
1907 2882 2055 2928 juvante
2079 2882 2321 2929 perfecerunt,
2351 2892 2394 2918 ac
2412 2882 2510 2918 desi-

1459 2945 1665 2983 derantium
1681 2944 1851 2989 praemia,
1877 2954 1957 2990 quae
1978 2954 2018 2980 se
2047 2951 2259 2990 accepturos
2279 2942 2431 2979 Domino
2453 2951 2511 2978 re-

1458 3008 1671 3042 munerante
1707 3003 1904 3040 confidunt.
1942 3003 2011 3048 Qui
2045 3003 2215 3040 nimirum
2238 3002 2344 3040 fletus
2371 3007 2511 3039 tantum

1458 3065 1632 3113 praecellit
1649 3065 1778 3112 priori,
1810 3071 1987 3111 quantum
2006 3070 2202 3102 aeramento
2220 3075 2368 3109 aurum;
2393 3074 2512 3111 quan·
2537 3110 2540 3113 Ι

1459 3131 1537 3161 tum
1551 3124 1685 3161 Sancta
1703 3130 1913 3162 sanctorum
1928 3124 2003 3174 (ubi
2021 3131 2100 3162 erat
2116 3135 2202 3162 arca
2221 3123 2380 3172 Domini)
2398 3123 2540 3172 priori

1460 3187 1713 3230 tabernaculo,
1736 3187 1775 3223 in
1797 3197 1869 3233 quo
1896 3187 2153 3224 candelabrum
2175 3191 2212 3223 et
2228 3195 2352 3223 mensa
2370 3182 2540 3252 Domini*

1462 3249 1618 3291 stabant,
1636 3252 1780 3285 constat
1803 3247 1915 3284 fuisse
1939 3247 2101 3294 praelata.
2120 3246 2270 3293 Propter
2297 3247 2412 3283 altare
2424 3254 2540 3297 πως

1462 3308 1661 3344 holocausti
1688 3307 1829 3344 labrum
1855 3313 1935 3345 erat
1958 3308 2137 3354 positum,
2159 3306 2198 3342 in
2213 3315 2286 3352 quo
2306 3298 2540 3373 lavarentur!

1463 3367 1526 3414 qui
1544 3367 1590 3404 ad
1609 3367 1750 3404 altare·
1741 3369 1878 3405 incensi
1908 3367 2108 3410 intrabant,
2135 3365 2220 3412 quia
2235 3374 2342 3402 nemo
2365 3368 2519 3433 repente
2533 3376 2540 3402 ι·

1463 3427 1506 3463 fit
1545 3437 1732 3473 summus,
1770 3429 1836 3466 sed
1870 3426 2145 3475 proficientibus
2181 3425 2322 3463 meritis
2361 3424 2457 3472 qut.
2479 3439 2482 3454 t

1463 3488 1582 3535 primo
1600 3488 1694 3526 bella
1712 3489 1820 3526 dehet
1837 3489 2009 3526 vitiorum
2025 3488 2232 3532 devincam
2248 3481 2382 3525 deinde
2396 3491 2474 3543 aco
2485 3492 2526 3515 st>

1467 3551 1584 3589 ditore
1601 3561 1668 3589 suo
1691 3551 1968 3606 compunctione
2000 3542 2246 3599 lacrymarum
2257 3541 2426 3595 'suff'
2442 3545 2503 3583 ia:-

1466 3670 1611 3720 possit,
1626 3671 1689 3718 qui
1716 3680 1802 3718 pro
1816 3671 1946 3709 timore
1967 3660 2323 3720 poenamn‘ipffl
2371 3662 2451 3701 ,

342 3728 690 3778 *autumamus
703 3735 818 3773 aim
841 3734 1046 3784 mum«
1058 3733 1225 3772 amm
1227 3729 1428 3779 wm-
1460 3736 1628 3769 mm.
1655 3728 1750 3776 Quid
1764 3728 1889 3768 annm
1904 3731 2036 3777 nasis,
2031 3730 2086 3771 a»
2094 3722 2297 3780 utam
2318 3733 2330 3761 ε
2343 3745 2358 3760 .
2384 3737 2386 3739 >
2410 3753 2413 3759 2

348 3788 387 3825 in
412 3796 458 3827 eo
485 3790 599 3831 lavari
626 3794 800 3842 praeccpti
820 3799 920 3832 sunt.
938 3794 1044 3842 Aqua
1073 3798 1195 3832 auum
1217 3787 1404 3843 hnmani,

1471 3797 1552 3832 erat
1565 3792 1734 3840 positum,
1765 3790 1886 3840 aptius
1897 3801 2007 3839 quam
2022 3790 2143 3839 ipsum
2160 3765 2494 3834 &duim
