2540 4016
295 307 355 356 qui
389 305 425 340 in
456 299 670 349 protundum
693 293 843 332 demersi
861 295 943 327 sunt
959 289 1051 325 sicut
1068 283 1254 332 plumbum
1284 282 1323 317 in
1340 282 1378 323 A

294 375 387 422 aqua
406 360 638 400 validissima.
671 355 791 393 Sancti
810 358 927 389 autem
960 359 1029 385 non
1061 347 1331 392 demerguntur,

295 428 358 466 sed
374 422 563 464 ambulant
595 428 700 465 super
725 424 848 461 aquas,
865 412 947 459 quia
968 410 1063 445 leves
1079 411 1165 444 sunt
1196 410 1234 442 et
1250 413 1334 451 pec-

297 488 368 526 cati
397 484 553 533 pondere
584 489 652 516 non
681 479 884 522 gravantur.
918 469 1079 515 Denique
1102 464 1278 503 Dominus
1294 467 1333 500 et

301 546 466 583 Salvator
492 550 598 587 super
626 545 736 582 aquas
751 530 959 569 ambulavit.
981 529 1058 575 lpse
1076 526 1174 563 enim
1196 530 1253 561 est
1272 523 1333 570 qui

300 615 382 643 vere
402 606 581 650 peccatum
614 595 741 632 nescit.
760 590 964 629 Ambulavit
983 594 1019 626 et
1038 586 1234 634 discipulus
1258 583 1334 630 ejus

301 667 439 706 Petrus,
459 662 542 698 licet
555 657 696 706 paulum
715 652 959 700 trepidaverit.
989 650 1067 686 Non
1098 649 1193 684 enim
1213 652 1335 683 tantus

300 731 377 763 erat
400 729 435 759 et
455 721 546 762 talis,
565 718 626 764 qui
645 716 732 753 nibil
749 714 896 751 omnino
927 713 972 749 de
985 711 1104 758 speeie
1120 709 1256 756 plumbi
1274 709 1336 743 ba-

299 783 416 822 buerit
438 780 644 817 admixtum.
664 775 758 823 lgnis
775 774 951 819 decoquat
965 777 1003 808 et
1023 770 1192 812 resolvat,
1210 775 1249 804 ut
1263 767 1337 804 etil-

301 845 438 881 ciantur
472 850 595 878 omnes
632 846 759 873 aurum
782 835 929 877 bonum,
950 833 1034 879 quia
1066 841 1195 866 aurum
1228 837 1335 864 terrae

304 905 394 941 illius
410 904 541 940 bonum
556 910 632 937 esse
646 898 788 939 dicitur,
806 905 914 942 quam
935 892 1091 930 habituri
1110 896 1194 927 sunt
1208 888 1336 925 sancti.

306 965 350 1001 Et
370 964 462 1000 sicut
491 961 616 997 fornax
648 957 775 1004 probat
793 965 941 997 aurum,
966 954 1014 989 ita
1036 952 1201 988 homines
1223 949 1341 994 justos

308 1024 465 1061 tentatio.
488 1019 707 1058 veniendum
725 1022 780 1053 est
789 1025 875 1062 ergo
883 1013 1047 1050 omnibus
1066 1012 1110 1047 ad
1127 1008 1340 1057 ignem.Ve-

307 1084 471 1120 niendum
491 1081 536 1116 ad
549 1077 808 1115 conflatorium.
842 1074 913 1110 Sed
939 1078 975 1108 et
994 1072 1088 1108 enim
1106 1070 1277 1107 Dominus
1307 1073 1343 1104 et

309 1143 439 1180 conflat
460 1146 496 1176 et
512 1143 639 1185 purgat
656 1137 747 1172 tilios
765 1134 866 1170 tuda.
891 1133 960 1168 Sed
979 1132 1061 1167 illuc
1079 1141 1159 1166 cum
1187 1130 1341 1172 venitur,

314 1202 344 1239 si
376 1200 454 1246 quis
487 1197 595 1234 multa
622 1204 728 1241 opera
753 1194 844 1229 bona
861 1198 898 1228 et
919 1201 1044 1237 parum
1062 1190 1195 1235 aliquid
1212 1189 1343 1235 iniqui·
1362 1183 1394 1222 B
1413 1198 1433 1224 a
1455 1194 1564 1229 terra,
1591 1187 1668 1223 haec
1698 1195 1807 1222 causa
1841 1184 1951 1220 suerit
1982 1182 2079 1229 quod
2111 1182 2273 1219 extendit
2290 1180 2466 1218 Dominus

316 1262 400 1296 tatis
420 1259 590 1300 attulerit,
619 1257 701 1293 illud
716 1266 840 1302 parum
863 1260 1030 1299 tanquam
1060 1252 1242 1298 plumbum
1273 1250 1345 1297 igni

319 1320 508 1357 resolvitur
523 1329 562 1354 ac
584 1323 765 1364 purgatur,
784 1320 819 1350 et
833 1319 943 1349 totum
965 1318 1122 1348 remanet
1142 1321 1266 1346 aurum
1285 1321 1348 1356 pu-

316 1390 407 1416 rum.
427 1379 470 1415 Et
490 1379 519 1414 si
538 1378 616 1423 quis
632 1377 710 1422 plus
730 1375 811 1411 illuc
830 1374 962 1419 plumbi
978 1372 1155 1414 detulerit,
1183 1371 1261 1417 plus
1288 1382 1348 1406 ex-

317 1438 443 1480 uritur,
463 1443 499 1472 ut
529 1435 679 1480 amplius
712 1434 941 1478 decoquatur,
963 1438 1001 1467 ut
1020 1431 1047 1466 si
1071 1440 1195 1476 parum
1217 1430 1350 1474 aliquid

316 1499 409 1541 auri,
446 1503 630 1543 purgatum
669 1502 785 1530 tamen
820 1493 984 1528 resideat.
1021 1491 1119 1534 Quod
1153 1491 1181 1525 si
1221 1490 1350 1535 aliquis

317 1558 398 1595 illuc
434 1564 526 1593 totus
554 1557 738 1603 plumbeus
758 1555 907 1595 venerit,
925 1553 983 1588 liet
1011 1553 1055 1588 de
1075 1551 1133 1586 illo
1157 1552 1224 1586 hoc
1256 1550 1351 1595 quod

318 1621 486 1665 seriptum
519 1623 575 1654 est
606 1629 614 1652 :
655 1616 879 1660 Demergitur
913 1615 948 1648 in
988 1612 1161 1657 profundo
1183 1618 1353 1656 tanquam

319 1679 502 1726 plumbum
535 1678 571 1711 in
591 1687 680 1720 aqua
706 1675 938 1709 validissima.
959 1673 1059 1714 Quis,
1084 1673 1211 1716 inquit,
1233 1671 1354 1705 similis

322 1740 382 1774 tibi
399 1739 434 1772 t'n
461 1738 542 1778 diis,
562 1736 730 1771 Domine?
758 1735 832 1780 quis
863 1733 984 1768 similis
1017 1732 1092 1774 tibi,
1123 1731 1290 1777 ylariosus
1322 1732 1358 1764 t'n

324 1799 467 1839 sanctis,
501 1795 666 1831 mirabilis
682 1795 716 1829 in
746 1793 995 1838 majestatibus,
1014 1791 1143 1836 faciens
1172 1788 1359 1836 proiiiyia?

325 1858 423 1901 Quod
456 1857 553 1897 dicit,
574 1855 658 1898 Quis
678 1854 797 1889 similis
815 1854 873 1887 tibi
902 1853 936 1887 in
967 1852 1046 1894 diis,
1067 1862 1137 1886 non
1159 1850 1359 1885 simulacris

325 1914 479 1960 gentium
500 1919 681 1959 comparat
711 1912 836 1953 Deum,
872 1921 938 1945 nec
963 1910 1180 1945 daemonibus
1213 1909 1273 1952 qui
1293 1908 1362 1942 sibi

326 1974 413 2010 falso
432 1975 577 2010 deorum
611 1984 739 2008 nonien
770 1972 968 2012 assiscun23
990 1970 1051 2005 sed
1070 1970 1155 2005 deos
1181 1968 1259 2003 illos
1278 1967 1363 2002 dicit

325 2034 385 2079 qui
404 2044 466 2079 per
481 2034 628 2078 gratiam
647 2038 683 2066 et
708 2030 1016 2077 participationem
1048 2029 1108 2064 Dei
1140 2027 1364 2073 appellantur

328 2091 389 2126 dii.
422 2091 470 2126 De
498 2091 627 2135 quibus
656 2095 691 2125 et
722 2089 805 2124 alibi
831 2087 1014 2132 Scriptura
1031 2086 1117 2121 dicit
1139 2098 1147 2121 :
1171 2084 1244 2131 qu
1277 2086 1364 2126 dixi,
1384 2074 1414 2115 C

331 2150 388 2185 Dii
403 2150 483 2184 estis
499 2149 611 2195 (I'sal.
629 2151 721 2193 xiii).
741 2149 781 2183 Et
801 2149 950 2183 iterum:
968 2147 1059 2182 Deus
1074 2147 1164 2181 stetit
1181 2147 1215 2180 in
1230 2156 1369 2191 conare-

333 2209 468 2255 qatione
500 2209 639 2243 deorum
680 2208 817 2254 (thien).
858 2208 928 2242 Sed
963 2207 998 2242 hi
1031 2207 1194 2253 quamvis
1221 2216 1369 2251 capaces

336 2270 407 2306 sint
437 2270 512 2311 Dei,
530 2276 564 2305 et
580 2270 646 2305 boc
663 2270 805 2304 nomine
823 2268 947 2303 donari
964 2278 1027 2314 per
1044 2268 1194 2313 gratiam
1226 2267 1370 2302 videan-

336 2335 405 2371 tur,
427 2329 543 2364 nullus
569 2336 684 2365 tamen
706 2328 777 2364 Deo
805 2328 931 2363 similis
961 2327 1153 2369 invenitur,
1172 2326 1227 2361 vel
1255 2327 1288 2361 in
1310 2336 1373 2371 ρο·

341 2390 467 2431 tentia,
490 2389 543 2424 vel
570 2389 604 2424 in
630 2395 769 2423 natura.
814 2388 856 2423 Et
887 2388 969 2422 licet
1002 2387 1158 2422 loannes
1191 2378 1372 2431 apostolus

336 2446 451 2482 dicat:
468 2446 601 2489 Fitioti,
623 2448 774 2482 nondum
793 2448 918 2482 seinans
936 2447 1018 2492 qnid
1050 2446 1159 2491 futuri
1178 2457 1309 2481 sumus.
1333 2445 1373 2481 Si

333 2512 446 2540 autem
483 2506 668 2541 revelatum
695 2507 789 2541 nobis
823 2507 941 2551 suerit,
978 2506 1021 2541 de
1053 2505 1203 2541 Domino
1223 2505 1372 2548 scilicet,

332 2567 458 2603 similes
480 2566 531 2600 illi
563 2567 691 2601 erimus
718 2566 751 2611 (1
781 2565 886 2601 Joan.
908 2566 977 2611 ιιι).
1012 2565 1214 2601 Similitudo
1254 2571 1374 2601 tamen

333 2627 409 2663 haee
442 2633 511 2662 non
543 2626 588 2661 ad
614 2632 793 2668 naturam,
817 2627 879 2662 sed
899 2626 942 2662 ad
972 2626 1123 2671 gratiam
1155 2633 1371 2662 revocatur:

334 2687 434 2724 verbi
465 2697 573 2722 causa
592 2692 632 2721 ut
659 2687 688 2721 si
712 2687 869 2722 dicamus
904 2688 1080 2732 picturam
1108 2687 1261 2723 similem
1295 2698 1376 2725 esse

336 2745 414 2791 ejus
431 2755 531 2790 cujus
545 2746 660 2792 imago
678 2746 713 2781 in
732 2747 870 2791 pictura
893 2748 1031 2782 videtur
1050 2758 1232 2794 expressa,
1263 2759 1376 2794 quan-

340 2812 413 2843 tum
445 2806 489 2842 ad
527 2807 676 2852 gratiam
716 2807 896 2851 pertinet,
925 2808 1022 2843 visus
1055 2809 1180 2844 similis
1221 2811 1375 2853 dicitur;

339 2873 509 2912 quantum
545 2868 591 2902 ad
627 2866 887 2909 substantiam,
928 2866 1031 2912 longe
1069 2867 1274 2903 dissimilis.
1317 2870 1379 2906 llla

340 2928 435 2963 cnirn
472 2926 609 2972 species
649 2926 768 2962 carnis
795 2932 850 2962 est
875 2932 910 2962 et
937 2927 1097 2972 eorporis
1114 2928 1207 2971 vivi,
1228 2929 1295 2963 ista
1320 2939 1382 2965 co-

342 2985 457 3020 lorum
478 2983 580 3020 tuens
601 2989 667 3027 est,
686 2990 724 3021 et
737 2991 881 3030 caetera,
901 2985 1030 3022 tabulis
1048 2997 1154 3023 sensu
1174 2989 1379 3025 carentibus
1396 2971 1431 3010 Ῑ)

342 3045 577 3090 superposita.

389 3102 514 3139 Nullus
531 3112 617 3148 ergo
648 3103 684 3140 in
702 3104 770 3140 diis
800 3105 925 3142 similis
949 3106 1112 3144 Domino.
1133 3107 1256 3145 Nullus
1285 3109 1382 3145 enim

344 3162 546 3206 invisibilis,
577 3163 694 3200 nullus
727 3164 982 3211 incorporeus,
999 3166 1116 3204 nullus
1136 3167 1380 3213 immutabilis,

345 3223 463 3261 nullus
480 3225 560 3261 sine
592 3225 692 3262 initio
725 3231 762 3261 et
791 3227 868 3262 sine
887 3226 972 3270 ssne,
993 3227 1110 3264 nullus
1143 3234 1286 3266 creator
1302 3240 1381 3266 om-

344 3283 459 3327 nium,
472 3285 542 3321 nisi
558 3283 755 3322 Patercum
773 3284 865 3322 Pilio
880 3291 918 3323 et
935 3286 1071 3334 Spiritu
1096 3294 1235 3326 sancto.
1256 3289 1388 3326 Exten-

343 3342 428 3381 distt‘
457 3344 638 3382 donarant
670 3352 781 3390 tuam,
818 3353 851 3384 et
884 3346 1061 3384 devoravit
1092 3360 1150 3386 eos
1185 3355 1294 3386 terra.
1316 3350 1388 3398 (Ex

348 3404 565 3472 hyantino.)
580 3405 692 3443 Terra
703 3416 771 3453 pro
787 3417 881 3455 aqna
895 3409 1065 3447 nimirum
1081 3415 1139 3448 est
1153 3412 1284 3459 posita.
1299 3412 1389 3450 Tota

349 3473 479 3512 qnippe
507 3475 592 3512 pars
610 3467 679 3505 ista
709 3472 874 3506 extre-a
891 3469 949 3507 vel
966 3470 1111 3510 intirim
1135 3472 1260 3510 mundi
1283 3478 1389 3510 terrae

348 3522 683 3572 moenum,
700 3527 898 3566 secundum
914 3529 951 3567 id
979 3531 1078 3578 quod
1110 3541 1207 3580 sepe
1232 3532 1390 3570 dicitur?

349 3577 518 3630 fluant
549 3583 630 3630 teeti
659 3585 781 3624 cot-n
797 3594 832 3624 ee
849 3594 981 3627 ειη-αι
1009 3589 1125 3639 (Put-
1144 3592 1320 3642 cavum
1347 3598 1390 3632 ot

350 3641 388 3679 i·
400 3641 496 3682 imus
510 3645 640 3692 patui
655 3647 923 3697 distributione,
946 3655 1258 3695 mnus.
1275 3654 1388 3701 eob-

350 3701 676 3753 chus-uum,
703 3708 1040 3757 inquiam-tun
1058 3714 1105 3752 de
1130 3720 1262 3755 tavae
1288 3721 1390 3765 qn

1218 3826 1252 3835 .*
1270 3823 1354 3837 -οοδῡ
1372 3828 1382 3836 ι

711 222 753 259 B.
778 217 947 258 mm
968 210 1114 252 naum
1136 205 1351 248 anemae.
1376 203 1584 260 uocum.
1609 199 1801 244 οΡΕιωιι
1823 198 1944 238 rans
1967 198 1996 237 1.

1873 6 1934 67 ι..

2032 131 2065 163 0

1394 279 1467 329 (Es
1481 277 1660 327 Oriyaene.)
1676 277 1809 325 impios
1824 275 1969 323 quidem
1991 277 2028 310 et
2042 270 2149 310 hodie
2165 266 2317 309 devoffl
2329 273 2445 324 terra.

1390 341 1454 396 ‘An
1476 352 1550 379 non
1570 341 1635 378 tibi
1653 340 1800 378 videtur
1813 349 1836 375 a
1850 344 1948 376 terra
1965 335 2128 375 devorari
2147 333 2207 371 ille
2223 332 2287 380 qui
2304 327 2450 379 semper
2488 343 2493 354 ³

1398 404 1444 441 de
1459 409 1558 441 terra
1579 402 1728 450 cogitat,
1755 401 1817 449 qui
1834 396 1988 448 semper*
2007 403 2172 435 terrenos
2190 400 2294 432 actus
2320 389 2453 439 liabet,

1398 463 1462 512 qui
1484 464 1529 500 de
1554 468 1652 499 terra
1669 460 1843 508 loquitur,
1858 460 1902 498 de
1930 464 2030 496 terra
2050 457 2181 504 litigat,
2214 461 2350 492 terram
2383 452 2450 491 de-

1399 524 1547 569 siderat,
1562 528 1600 561 et
1610 517 1756 560 omneni
1774 531 1879 569 spem
1900 525 2004 558 suam
2020 518 2123 567 ponit
2142 518 2179 555 in
2195 523 2306 560 terra,
2324 514 2388 562 qui
2403 514 2451 552 ad

1400 585 1531 623 coelum
1561 594 1633 620 non
1660 583 1821 630 respicit,
1841 582 1903 629 qui
1915 581 2038 618 futura
2052 591 2126 618 non
2144 579 2292 626 cogitat,
2310 575 2450 624 qui'ju-

1401 645 1535 681 dicium
1566 643 1631 680 Dei
1648 653 1720 680 non
1745 638 1892 685 meruit,
1930 650 1998 678 nec
2023 641 2130 677 beata
2166 637 2244 685 ejus
2275 637 2455 686 promissa

1402 703 1595 746 desiderat,
1631 703 1695 739 sed
1730 711 1874 748 semper
1909 701 1954 738 dc
1986 699 2228 748 praesentibus
2259 699 2394 746 cogitat
2418 701 2457 735 et

1404 773 1546 804 terrena
1570 764 1740 811 suspirat.
1777 763 1900 800 Talem
1929 773 2012 799 cum
2046 762 2194 805 videris,
2225 761 2337 797 dicito
2372 758 2458 806 quia

1403 827 1590 863 devoravit
1623 835 1706 861 eum
1726 830 1839 861 terra.
1875 822 1946 860 Sed
1979 823 2065 860 etsi
2100 822 2292 868 quemdam
2324 819 2460 857 videris

1405 887 1556 923 luxuriae
1571 886 1692 922 carnis
1716 891 1753 921 et
1777 884 2021 931 voluptatibus
2038 882 2200 930 eorporis
2229 881 2403 925 deditum,
2421 881 2460 918 in

1406 956 1478 992 quo
1491 946 1631 982 animus
1651 944 1742 981 nibil
1760 944 1868 986 valet,
1891 944 1953 980 sed
1974 948 2087 980 totum
2100 941 2212 979 libido
2223 940 2346 979 carnis
2367 939 2462 978 obti-
2518 956 2525 958 ἡ

1407 1007 1499 1050 nuit,
1527 1006 1637 1043 dicito
1669 1011 1706 1042 et
1738 1005 1783 1042 de
1817 1005 1885 1040 boc
1921 1004 2006 1050 quia
2029 1003 2216 1040 devoravit
2231 1011 2314 1038 eum
2349 1006 2461 1038 terra.

1409 1066 1536 1104 Adbuc
1567 1076 1623 1102 me
1654 1069 1775 1102 movet
1802 1064 1898 1110 quod
1918 1064 1969 1099 ait
2002 1074 2012 1098 ε

1412 1134 1524 1170 taam,
1541 1132 1573 1163 et
1589 1126 1765 1162 devoravit
1784 1135 1842 1161 eos
1862 1130 1970 1167 terra,
2003 1123 2108 1170 quasi
2138 1128 2178 1158 ut
2206 1123 2465 1159 devorarentur

2048 1061 2249 1098 Extendisti
2282 1061 2463 1097 dexteram

1414 1250 1601 1286 dexteram
1636 1257 1752 1284 suam.
1780 1246 1819 1284 Si
1838 1245 2046 1282 consideres
2077 1243 2256 1290 quomodo
2279 1242 2466 1285 Dominus,

1415 1310 1593 1346 exaltatus
1613 1309 1648 1344 in
1666 1317 1788 1350 cruce,
1813 1312 1889 1343 tota
1906 1306 1963 1342 die
1983 1305 2146 1357 extendit
2163 1314 2292 1340 manus
2319 1313 2405 1340 suas
2422 1302 2470 1339 ad

1416 1371 1583 1417 populum
1599 1381 1670 1406 non
1690 1369 1897 1405 credentem
1920 1373 1955 1403 et
1973 1366 2296 1409 contradicentem,
2315 1370 2352 1401 et
2383 1373 2471 1410 qua·

1419 1430 1501 1466 liter
1534 1430 1714 1466 infidelem
1745 1428 1928 1474 populum,
1966 1428 2027 1473 qui
2061 1426 2244 1469 clamavit,
2282 1425 2471 1472 Crucifiqe,

1420 1490 1585 1536 crucifiqe
1604 1501 1681 1525 eum
1715 1488 1859 1536 (Manli.
1891 1488 1995 1536 xvu),
2028 1498 2125 1524 mors
2151 1487 2298 1524 admissi
2327 1485 2473 1522 sceleris

1419 1551 1599 1597 oppressit
1620 1578 1629 1593 ,
1665 1549 1852 1586 evidenter
1893 1549 2054 1584 invenies
2093 1548 2272 1594 quomodo
2311 1545 2476 1582 extendit

1422 1612 1604 1646 dexteram
1623 1620 1740 1653 suam,
1761 1616 1797 1645 et
1832 1609 2018 1645 devoravit
2037 1618 2099 1644 eos
2118 1613 2214 1643 terra
2235 1619 2244 1642 :
2266 1615 2333 1642 nec
2354 1612 2475 1642 tamen

1423 1671 1564 1716 penitus
1590 1669 1851 1716 desperandum
1872 1675 1940 1705 est.
1971 1668 2146 1704 Possibile
2167 1677 2323 1713 namque
2349 1671 2405 1702 est
2435 1671 2476 1701 ut

1425 1733 1454 1767 si
1474 1731 1564 1767 sorte
1584 1733 1774 1777 resipiscat
1793 1731 1855 1777 qui
1886 1731 2079 1766 devoratus
2099 1735 2169 1772 est,
2188 1738 2334 1765 rursum
2362 1726 2478 1774 possit

1425 1795 1541 1829 evomi
1574 1795 1666 1829 sicut
1686 1793 1811 1829 Jonas.
1849 1791 2034 1827 Deduxisti
2055 1791 2199 1836 justitia
2230 1796 2290 1824 tua
2311 1787 2478 1836 populum

1428 1862 1526 1890 tuum
1546 1855 1637 1888 hunc
1658 1848 1759 1898 quem
1778 1852 1946 1887 liberasti.
1970 1850 2177 1886 Consulatus
2202 1862 2237 1886 es
2258 1851 2384 1886 virtute
2401 1855 2478 1894 tua,

1429 1921 1459 1948 et
1477 1915 1513 1948 in
1526 1914 1640 1958 requie
1655 1919 1775 1947 sancta
1790 1919 1863 1947 tua.
1880 1913 2051 1948 Dominus
2062 1912 2230 1959 populum
2243 1921 2361 1954 suum,
2373 1920 2482 1956 quem

1431 1974 1595 2010 liberavit
1610 1985 1673 2020 per
1692 1974 1873 2010 lavacrum
1891 1973 2190 2019 regenerationis,
2209 1972 2352 2008 deducit
2372 1972 2407 2007 in
2427 1970 2483 2017 ju-

1435 2036 1533 2072 stitia
1554 2048 1562 2070 :
1583 2035 1787 2071 consolatur
1803 2035 1911 2070 etiam
1929 2045 2010 2070 eum
2024 2044 2087 2080 per
2104 2033 2386 2070 consolationem
2406 2033 2484 2080 Spi-

1435 2097 1527 2132 ritus
1551 2096 1665 2131 sancti
1693 2096 1728 2131 in
1751 2096 1884 2131 virtute
1912 2106 1976 2132 sua
1997 2102 2033 2132 et
2064 2096 2100 2131 in
2121 2095 2245 2142 requie
2272 2105 2349 2131 sua.
2370 2094 2484 2131 Futu-

1437 2166 1559 2192 rorum
1594 2166 1749 2200 namque
1786 2166 1866 2202 spes
1904 2156 2149 2191 laborantibus
2183 2156 2345 2202 requiem
2374 2155 2483 2202 parit,

1438 2217 1531 2251 sient
1562 2221 1598 2251 et
1618 2216 1652 2251 in
1671 2227 1785 2262 agone
1798 2217 1924 2263 positis
1945 2217 2103 2253 dolorem
2126 2217 2316 2253 vulnerum
2344 2216 2487 2262 mitigat
2533 2237 2540 2291 {

1439 2287 1521 2322 spes
1537 2287 1691 2313 corona).
2536 2294 2540 2339 ε

1486 2340 1679 2375 Audieram
1694 2346 1807 2385 qenles
1821 2346 1852 2375 et
1871 2341 1970 2376 irata.¹
1986 2347 2065 2377 sunt
2079 2341 2239 2377 :dolores
2259 2340 2487 2387 comprehen-
2535 2343 2540 2384 ἔ,

1442 2399 1564 2434 derunt
1577 2397 1770 2435 habitantes
1793 2399 2020 2436 Philistihim.
2044 2400 2140 2436 Tunc
2157 2401 2407 2446 festinaverunt
2422 2400 2490 2436 du-
2533 2385 2540 2400 ⁴

1443 2471 1496 2494 ces
1524 2459 1638 2495 Edam
1658 2467 1689 2495 et
1707 2461 1877 2506 principes
1895 2460 2132 2496 Moabitarum
2153 2471 2165 2496 .·
2183 2460 2408 2507 apprehendit
2431 2471 2491 2497 eos

1442 2526 1583 2562 tremor,
1600 2521 1784 2556 tabuerunt
1809 2531 1924 2556 omnes
1941 2521 2136 2557 habitantes
2157 2520 2341 2565 Chanaan.
2365 2520 2490 2566 Quatt-

1444 2587 1519 2616 tum
1539 2582 1583 2617 ad
1612 2582 1800 2618 historiam
1823 2583 1992 2628 pertinet,
2015 2582 2150 2618 nullum
2171 2592 2215 2618 ex
2235 2582 2293 2619 bis
2323 2582 2492 2628 gentibus

1443 2640 1651 2677 interfuisse
1686 2641 1911 2677 mirabilibus
1947 2652 2026 2687 quae
2063 2640 2158 2678 sacta
2193 2647 2299 2685 sunt,
2334 2645 2491 2678 constat.
2519 2667 2523 2685 2

1442 2702 1626 2745 Quomodo
1661 2711 1750 2749 ergo
1780 2702 1997 2738 videbuntur
2029 2707 2188 2739 tremore
2219 2702 2403 2739 deterritae
2435 2698 2498 2738 vel'

1444 2762 1644 2803 festinasse,
1679 2769 1719 2797 ut
1755 2762 1855 2805 dicit,
1886 2762 1941 2797 vel
1977 2763 2079 2797 iratae
2099 2771 2180 2797 esse
2209 2761 2428 2798 philistihim
2457 2764 2495 2798 ot

1445 2821 1607 2856 liloabitae
1623 2827 1659 2856 et
1673 2820 1799 2863 Edom,
1816 2825 1852 2855 et
1875 2820 2022 2866 reliquae
2051 2831 2142 2867 quas
2160 2827 2351 2858 enumerat
2378 2822 2497 2859 natio-
2520 2856 2523 2858 ,

1446 2880 1534 2915 nes?
1551 2879 1621 2915 Sed
1638 2879 1668 2915 si
1686 2880 1874 2915 redeamus
1893 2879 1938 2915 ad
1958 2869 2230 2928 intelligentiam
2255 2881 2494 2927 spiritualem.
2515 2887 2520 2894 '

1450 2938 1609 2974 invenies
1629 2939 1712 2984 quia
1737 2938 1965 2982 philisthiim,
1979 2934 2026 2975 'id
2045 2945 2102 2976 est
2118 2947 2275 2978 caventes
2303 2941 2442 2989 poculo,
2458 2944 2499 2979 et

1450 2997 1560 3033 Edom
1575 2997 1636 3043 qui
1655 2997 1910 3043 interpretatur
1922 3005 2091 3043 terrenus,
2106 3000 2300 3047 trepidant,
2315 3006 2353 3039 et
2365 2991 2509 3038 horum}

1449 3058 1608 3094 omnium
1616 3058 1795 3105 principes
1802 3060 1980 3096 cursitant
1994 3066 2031 3097 et
2046 3066 2176 3108 pavent
2191 3060 2377 3098 constricti
2392 3053 2509 3100 (101041,Ι

1451 3117 1550 3154 ribus
1567 3128 1647 3154 cum
1667 3118 1790 3155 vident
1808 3129 1920 3166 regna
1948 3130 2025 3163 sua,
2049 3131 2130 3167 quae
2157 3121 2195 3158 in
2227 3120 2370 3159 inferno
2397 3130 2466 3159 sun
2497 3153 2514 3167 ,,

1450 3183 1635 3223 penetrata
1652 3179 1697 3215 ab
1713 3189 1757 3215 eo
1775 3179 1837 3226 qui
1854 3179 2041 3218 descendit
2072 3181 2110 3218 in
2135 3181 2309 3220 inferiora
2327 3187 2435 3220 term
2467 3196 2470 3212 ·
2494 3182 2514 3229 *j

1431 3242 1435 3244 ’
1451 3238 1578 3284 eripiat
1591 3248 1654 3275 eos
1671 3239 1733 3284 qui
1748 3240 2024 3286 possidebantur
2039 3252 2061 3279 a
2079 3247 2208 3280 morte.
2230 3242 2298 3280 Hic
2314 3252 2379 3280 eos
2405 3259 2428 3273 »τ
2510 3238 2514 3252 ‘

1453 3298 1644 3344 prehendit
1676 3299 1787 3335 timor
1804 3305 1842 3337 et
1858 3306 2005 3347 tremor,
2029 3303 2114 3350 quia
2143 3308 2337 3342 senserunt
2359 3301 2490 3351 napi.

1456 3359 1617 3395 tudinem
1641 3359 1781 3396 brachii
1794 3360 1886 3407 eius.
1909 3361 2001 3400 Binc
2021 3363 2132 3400 etiam
2150 3364 2367 3402 tabuerunt·
2384 3380 2387 3394 ·

1455 3419 1663 3457 habitantes
1685 3418 1872 3465 chanaan,
1903 3424 1965 3469 qui
1995 3424 2188 3462 mutabiles
2243 3441 2296 3455 ··-¹
2325 3446 2327 3451 ν
2468 3447 2481 3453 ==

1455 3484 1492 3517 et
1516 3479 1679 3523 mobiles,
1705 3491 1790 3518 cum
1805 3481 1931 3520 vident
1960 3485 2099 3523 moveri
2130 3492 2342 3534 remum,-
2360 3483 2446 3527 allis

1456 3539 1600 3585 sortem,
1621 3545 1659 3578 et
1685 3550 1774 3578 vasa
1804 3540 1883 3587 ἀπα
1915 3542 2036 3591 diripi.
2061 3544 2295 3593 Vadatu-
2316 3554 2421 3592 uper

1455 3599 1605 3638 timont
1626 3602 2358 3651 amur-ammbruffltnttssuid
2401 3622 2429 3637 -12
2463 3597 2481 3654 j

1455 3659 1949 3708 mquid-tremunt
1969 3660 2403 3704 smfflmeomcn

1451 3717 2304 3771 ῶιςιιωωμιωιιιωιιςιαιιιὶω
2335 3742 2366 3757 =v

1456 3781 2227 3835 nominamur-orama
2256 3802 2262 3821 ·v
