2540 4016
411 87 445 121 Q

287 202 375 238 1151

284 336 344 372 hic
355 333 469 379 Aoth,
491 339 570 373 arte
585 335 741 382 quadam
755 339 811 378 et,
831 339 872 373 ut
887 335 939 372 ita
958 334 1092 380 dicam,
1111 333 1254 379 callida,
1276 335 1341 372 sed

284 393 455 434 laudabili
475 405 562 435 usus
587 394 813 442 deceptione,
833 394 1060 434 interemerit
1081 394 1196 442 Eglon
1213 399 1339 444 tyran-

283 468 382 500 num,
417 456 479 503 qui
500 456 759 503 interpretatur
785 462 918 493 rotatus
937 455 993 492 vel
1021 455 1167 494 orbitas.
1188 455 1339 502 Oportet

283 528 368 566 ergo
390 517 479 554 tales
498 527 583 566 esse,
609 523 645 554 et
676 517 791 556 nostri
819 517 940 564 populi
955 515 1109 562 judices,
1135 517 1253 565 qualis
1269 517 1339 554 suit

280 580 375 617 Aoth
410 579 491 623 iste,
512 579 575 626 qui
599 578 858 626 interpretatur
889 577 980 622 laus,
1019 583 1060 616 ut
1083 588 1210 615 omnes
1233 578 1337 616 volu-

280 641 370 678 biles
389 645 510 676 motus
545 644 581 675 et
607 639 744 678 orbitas
763 638 848 676 mali
870 638 1011 675 itineris
1029 638 1198 675 excidant
1221 643 1256 674 et
1275 648 1361 684 pe·-

280 703 414 740 rimant
445 700 721 738 Madianitarum
747 710 889 748 regem,
918 699 1124 737 Madianitae
1139 706 1261 736 autem
1282 699 1337 735 in-

280 770 524 810 terpretantur
560 760 767 807 fluxus,vel
785 761 924 807 effusio.
958 759 1072 809 Hujus
1103 760 1214 808 igitur
1232 758 1337 794 ssuxae

278 832 314 862 et
333 825 514 862 dissolutoe
534 824 650 871 gentis
680 823 848 870 princeps
866 823 924 861 vel
945 823 1029 866 dux,
1051 822 1113 871 qui
1142 826 1261 870 potest
1280 821 1335 857 vi—

277 885 355 922 deri
371 885 462 922 alius
481 885 536 921 vcl
559 883 722 931 intelligi,
742 883 814 919 uisi
831 893 950 920 sermo
969 882 1066 919 illius
1082 882 1336 931 philosophiae,

276 959 356 994 quae
377 957 557 984 summum
574 947 709 984 bonum
723 945 864 991 ,iudicat
896 945 1131 991 voluptatem,
1158 953 1267 992 quem
1282 943 1337 981 in-

279 1008 431 1044 terficiat
460 1013 496 1044 et
526 1007 682 1055 perimat
715 1006 945 1053 evangelicus
972 1015 1105 1051 sermO,
1128 1006 1189 1051 qui
1216 1004 1336 1051 gladio

276 1075 519 1115 comparatur,
554 1074 592 1105 et
621 1078 740 1104 sermo
776 1068 1024 1114 propheticus,
1046 1068 1123 1112 ipse
1150 1067 1188 1103 in
1211 1073 1337 1102 ventre

275 1141 401 1167 eorum
435 1135 544 1176 atque
575 1131 657 1169 imis
685 1130 896 1175 praecordiis
927 1129 1147 1165 ambidextri
1177 1129 1334 1165 doctoris

722 200 761 236 B.
790 198 960 236 RABANI
983 195 1131 250 MAURI
1155 199 1368 241 attentet).
1395 195 1604 241 uocum.
1629 199 1823 242 OPERUM
1845 199 1966 238 PARS
1992 198 2020 239 1.
2439 254 2450 257 Α

284 275 396 322 Eglon
430 282 513 320 roge
538 274 672 325 scripta
705 279 804 319 sunt,
833 274 1014 320 quomodo
1049 274 1339 321 sapientissimus
1358 277 1394 317 A
1409 273 1672 320 colaeinterra,
1693 271 1847 313 sicut'et
1862 274 1922 311 ille
1940 274 2003 323 qui
2020 273 2165 313 dicebat
2184 286 2192 317 ς
2211 274 2462 321 Ωιιοηίσωῦ..

2369 202 2462 255 hm
2527 240 2529 242 .

1407 334 1486 376 cota
1516 346 1577 383 eqo
1602 346 1680 373 sum
1707 330 1801 384 apud
1818 340 1852 372 te
1879 335 1917 371 in
1945 339 2053 378 terra,
2073 338 2107 370 et
2132 336 2350 383 peregrinus,
2371 337 2483 386 sit-nm¹
2517 357 2526 362 ι

1406 409 1525 437 omnes
1552 405 1668 447 patres
1694 399 1764 452 mei
1785 397 1902 446 (Psae.
1933 407 2094 453 xxxvnt;
2126 391 2227 437 Psat.
2252 399 2392 447 exv¹11)·
2417 399 2464 439 Et

1406 458 1504 497 hunc
1521 469 1609 507 ergo
1631 458 1834 506 Samegach
1864 462 2011 495 sanctus
2033 457 2192 504 Spiritus
2222 457 2272 498 ihi
2303 460 2461 501 incolam

1406 519 1507 567 dicit,
1526 520 1562 556 id
1590 524 1662 563 est,
1687 518 1767 563 hic;
1800 517 1897 567 quod
1917 517 2015 558 enim
2046 522 2171 556 sancto
2192 518 2330 565 Spiritu
2344 522 2460 568 quiin

1406 578 1509 617 coelis
1527 583 1595 621 est,
1613 577 1649 614 id
1665 583 1734 620 est,
1757 576 1861 614 nobis
1883 576 1942 614 hic
1963 581 2032 616 est,
2052 576 2144 624 Quid
2163 588 2248 626 ergo
2264 579 2396 618 dicitur
2413 580 2459 620 de

1406 638 1610 685 Samegach
1632 650 1640 673 :
1661 637 1854 681 Percussit,
1874 637 2002 684 inquit,
2021 637 2222 690 Allophylos
2240 641 2278 677 irt
2294 642 2463 679 sexcentis
2502 650 2515 692 ss·

1404 700 1486 736 viris
1510 700 1546 737 in
1569 701 1657 737 stiva
1675 705 1707 736 et
1734 699 1819 747 pede
1837 701 1981 736 aratri?
2009 700 2117 741 Aliud
2142 712 2255 750 genus
2274 703 2392 742 laudis
2425 703 2462 741 in
2532 723 2540 744 ι

1407 759 1606 806 Samegach
1630 759 1748 796 video.
1765 759 1836 797 Iste
1852 760 1890 798 in
1910 765 2030 797 aratro
2048 767 2199 809 pugnat,
2214 761 2310 799 Aoth
2323 773 2460 810 pugna·
2531 746 2540 796 l

1404 822 1465 860 bat
1478 823 1516 860 in
1524 822 1656 868 gladio.
1674 821 1744 858 Iste
1761 822 1798 859 iu
1815 828 1936 860 aratro
1949 822 2078 868 vincit,
2092 828 2214 861 tamen
2228 829 2263 860 et
2279 824 2340 862 hic
2357 833 2462 872 supe·
2531 807 2540 878 ἶ

1405 887 1462 920 rat
1480 888 1516 918 et
1535 883 1733 930 prosternit
1751 883 1972 931 Allophylos.
1998 883 2121 921 Potest
2145 894 2230 930 ergo
2249 883 2325 921 fieri
2343 890 2383 921 ut-
2397 885 2463 922 Ec·
2532 885 2540 900 “

1405 943 1522 980 clesiae
1538 943 1649 991 Judex
1667 953 1740 980 non
1773 954 1917 990 semper
1949 943 2108 992 gladium
2131 943 2308 991 proferat,
2336 945 2371 982 id
2389 951 2460 991 est,

1405 1014 1476 1040 non
1495 1014 1637 1050 semper
1661 1003 1877 1040 auctoritate
1893 1005 1996 1041 verbi
2021 1009 2058 1040 et
2077 1005 2244 1043 acumine
2264 1006 2461 1051 correptio-

1404 1066 1460 1103 nis
1478 1070 1615 1110 utatur,
1635 1066 1699 1102 sed
1722 1065 1915 1111 aliquando
1935 1063 2224 1103 ctiam'imitetur
2250 1061 2458 1113 agricolam,

1403 1131 1440 1162 et
1472 1126 1570 1164 velut
1606 1131 1726 1162 aratro
1755 1125 1900 1162 sulcans
1921 1125 2050 1163 animae
2085 1132 2234 1171 terram,
2261 1138 2302 1163 ac
2330 1128 2460 1174 saepius

274 1191 577 1238 disputationibus
610 1190 859 1233 concludatur,
882 1195 922 1226 ut
941 1190 1104 1226 veritatis
1127 1198 1190 1226 eos
1217 1200 1335 1226 asser-
1354 1186 1386 1224 R
1405 1198 1485 1224 cam
1509 1188 1678 1223 clementi
1699 1188 1980 1224 commonitione
2001 1188 2225 1232 rescindens,
2243 1195 2364 1235 aptam
2379 1201 2459 1226 eam

275 1253 373 1290 tione
399 1252 616 1289 concludens
631 1252 839 1297 exstinguat
866 1262 1012 1287 omnem
1030 1252 1133 1296 pravi
1157 1251 1333 1298 dogmatis

273 1317 310 1349 et
342 1321 477 1348 crassae
500 1311 747 1356 intelligentiae
777 1320 934 1352 sensum,
974 1311 1037 1356 qui
1068 1321 1108 1347 se
1136 1311 1276 1346 extollit
1298 1317 1335 1348 et

271 1373 380 1418 erigit
411 1372 601 1408 adversum
642 1370 842 1417 spiritalem
880 1372 1071 1407 scientiam
1108 1371 1259 1415 Christi,
1294 1377 1334 1410 ut

270 1434 348 1470 haec
381 1433 431 1468 ita
465 1431 672 1475 faciens‚et
703 1432 741 1467 in
772 1431 883 1468 verbo
905 1432 968 1467 Dei
1004 1432 1194 1476 dimicans,
1218 1442 1332 1468 unus-

273 1495 427 1541 quisque
457 1493 629 1530 Ecclesiae
660 1492 772 1539 judex
796 1493 873 1536 fiat,
907 1493 1018 1529 etiam
1047 1493 1124 1539 ipse
1142 1492 1333 1531 laudabilis

269 1556 379 1599 Aoth,
404 1556 447 1591 de
470 1565 542 1601 quo
559 1555 656 1590 dicat
690 1555 862 1592 Dominus
884 1567 891 1589 :
914 1555 1025 1601 Euae,
1057 1566 1152 1590 serve
1190 1555 1276 1590 bone
1299 1561 1332 1590 et

271 1615 401 1661 fidelis,
420 1616 504 1663 quia
522 1627 626 1662 super
640 1628 754 1662 pauca
780 1615 879 1661 fuisti
898 1614 1028 1661 fidelis,
1043 1626 1150 1661 supra
1168 1614 1280 1651 multa
1299 1621 1331 1652 te

273 1678 484 1714 constituam
517 1677 660 1724 (Mattlt.
689 1678 789 1724 xxv).

680 1737 832 1775 CAPUT
866 1739 926 1775 Xl.

268 1799 321 1836 De
332 1798 483 1846 Samqar
498 1799 574 1846 filio
590 1801 705 1835 Anutlt
718 1801 776 1847 qui
792 1802 960 1847 percussit
979 1801 1020 1836 de
1043 1800 1235 1838 Philistiim
1253 1813 1330 1838 sex-

409 1854 524 1882 centos
544 1848 634 1883 viros
656 1859 805 1891 vomere,
836 1854 865 1883 et
886 1848 1040 1894 defendit
1059 1848 1186 1884 Israel.

315 1921 433 1970 (Iam.)
455 1920 741 1968 Httmiliutnsque
780 1928 828 1957 est
869 1921 975 1957 Moab
1013 1923 1050 1957 in
1085 1922 1140 1958 die
1163 1922 1238 1966 itto,
1265 1923 1327 1958 sub

268 1994 376 2019 manu
409 1982 535 2025 Israel,
565 1989 597 2017 et
627 1983 755 2029 quievit
787 1989 879 2018 terra
906 1982 1082 2028 octoyinta
1114 1983 1230 2017 annis.
1256 1981 1329 2017 Sub

265 2044 385 2090 judice
402 2044 495 2081 Aoth
511 2045 697 2091 octoginta
721 2054 835 2080 anuos
870 2053 999 2089 pacem
1019 2043 1145 2079 habuit
1163 2043 1273 2079 lsrael
1292 2044 1330 2079 in

268 2112 367 2142 terra
387 2106 691 2151 repromissionis,
718 2105 900 2150 duplicato
926 2104 1042 2140 silicet
1061 2110 1222 2150 tempore
1236 2104 1332 2149 quod
1352 2097 1380 2137 C
1403 2101 1546 2146 Christi,
1566 2115 1626 2149 per
1655 2115 1755 2149 quem
1775 2104 1859 2138 milei
1876 2104 2027 2139 mztndus
2048 2105 2237 2151 crucifixus
2253 2111 2314 2147 est,
2342 2112 2374 2141 et
2397 2118 2458 2151 eqo

271 2165 340 2202 suit
374 2165 608 2202 memorabile
642 2166 890 2200 Romanorum
923 2164 990 2200 sub
1024 2174 1108 2209 rege
1141 2165 1328 2209 Pompilio.

270 2226 356 2263 Post
376 2228 468 2263 hunc
493 2226 559 2272 fuit
576 2225 727 2272 Samqar
746 2225 840 2271 lilius
861 2226 993 2270 Anam,
1018 2227 1076 2272 qui
1095 2225 1263 2272 percussit
1290 2225 1332 2260 de

269 2287 461 2323 Pltitistiim
498 2287 675 2323 sexcentos
714 2287 804 2322 viros
845 2298 992 2329 vomere,
1029 2294 1061 2323 et
1097 2288 1168 2333 ipse
1196 2297 1331 2332 quoque

270 2344 423 2390 defendit
460 2342 588 2379 Israel.
619 2343 853 2390 Septuaginta
875 2356 882 2378 ε
906 2344 951 2378 Et
972 2350 1047 2390 post
1074 2354 1154 2378 eum
1181 2342 1333 2379 surrexit

270 2404 434 2451 Sumqar,
460 2404 556 2450 fitius
580 2404 711 2447 Anath,
729 2410 759 2438 et
782 2403 950 2450 percussit
969 2403 1182 2449 alieniqenas
1202 2403 1240 2437 in
1257 2413 1332 2437 sea}-

269 2474 383 2503 centos
420 2467 510 2503 viros
539 2474 668 2514 prceter
688 2466 814 2502 vitulos
844 2467 961 2510 bourn,
983 2472 1014 2503 et
1040 2466 1184 2503 salvavit
1201 2465 1328 2501 Isi-aet.

269 2529 459 2572 Quomodo
479 2535 562 2575 post
592 2529 687 2564 Aoth
706 2529 776 2565 iste
806 2539 872 2575 pro
900 2528 1011 2564 lsrael
1039 2528 1269 2576 pugnaverit,
1294 2531 1331 2563 ct

271 2590 389 2626 dictus
409 2590 456 2626 sit
488 2590 648 2626 salvasse
670 2589 794 2632 lsrael,
828 2594 1045 2635 potestesse
1067 2588 1231 2635 quaestio.
1252 2587 1330 2623 Non

269 2652 366 2687 enim
395 2662 521 2688 rursus
545 2652 688 2687 fuerant
705 2652 876 2697 captivati
895 2651 952 2686 vel
976 2649 1062 2697 jugo
1078 2651 1262 2687 servitutis
1277 2650 1331 2685 isi-

271 2712 370 2749 nexi.
391 2712 463 2748 Sed
496 2713 769 2759 intelligendum
797 2713 847 2748 ita
870 2712 1022 2756 dictum,
1059 2713 1220 2755 servavit,
1257 2721 1330 2747 non

269 2774 355 2819 quia
383 2773 550 2810 nocuerit
583 2774 719 2819 aliquid
737 2774 869 2816 hostis,
890 2774 954 2809 sed
979 2783 1025 2808 ne
1057 2772 1330 2818 permitteretur

269 2846 425 2880 nocere;
456 2835 628 2882 quoniam
658 2834 876 2871 credendum
895 2840 948 2871 est
967 2835 1060 2871 bello
1077 2836 1230 2880 coepisse
1252 2840 1330 2870 teu-

271 2903 363 2939 tare,
379 2902 416 2932 et
443 2896 549 2941 hujus
572 2896 726 2932 victoria
762 2896 875 2932 fuisse
912 2896 1112 2942 depulsum.
1140 2895 1212 2932 Sed
1245 2894 1330 2940 quid

272 2958 340 2993 sibi
363 2957 450 2992 velit
465 2956 562 3002 quod
593 2956 744 2999 addidit,
773 2963 900 3002 prceter
917 2956 1040 2993 vitulos
1063 2956 1179 2998 boum,
1202 2955 1330 2990 obscu-

271 3028 351 3052 rum
377 3022 445 3051 cst.
471 3015 525 3049 An
544 3015 637 3050 sorte
653 3021 689 3049 ct
705 3015 812 3049 boum
843 3020 1001 3060 stragem
1020 3015 1211 3060 pugnando
1229 3014 1328 3059 fecit,
1348 3016 1384 3057 D
1401 3020 1438 3055 in
1454 3030 1562 3055 manu
1591 3018 1700 3054 Jabin
1729 3019 1819 3065 reqis
1842 3018 2029 3061 Cltanaan,
2044 3018 2103 3064 qui
2124 3017 2274 3063 regnarit
2297 3017 2335 3052 in
2351 3016 2453 3051 Asor.
2505 3015 2525 3066 J

270 3083 306 3113 et
340 3077 391 3113 ita
426 3076 562 3112 dietum
591 3079 647 3110 est
674 3084 756 3110 eum
782 3074 959 3110 occidisse
994 3079 1186 3111 sexcentos
1218 3075 1328 3118 viros,

271 3142 403 3184 praeter
423 3136 510 3176 illud
530 3135 626 3181 quod
643 3135 730 3170 l'ecit
749 3135 796 3170 de
812 3134 928 3170 bobus
954 3135 1098 3172 occisis.
1128 3135 1201 3172 Sed
1218 3146 1332 3182 quare

274 3199 406 3235 vitulos
425 3197 652 3234 nominavit?
669 3195 726 3232 An
743 3195 881 3232 Graeeae
898 3195 1090 3234 locutionis
1109 3195 1330 3232 consuetudo

273 3265 328 3295 est
346 3259 457 3295 etiam
485 3257 618 3293 vitulos
651 3266 714 3292 eos
745 3255 941 3302 appellare,
965 3255 1027 3301 qui
1045 3255 1200 3301 grandes
1224 3255 1332 3290 sunt?

274 3320 364 3357 Nam
383 3320 434 3356 ita
465 3319 565 3364 loqui
596 3317 702 3364 vulgo
719 3318 757 3353 in
788 3316 949 3363 AEgypto
965 3316 1218 3362 perhibentur,
1238 3316 1332 3352 sicut

275 3381 371 3427 apud
389 3391 456 3418 nos
479 3379 568 3426 pulli
592 3378 820 3425 appellantur
837 3377 979 3426 gallinae
991 3375 1183 3423 cuiuslibet
1196 3377 1329 3413 aetatis.

274 3441 355 3479 Nou
391 3446 515 3480 autem
547 3441 658 3477 habet
684 3440 934 3487 interpretatio
954 3449 998 3477 ex
1016 3437 1182 3482 Hebraeo,
1207 3444 1333 3485 praeter

275 3503 406 3543 vituios
422 3503 540 3547 wem,
565 3503 660 3540 sieut
678 3503 748 3540 ista
765 3512 848 3548 quae
871 3501 1071 3542 secundum
1099 3499 1334 3548 Septuaginta

274 3573 357 3604 est-x
376 3567 472 3604 sieut
487 3567 597 3604 hahet
611 3566 673 3603 illa
690 3576 735 3603 ex
767 3565 935 3608 Hebraeo,
953 3574 1088 3605 vomere
1110 3563 1243 3599 occisos
1261 3572 1336 3602 um-

276 3634 397 3666 cmos
426 3628 535 3675 viros,
567 3628 664 3675 quod
682 3628 754 3665 ista
769 3637 844 3665 non
872 3626 995 3663 lubet.
1018 3625 1218 3664 Videamus
1239 3634 1336 3668 nnuc

277 3690 385 3735 qualo
396 3691 446 3728 sit
460 3691 572 3728 etiam
589 3689 810 3737 principium
839 3687 1139 3735 samegach—qui
1157 3686 1337 3733 merne-

278 3751 392 3794 satur,
416 3751 467 3787 tot
484 3751 633 3789 advena.
666 3750 804 3789 Verum
817 3755 878 3803 est
892 3750 991 3787 enim
1019 3749 1107 3796 quia
1124 3759 1260 3788 omnen
1272 3749 1339 3797 flii

269 3814 364 3859 sunt
378 3811 544 3849 homines
560 3813 641 3858 net,
669 3813 816 3850 adeonae
833 3817 920 3850 sunt
936 3812 974 3849 h
990 3811 1062 3850 hoo
1078 3812 1217 3850 mundo
1228 3810 1338 3858 esi-1-

1406 1249 1644 1294 suseipiendis
1686 1248 1884 1283 seminibus
1922 1253 2038 1293 paret.
2079 1248 2345 1298 Interficientur
2374 1260 2459 1297 ergo

1404 1310 1515 1344 etiam
1530 1309 1582 1345 sic
1601 1308 1793 1354 Allophyli,
1817 1319 1898 1344 cum
1914 1319 1985 1345 non
1995 1310 2216 1355 argumentis
2238 1316 2275 1347 et
2294 1312 2460 1348 acumine

1404 1376 1530 1407 contra
1561 1369 1789 1406 adversarios
1809 1370 1960 1414 utimur,
1983 1371 2047 1407 sed
2074 1373 2206 1419 agresti
2241 1377 2277 1409 et
2307 1373 2460 1419 simplici

1404 1431 1686 1469 commonitione
1710 1431 1753 1467 de
1771 1431 1902 1469 animis
1921 1432 2125 1470 auditorum
2144 1433 2233 1470 vitia
2254 1439 2289 1470 et
2309 1441 2458 1479 peccata

1402 1493 1649 1540 propellimus.
1687 1492 1759 1529 Sed
1782 1498 1818 1529 et
1855 1494 1947 1539 ipse,
1968 1504 1989 1529 o
2010 1494 2162 1537 auditor,
2195 1502 2272 1532 esto
2302 1495 2459 1542 agricola

1403 1556 1532 1591 animae
1551 1560 1633 1598 tuae,
1655 1560 1755 1591 utere
1774 1555 1843 1590 hoc
1878 1561 2001 1592 aratro
2022 1567 2092 1602 quo
2112 1558 2226 1595 utitur
2246 1556 2457 1605 Semegach.

1403 1615 1474 1652 Sed
1490 1626 1572 1651 cum
1590 1616 1735 1652 miseris
1750 1626 1895 1651 manum
1915 1621 2010 1651 tuam
2030 1617 2065 1652 iu
2082 1622 2255 1661 aratrum,
2271 1617 2345 1653 noli
2363 1623 2459 1654 retro

1402 1675 1596 1720 respicere,
1620 1675 1654 1710 id
1679 1680 1748 1719 est,
1770 1681 2005 1723 posteaquam
2026 1663 2151 1713 tuieris
2185 1688 2328 1714 crucem
2344 1682 2457 1723 tuam,

1402 1741 1439 1772 et
1463 1742 1607 1772 secutus
1627 1736 1738 1773 fucris
1756 1736 1963 1781 Christum3
1991 1743 2226 1785 posteaquam
2247 1737 2376 1775 saeculo
2402 1749 2460 1776 re-

1400 1798 1588 1840 nuntiasti,
1610 1798 1716 1834 ethis
1735 1809 1814 1845 quac
1845 1798 1880 1834 iu
1899 1799 2032 1835 saeculo
2054 1805 2149 1843 sunt,
2185 1800 2258 1835 noli
2276 1806 2374 1836 retro
2402 1811 2459 1837 re-

1400 1859 1552 1905 spicere,
1586 1859 1658 1896 noli
1692 1861 1878 1906 requirere
1913 1871 1955 1897 ea
1982 1872 2061 1908 quae
2091 1867 2239 1908 propter
2273 1862 2457 1900 Christum

1406 1921 1562 1957 duxeras
1592 1926 1630 1957 ut
1649 1926 1831 1965 stercor-33
1856 1922 1938 1967 quia
1955 1923 1984 1958 si
2009 1923 2045 1958 in
2077 1923 2146 1959 isto
2174 1930 2296 1959 aratro
2313 1935 2459 1962 manum

1401 1991 1543 2027 semper
1586 1983 1770 2025 habueris,
1804 1983 1853 2018 ita
1889 1989 1928 2020 ut
1951 1984 2175 2020 confidenter
2202 1985 2300 2020 dieas
2333 1998 2340 2020 ε
2369 1985 2459 2020 Mitti

1401 2039 1517 2078 autern
1545 2043 1633 2079 absit
1654 2044 1780 2089 yloria,
1809 2046 1876 2079 nisi
1895 2046 1930 2079 in
1961 2057 2063 2081 cruce
2079 2046 2221 2081 Domini
2240 2046 2349 2082 nostri
2372 2045 2459 2081 Jesu

1403 2163 1531 2198 mundo
1563 2163 1656 2210 (Gat.
1676 2163 1740 2210 vl).
1761 2163 1845 2200 llaec
1865 2164 1927 2199 tibi
1948 2165 2080 2200 dicenti
2105 2177 2113 2199 :
2133 2164 2267 2200 Cadent
2286 2177 2305 2200 a
2327 2165 2458 2200 dextris

1402 2225 1469 2259 tuis
1493 2224 1609 2259 decent
1638 2224 1765 2267 millia,
1789 2231 1820 2259 et
1842 2237 1862 2259 α
1882 2225 2032 2260 sinistris
2053 2226 2122 2261 tuis
2143 2224 2251 2269 mille,
2280 2226 2325 2261 ad
2345 2233 2376 2262 te
2395 2238 2457 2262 au-

1402 2293 1467 2321 tem
1485 2297 1553 2322 non
1569 2286 1862 2332 approximabunt
1882 2286 1996 2333 (Psat.
2015 2287 2088 2334 xc).
2113 2286 2185 2323 Sed
2205 2293 2240 2323 et
2255 2288 2323 2323 hoc
2342 2288 2458 2333 ipsum

1401 2347 1496 2393 quod
1517 2346 1619 2390 dixit,
1640 2347 1677 2382 in
1699 2347 1867 2383 sexcentis
1886 2346 2080 2394 Allopltylis
2107 2349 2316 2395 percussisse
2336 2347 2456 2385 Same-

1400 2408 1508 2454 qaclt,
1527 2418 1599 2443 non
1619 2408 1707 2444 mihi
1728 2408 1872 2444 videtur
1899 2408 2054 2444 otiosum
2075 2409 2223 2445 dictum.
2247 2408 2340 2452 Quid
2360 2409 2457 2445 enim

1401 2478 1490 2514 opus
1521 2472 1599 2504 erat
1616 2468 1806 2514 designare
1826 2469 1935 2504 etiam
1957 2479 2166 2512 numerum,
2186 2469 2258 2512 nisi
2275 2468 2367 2506 forte
2383 2469 2458 2505 evi-

1401 2529 1543 2565 dentius
1567 2530 1603 2565 in
1621 2530 1699 2575 ipso
1725 2540 1876 2566 numero
1894 2539 1938 2565 ea
1955 2529 1999 2566 de
2018 2530 2148 2575 quibus
2171 2530 2335 2576 superius
2360 2530 2454 2566 dixi-

1400 2603 1494 2635 mus,
1540 2591 1738 2628 indicavit?
1764 2590 1927 2637 Namque
1965 2592 2130 2627 senarius
2170 2600 2357 2635 numerus,
2394 2591 2456 2639 qui

1400 2653 1660 2699 multiplicatus
1679 2652 1844 2699 pervenit
1861 2653 1897 2688 in
1915 2657 2118 2694 sexcentos,
2138 2652 2261 2689 mundi
2277 2652 2383 2699 hujus
2407 2651 2451 2689 fi-

1401 2726 1528 2760 guram
1560 2720 1671 2758 tenet,
1700 2715 1816 2761 quiin
1836 2724 1899 2751 sex
1916 2715 2044 2751 diebus
2071 2714 2203 2750 dicitur
2222 2723 2453 2752 consumma-

1400 2783 1471 2814 tus.
1501 2776 1700 2814 Sexcentos
1727 2786 1814 2822 ergo
1851 2776 1888 2811 in
1922 2781 2043 2812 aratro
2071 2775 2202 2812 dicitur
2233 2773 2456 2822 percussisse

1401 2837 1474 2881 ille,
1500 2837 1558 2872 cui
1577 2846 1640 2882 per
1666 2846 1811 2871 crucem
1832 2835 1969 2872 Christi
1993 2835 2186 2872 crucifi-xus
2205 2839 2259 2871 est
2285 2834 2453 2870 mundus.

1447 2898 1735 2944 Addideruntque
1745 2897 1811 2942 filii
1824 2897 1939 2933 Israel
1953 2897 2069 2943 facere
2077 2895 2207 2932 malum
2221 2896 2258 2931 in
2272 2902 2454 2942 conspectu
2511 2890 2525 2943 j

1402 2957 1544 2993 Domini
1565 2963 1640 3004 post
1664 2963 1809 2993 mortem
1833 2957 1940 3001 Aoth,
1962 2963 1994 2992 et
2013 2956 2158 2992 tradidit
2187 2955 2267 2992 illos
2285 2956 2455 2991 Dominus
2520 2962 2524 2963 ⁷

1402 3083 1605 3130 Habuitque
1619 3083 1742 3119 ducem
1757 3083 1929 3118 exercitus
1946 3082 2016 3124 sui,
2035 3081 2172 3117 nomine
2188 3079 2361 3116 sisaram.
2376 3078 2456 3126 Ipse
2519 3076 2525 3128 .-

1402 3149 1518 3179 autem
1537 3143 1716 3179 habitabat
1735 3144 1772 3178 in
1786 3142 1933 3178 Arosetk
1955 3142 2124 3189 qentiuut.
2145 3140 2456 3186 clamaveruntque

1402 3205 1467 3250 fitia·
1482 3204 1596 3241 Israel
1611 3205 1657 3240 ad
1671 3205 1882 3247 Dominum;
1912 3210 2102 3250 nongentos
2117 3203 2210 3239 enim
2223 3201 2371 3238 habebat
2389 3199 2456 3246 fut·

1403 3270 1500 3300 catos
1521 3276 1662 3307 currus,
1677 3271 1709 3300 et
1724 3275 1789 3310 per
1799 3264 1921 3309 viyinti
1949 3273 2060 3299 annos
2081 3263 2298 3297 venementer
2316 3271 2455 3308 oppres-
2506 3258 2519 3289 Ξ

1402 3330 1494 3362 serat
1526 3335 1598 3360 eos.
1619 3324 1665 3359 Et
1694 3322 1916 3374 adjecerunt,
1949 3322 2081 3368 inquit,
2102 3321 2170 3360 tilii
2199 3321 2311 3360 lsrael
2335 3320 2455 3358 facere
2479 3371 2482 3375 .

1404 3385 1601 3432 malignum
1627 3384 1665 3420 in
1690 3388 1883 3430 conspeetu
1907 3382 2064 3426 Domini,
2094 3387 2132 3418 et
2163 3381 2259 3422 Aotb
2290 3387 2455 3421 mortuus
2482 3376 2485 3379 ’

1403 3451 1471 3483 est.
1499 3445 1673 3483 Servatur
1688 3443 1862 3483 nimirum
1885 3442 1923 3480 iu
1943 3442 2000 3480 his
2029 3442 2142 3479 etiam
2159 3442 2220 3481 illa
2251 3441 2454 3481 observatio

1404 3517 1514 3554 quam
1536 3506 1573 3543 in
1593 3504 1841 3552 superioribus
1867 3503 2154 3550 designavimus,
2177 3503 2263 3550 quia
2285 3512 2355 3553 pto
2369 3510 2454 3551 pae-

1405 3567 1498 3604 catis
1516 3565 1818 3614 pepulimus-vr
1845 3565 1962 3602 honus
1981 3564 2106 3611 populi
2138 3564 2226 3606 du,
2246 3563 2342 3607 (ἔφη
2354 3563 2454 3602 enim

1406 3628 1544 3676 inffli
1571 3626 1708 3670 fuerim
1723 3625 1860 3671 emet,
1873 3630 1910 3663 et
1927 3624 2293 3672 &carimdigum
2310 3623 2455 3668 immn-

1402 3686 1701 3736 mne-m.
1718 3685 1905 3726 auferetur
1917 3687 1967 3727 ah
1981 3687 2163 3731 §iem
2177 3685 2260 3727 Boi·-
2272 3684 2351 3733 Sed,
2362 3683 2436 3729 dici

1540 3747 1624 3756 ·
1681 3747 1739 3784 lus
1764 3744 2359 3792 memmatensis
2394 3744 2438 3787 ·,

1403 3806 1620 3854 tamesi,
1647 3808 1793 3850 ettam
1819 3807 2145 3856 κίοιὼωοτῆ,
2174 3807 2267 3852 thes
2310 3806 2327 3854 f
2375 3806 2384 3815 ⁸
