2540 4016
800 107 827 121 ω,
857 112 866 118 ,ν

90 354 96 364 ,
126 314 157 352 is
179 319 274 353 sorte
307 313 484 357 ceciderit,
507 313 561 352 itis
584 312 714 360 finibus
743 311 1004 350 terminabitur.
1022 311 1124 350 Scri-

126 385 163 414 m
194 379 250 411 est
283 374 380 413 enim
405 373 442 413 in
455 364 556 416 ⁴libro
575 373 836 418 Numerorum‚
857 372 896 410 in
914 383 986 420 quo
1003 375 1124 413 omnis

65 436 69 437 ⁷
99 447 159 474 rra
186 436 479 483 repromissionis
501 446 567 483 per
595 442 748 484 quatuor
767 435 892 483 plagas
909 435 1013 474 brevi
1047 446 1124 472 ser-

100 507 170 534 one
189 497 375 536 dividitur.
398 495 492 536 Pars
513 497 709 533 meridiana
730 496 871 542 incipiet
885 507 907 532 a
928 495 1119 532 solitudine

0 547 12 576 ⁵
51 556 143 600 Sin,
158 567 237 603 qttae
259 562 307 593 est
318 556 425 602 juxta
444 555 558 593 Edem
576 566 588 595 .·
605 563 639 592 et
651 556 788 592 habebit
805 556 971 593 terminos
1001 562 1123 592 contra

0 611 10 638 ³
53 618 229 658 orientem
251 627 346 654 mare
364 616 611 655 salsissimum.
632 617 701 660 Qui
714 616 910 653 circuibunt
930 615 1123 653 australem

0 681 8 688 '
51 675 202 724 plagam
219 686 282 723 per
301 686 484 711 ascensum
502 676 720 723 Scorpionis,
746 677 796 712 ita
827 683 863 712 ut
887 682 1067 713 transeant
1086 676 1125 712 in

0 742 5 749 '
54 735 181 775 Setina
197 762 206 779 ,
239 741 272 770 et
299 736 502 781 perveniant
531 737 567 771 in
587 737 782 782 meridiem,
803 748 912 784 usqae
927 736 973 774 ad
993 735 1124 772 Gades-

0 795 3 819 *
53 796 180 838 barne.
208 794 308 831 Unde
329 796 548 842 eqredt'entur
570 797 723 843 confinia
753 797 799 832 ad
831 795 950 834 villam
985 794 1123 831 nmnine

52 856 179 898 Λάαν,
210 862 242 892 et
281 856 420 892 tendent
459 868 567 903 usqae
607 858 652 892 ad
687 857 874 892 Asemona.
902 853 1040 900 Ibitqae
1062 865 1124 899 per

0 929 4 935 ·
49 927 182 970 epyrum
222 917 391 952 terminus
429 916 470 952 ab
512 917 687 953 Asemona
727 926 834 962 usque
858 914 904 950 ad
933 919 1122 949 torrentem

0 981 3 1003 l
62 976 224 1024 AEyypti,
243 983 275 1012 et
295 978 403 1012 maris
426 978 544 1022 ntaqni
567 976 682 1013 littore
702 976 858 1020 finietur.
881 973 952 1009 Pro
983 983 1055 1019 quo
1084 974 1122 1009 in

0 1050 3 1056 ³
51 1038 184 1074 ultima
222 1038 360 1073 visione
395 1037 597 1072 Ezechielis
633 1036 766 1071 dicitur
808 1046 816 1068 ε
854 1031 968 1080 Ρίαῃα
1006 1043 1122 1072 autem

49 1097 241 1140 mastralis,
262 1097 299 1132 id
314 1102 370 1132 est
388 1096 609 1140 meridiana,
624 1107 644 1130 a
659 1094 813 1130 Thamar
827 1105 936 1141 usque
951 1095 996 1130 ad
1011 1106 1121 1142 aqzms

45 1229 200 1266 (quoque
218 1224 255 1255 et
282 1223 426 1254 torrens
445 1226 561 1264 usque
581 1218 627 1254 ad
655 1228 758 1253 mare
792 1228 963 1266 magnum
977 1245 986 1262 ,
1023 1220 1120 1265 quod

49 1283 241 1329 ‚significat
258 1280 473 1317 latissimam
492 1279 719 1316 latitudinem
754 1278 818 1314 Sin
840 1306 849 1323 ,
885 1279 980 1325 quod
1015 1279 1119 1326 juxta

48 1346 168 1386 lEdom
187 1370 197 1387 ,
219 1348 256 1380 et
278 1343 314 1380 in
335 1342 427 1378 mari
454 1342 577 1377 Rubro
597 1341 790 1377 terminum
808 1340 961 1376 circuire
974 1367 983 1383 ‚
1002 1346 1039 1376 et
1057 1350 1121 1387 per

47 1416 247 1443 :ascensum
267 1403 477 1450 Scorpionis
497 1408 533 1438 et
560 1412 625 1448 per
653 1402 772 1437 Senna
791 1406 827 1436 et
850 1400 1080 1437 cadesbarne
1101 1427 1112 1445 ,

44 1473 92 1504 «et
109 1467 243 1504 atrium
263 1467 338 1502 sive
367 1464 490 1500 villam
519 1462 642 1499 Addar
660 1468 695 1498 et
724 1462 903 1498 Asemona
922 1462 1114 1507 pervenire

47 1539 169 1575 iusque
189 1529 233 1564 ad
257 1532 452 1563 torrentem
474 1524 643 1572 AEgypti,
673 1525 733 1570 qui
750 1524 853 1570 juxta
879 1525 1006 1560 urbem
1031 1525 1121 1561 Rhi-

49 1600 277 1628 unocoruram
304 1589 395 1624 mari
425 1587 552 1622 inssuit.
581 1586 647 1622 llic
683 1597 769 1622 vero
808 1587 984 1623 terminus
1007 1587 1119 1633 plagae

58 1651 225 1688 australis
250 1650 374 1696 incipit
398 1660 418 1685 a
439 1649 599 1685 Thamar
615 1675 626 1692 ,
663 1659 742 1694 quae
761 1649 847 1685 urbs
866 1649 902 1685 in
925 1649 1119 1686 solitudine

45 1720 124 1757 oest,
151 1724 260 1759 quam
284 1719 321 1748 et
342 1712 513 1747 Salomon
535 1712 636 1747 miris
654 1712 824 1757 operibus
848 1712 1054 1756 exstruxit,
1081 1718 1118 1749 et

47 1775 163 1811 ‹hodie
192 1774 360 1820 Palmyra
392 1778 620 1818 nuncupatur
637 1799 647 1816 ,
674 1772 924 1818 liebraicoque
951 1782 1118 1809 sermone

58 1834 217 1871 Thamar
231 1834 377 1877 dicitur,
395 1844 475 1879 qum
490 1834 527 1869 in
544 1834 664 1879 lingua
680 1839 805 1869 nostra
824 1833 980 1880 palmam
998 1839 1115 1877 sonat,

56 1907 172 1942 usque
191 1896 237 1932 ad
256 1906 369 1942 aquas
398 1895 698 1931 contradictionis
717 1895 848 1939 Gades,
869 1905 976 1941 quiam
998 1895 1034 1930 in
1051 1894 1116 1930 ‹le-

56 1963 156 1994 serto
175 1967 258 1994 esse
284 1968 355 1993 non
377 1956 524 1992 dubium
551 1961 629 1999 est;
664 1961 701 1991 et
738 1961 879 1991 torrens
911 1956 1117 2000 ingrediens

53 2029 155 2056 mare
187 2028 358 2065 magnum
380 2045 389 2061 ,
426 2018 495 2053 hoc
529 2017 624 2062 quod
662 2016 810 2062 AEgypti
843 2016 1114 2062 Palaestinaeque

56 2139 172 2187 I'laqa
190 2146 307 2175 autem
326 2136 550 2174 occidentalis
586 2148 608 2171 a
642 2137 732 2172 mari
751 2147 878 2182 mayno
908 2137 1062 2183 incipiet,
1084 2142 1118 2172 et

57 2206 134 2249 ipso
154 2202 224 2247 fine
240 2201 425 2236 claudetur
442 2226 452 2242 ,
478 2199 547 2237 hoe
572 2204 641 2241 est,
659 2209 679 2233 a
694 2199 786 2234 mari
806 2208 918 2243 usqne
938 2198 983 2234 ad
1002 2209 1116 2235 mare.

55 2261 87 2298 A
106 2267 267 2298 torrente
285 2259 453 2297 videlicet
470 2259 746 2300 Rhinocorurae,
758 2258 966 2302 quiinmari
987 2257 1116 2303 inssuit,

56 2330 171 2366 usque
198 2321 244 2356 ad
262 2330 345 2358 eum
377 2319 496 2355 locum
518 2317 580 2356 ubi
605 2322 660 2353 est
691 2317 820 2354 Emath
851 2317 936 2352 urbs
975 2316 1116 2363 Syriae,

57 2384 160 2429 cujus
182 2383 218 2418 in
234 2382 303 2419 hac
317 2381 422 2427 plaga
439 2386 475 2416 et
491 2390 620 2418 nomen
636 2379 931 2426 ponithechiel,
949 2384 985 2414 et
998 2379 1115 2425 plaga,

57 2444 236 2490 inquiens,
259 2443 371 2479 maris
384 2469 393 2486 ,
411 2452 510 2478 mare
529 2452 698 2488 magnum
717 2451 738 2476 a
761 2440 918 2477 confinio
938 2450 1001 2486 per
1025 2441 1118 2476 dire-

56 2510 167 2549 ctum,
185 2506 298 2542 donec
317 2506 440 2541 venias
456 2505 599 2546 Emath,
619 2513 699 2549 quae
713 2514 809 2539 nunc
828 2502 1028 2548 Epiphania
1047 2511 1115 2537 no-

55 2567 217 2604 minatur
238 2593 250 2609 ,
281 2566 325 2600 ab
359 2565 539 2600 Antiocho
573 2563 825 2599 crudelissimo
848 2568 1084 2607 tyrannorum
1104 2587 1113 2604 ,

56 2626 201 2664 nomine
222 2629 456 2661 commutato.
474 2623 562 2659 Nam
587 2628 864 2669 cognomentum
885 2622 1006 2658 habuit
1027 2622 1114 2667 Epi-

55 2687 207 2735 phanes.
226 2683 340 2720 Porro
360 2683 405 2719 ad
433 2682 751 2729 septentrionalem,
773 2682 903 2726 inquit,
922 2686 1070 2726 partem,
1093 2692 1114 2718 a

53 2749 145 2784 mari
170 2756 295 2793 maqno
320 2744 458 2780 termini
479 2743 664 2788 incipient,
694 2741 930 2787 pervenientes
948 2751 1054 2786 usque
1068 2740 1113 2775 ad

54 2815 207 2846 montem
225 2807 450 2848 altissimam,
470 2817 491 2840 a
506 2815 573 2850 quo
597 2803 708 2840 venies
736 2804 772 2838 in
794 2802 922 2837 Ematlt
946 2812 1053 2848 usque
1068 2800 1114 2839 ad

56 2871 222 2907 terminos
255 2868 409 2905 Sedada.
440 2866 458 2901 I
463 2867 611 2912 bamque
638 2864 790 2909 confinia
822 2873 929 2910 usque
960 2863 1005 2900 ad
1046 2862 1109 2900 Ze·

55 2932 190 2980 parona
221 2937 253 2967 et
290 2929 408 2966 villam
446 2928 564 2963 Enan.
596 2926 644 2962 Hi
669 2931 770 2961 erant
797 2926 935 2961 termini
955 2926 991 2961 in
1009 2931 1107 2972 parte

55 3054 215 3100 incipere
237 3064 256 3088 a
277 3053 368 3088 mari
386 3061 535 3097 magno,
571 3050 667 3095 quod
686 3048 902 3091 Palaestinae,
921 3047 1113 3084 Phoenices

53 3120 90 3152 et
109 3114 226 3162 Syriae
243 3123 324 3160 quae
344 3112 543 3159 appellatur
562 3112 671 3154 κοίλη,
689 3111 896 3158 Ciliciaeque
922 3111 1114 3158 praetendit

52 3175 250 3219 littoribus,
269 3181 306 3210 et
322 3184 388 3220 per
405 3173 600 3220 AEgyptum
624 3173 740 3208 tendit
760 3173 805 3208 ad
826 3173 990 3220 Libyam.
1010 3172 1112 3217 Quod

55 3242 177 3274 autem
198 3236 323 3271 dicunt
339 3261 349 3278 ,
380 3245 392 3267 t
413 3235 665 3281 pervenientes
701 3234 877 3270 terminos
918 3243 1031 3279 usque
1068 3233 1114 3269 ad

55 3302 218 3334 montem
249 3292 463 3332 altissimum
479 3323 490 3339 ‚
526 3308 537 3330 i
581 3296 617 3331 id
652 3294 794 3331 llebraei
829 3300 1020 3331 autumant
1055 3293 1113 3330 vel

56 3353 233 3393 Attianum
257 3361 415 3393 montem
449 3355 653 3402 significare
670 3381 679 3397 ‚
714 3354 771 3390 vel
795 3354 955 3390 Taurum
980 3381 990 3397 ,
1015 3353 1112 3399 quod

58 3416 163 3452 nobis
176 3417 320 3453 videtur
331 3416 465 3453 verius.
480 3417 657 3462 ibuntque
673 3416 804 3462 inquit,
826 3415 981 3451 confinia
998 3425 1112 3460 usque

56 3476 105 3513 ad
137 3472 338 3523 zephrona,
360 3477 595 3524 quamobrem
615 3476 722 3512 hodie
741 3476 914 3521 Zipheum
933 3476 1104 3521 oppidum

57 3534 192 3574 etlictoe
227 3541 370 3574 meant.
408 3537 511 3581 Quod
545 3542 664 3573 autem
696 3536 858 3582 sequitur
879 3561 888 3577 ‚
914 3547 926 3567 ‹
950 3539 986 3570 et
1021 3533 1106 3570 villa

58 3595 173 3640 Em.
200 3609 217 3632 ι·
230 3603 298 3643 pro
310 3605 383 3643 quo
402 3597 439 3633 in
458 3597 801 3643 Bebraeo'scriptum
819 3600 889 3636 est,
908 3594 1109 3638 Aserenan,

61 3651 159 3703 quoti
171 3655 429 3705 mmmmm!-
446 3647 578 3696 atriffl
601 3656 734 3701 Pontis,
771 3657 948 3693 terminus
965 3661 1020 3692 est
1038 3655 1109 3692 Da-

61 3715 253 3754 masei-l!
268 3712 318 3755 lb
334 3717 513 3766 Aquilone
541 3722 657 3766 usquo
687 3719 736 3756 ad
768 3718 975 3766 aquilonem
1006 3716 1111 3763 plaga

60 3771 366 3829 septennio-u·-
383 3777 721 3826 mumumr,
736 3779 870 3829 iuquit,
887 3778 975 3829 pm
986 3781 1112 3816 contra

0 3936 59 4016 et

537 152 895 219 nassamones
915 174 963 212 m
986 174 1165 218 unkun
1187 177 1507 227 numanum.
1524 174 1575 217 ῑ..
1594 152 1798 234 tam-s

64 242 81 296 ⁷-
119 295 121 297 ¹
141 252 210 290 essi
231 251 368 298 fueritis
388 255 518 293 terram
535 250 727 293 Gtoanaan,
745 254 778 285 et
807 249 846 286 in
871 249 1123 296 possessionem
1141 253 1178 299 Α
1193 253 1398 293 orientalem
1432 258 1574 305 ptaqam
1594 261 1638 299 de

1674 262 1759 302 villa
1776 263 1882 305 Euan
1910 280 2018 318 “me
2031 279 2079 317 aa
2100 277 2238 331 sephu,

1190 327 1250 353 ητα
1267 343 1278 360 ,
1309 322 1342 352 et
1368 317 1412 354 de
1445 317 1622 366 sephama
1654 321 1867 363 descendant
1904 331 2042 374 termini
2067 337 2106 376 ε»,
2129 339 2239 383 Rem„

1192 381 1315 413 contra
1341 377 1474 423 sontem
1506 378 1686 426 Daphnim
1721 390 1735 415 :
1767 381 1858 422 Inde
1892 390 2090 432 pervenient
2119 406 2240 441 eontra

1191 436 1360 476 orientem
1375 439 1422 475 ad
1441 451 1539 479 mare
1556 440 1737 488 cenereth,
1761 449 1795 479 et
1814 446 1955 486 tendent
1970 460 2078 497 usque
2093 454 2139 491 ad
2154 449 2238 495 Jor-

1190 496 1318 538 danem
1330 509 1344 541 ,·
1363 505 1395 538 et
1414 501 1461 538 ad
1483 501 1647 542 altimum
1682 503 1877 543 salsissimo
1905 507 2114 552 claudentur
2136 520 2241 556 mari.

1189 556 1220 595 A
1243 557 1316 597 fine
1346 558 1456 605 igitur
1479 562 1773 608 septentrionalis
1791 565 1903 613 plagae
1923 594 1933 612 ,
1958 568 2028 605 hoe
2051 577 2133 616 est,
2155 577 2246 613 atrio

1189 617 1307 663 Euan,
1319 619 1471 658 tendunt
1488 620 1579 658 fines
1591 633 1706 670 usque
1721 624 1766 661 ad
1782 624 1973 672 Septima,
1985 638 2091 673 quam
2106 629 2245 671 Hebraei

1189 677 1380 726 Apamiam
1413 687 1614 735 nommant.
1654 683 1700 720 Et
1731 685 1776 722 de
1809 685 1989 735 Sephama
2026 689 2247 730 descendunt

1191 740 1336 776 termini
1355 740 1392 776 in
1425 741 1539 779 Rebla
1554 769 1564 787 ,
1601 754 1679 790 quae
1703 755 1799 782 nunc
1818 746 1932 794 Syr-iat
1951 755 2103 786 vocatur
2118 751 2244 788 Antio-

1191 801 1286 839 chia.
1311 802 1358 838 Et
1381 807 1422 838 ut
1455 804 1549 840 scias
1578 805 1728 844 Reblam
1763 807 1859 844 hane
1889 810 2097 856 significare
2115 813 2242 850 urbem

1191 872 1270 907 quae
1295 873 1391 899 nunc
1410 864 1446 900 in
1476 865 1580 912 Syria
1598 866 1696 904 Coele
1719 869 1943 908 nobilissima
1962 877 2044 916 est,
2065 874 2245 920 sequitur,

1190 929 1314 963 contra
1332 923 1468 961 sontem
1483 937 1590 972 quem
1606 930 1835 976 perspicuum
1846 937 1900 967 est
1911 932 2115 979 significare
2131 935 2249 982 Daph-

1190 985 1267 1021 nim
1286 1013 1296 1029 ,
1326 987 1369 1022 de
1395 998 1466 1033 quo
1486 987 1585 1024 sonte
1608 991 1814 1036 supradicta
1834 992 1920 1029 urbs
1938 994 2039 1039 aquis
2059 995 2245 1032 abundan-

1192 1044 1342 1080 tissimis
1371 1045 1516 1082 fruitur.
1549 1048 1648 1092 lude,
1685 1049 1815 1096 inquit,
1850 1054 2066 1097 perveniunt
2101 1057 2247 1092 termini

1191 1111 1319 1142 contra
1338 1107 1517 1143 orientem
1550 1111 1595 1145 ad
1614 1120 1714 1145 mare
1733 1111 1911 1147 Cenereth
1927 1139 1937 1156 ‚
1956 1114 1993 1150 id
2014 1120 2087 1157 est,
2110 1116 2156 1151 ad
2174 1122 2247 1151 sta-

52 1158 216 1198 masibor
233 1156 378 1204 (Ezeclb
401 1155 482 1202 ΜΒ)
500 1183 509 1199 v
532 1156 567 1191 id
582 1161 651 1199 ⁰5⁶2
674 1155 987 1192 COflll'ssdiCUOUiS·
1007 1156 1121 1192 Gades
1140 1163 1171 1202 B
1191 1177 1302 1213 gnum
1332 1167 1547 1205 Tiberiadis.
1574 1168 1673 1205 Mare
1693 1178 1814 1206 autem
1838 1171 1972 1208 dicitur
2001 1183 2083 1208 cum
2115 1174 2249 1210 habeat

1191 1228 1312 1264 dulces
1338 1238 1472 1274 aquas,
1510 1227 1613 1274 juxta
1654 1230 1787 1267 idioma
1827 1231 2096 1278 Scripturarum
2120 1261 2129 1277 ,
2168 1244 2247 1280 quae

1189 1289 1488 1335 congregationes
1509 1300 1684 1336 aquarum
1717 1292 1898 1337 appellant
1927 1294 2053 1330 maria.
2091 1294 2135 1330 Et
2168 1300 2247 1332 ten-

1189 1352 1287 1392 dent,
1300 1350 1549 1396 inquit‚usque
1568 1352 1611 1386 ad
1626 1350 1829 1394 Jordanem,
1849 1358 1884 1388 et
1898 1354 1943 1389 ad
1963 1354 2128 1391 ultimum
2148 1355 2248 1393 clau-

1189 1411 1319 1447 dentur
1335 1411 1427 1445 mari
1447 1411 1607 1454 Mortuo;
1625 1411 1694 1454 vel,
1714 1419 1754 1447 ut
1772 1413 1831 1451 alii
1846 1420 1988 1458 putant,
2001 1414 2122 1462 lingua
2135 1417 2248 1454 maris

1190 1472 1318 1513 Rubri,
1339 1472 1375 1508 in
1396 1472 1498 1518 cujus
1516 1472 1636 1508 littore
1656 1472 1783 1509 Achila
1810 1475 1926 1521 posita
1950 1480 2017 1511 est.
2055 1475 2244 1523 Prcrcepit-

1188 1543 1252 1579 que
1270 1531 1405 1578 Moyses
1423 1532 1505 1577 liliis
1524 1532 1639 1568 Israel
1658 1534 1774 1569 dicens
1790 1545 1802 1570 .·
1822 1534 1909 1570 Herc
1934 1537 1998 1572 erit
2029 1542 2122 1572 terra
2141 1548 2246 1583 quam

1187 1593 1405 1641 possidebitis
1437 1600 1545 1638 sorte,
1576 1601 1608 1630 et
1634 1590 1738 1642 auam
1761 1596 1868 1642 jussit
1887 1597 1967 1633 dari
1986 1598 2157 1634 Dominus
2186 1611 2248 1635 no-

1186 1667 1261 1692 vem
1280 1656 1451 1700 tribubus,
1476 1663 1508 1692 et
1524 1657 1679 1693 dimidice
1698 1658 1815 1694 tribui.
1838 1658 1962 1694 Tribus
1981 1661 2069 1694 enim
2091 1660 2246 1705 filioram

1188 1715 1331 1760 Raben,
1369 1728 1431 1762 per
1469 1717 1623 1762 familias
1655 1729 1738 1754 suas
1756 1745 1765 1762 ,
1791 1725 1822 1754 et
1858 1719 1967 1754 tribus
1985 1718 2141 1764 filiorum
2169 1719 2246 1754 Gact

1181 1777 1287 1823 juxta
1305 1779 1553 1824 coqnationum
1574 1791 1755 1815 numeram
1775 1807 1785 1823 ,
1817 1780 1999 1827 mediaque
2027 1781 2139 1816 tribus
2167 1780 2247 1815 Ma-

1188 1849 1306 1881 nasse,
1334 1839 1371 1873 id
1390 1845 1452 1881 est.
1482 1839 1562 1874 duce
1589 1840 1692 1875 semis
1723 1839 1854 1883 tribus,
1881 1846 2086 1887 acceperant
2111 1846 2244 1886 partem

1186 1909 1287 1933 suam
1308 1904 1406 1933 trans
1422 1897 1613 1934 Iordanem
1633 1905 1753 1935 contra
1770 1898 1912 1935 Jericlto
1929 1925 1937 1943 ,
1967 1899 2013 1934 ad
2043 1899 2243 1934 occidenta-

1186 1957 1253 1995 lem
1278 1957 1431 2004 playam.
1450 1958 1488 1992 ln
1513 1958 1624 2004 priori
1640 1959 1738 1994 enim
1755 1958 1930 1995 divisione
1948 1964 2124 1995 terrarum
2146 1963 2245 1994 trans

1187 2018 1380 2054 Jordanem
1408 2029 1472 2065 per
1494 2018 1641 2065 Moysen
1679 2019 1817 2055 duabus
1850 2018 2015 2055 tribubus
2048 2018 2174 2055 Ruben
2208 2023 2245 2054 et

54 2080 249 2127 praetendit
265 2078 462 2114 littoribus.
486 2076 657 2122 Sequitur
674 2076 711 2112 in
731 2076 823 2112 libro
840 2075 1082 2112 Numerorum
1105 2089 1112 2112 :
1136 2073 1165 2115 C
1187 2079 1279 2123 Gad,
1300 2085 1336 2114 et
1355 2079 1512 2115 dimidiae
1548 2079 1659 2114 tribui
1691 2079 1858 2114 Manasse
1883 2083 1978 2114 terra
2006 2078 2120 2113 divisa
2155 2082 2209 2113 est
2231 2088 2242 2120 ;

1189 2140 1284 2176 intra
1303 2139 1497 2176 Jordanem
1527 2144 1663 2182 autem,
1693 2137 1819 2186 [inter]
1835 2138 1948 2176 filium
1966 2136 2047 2174 Nun
2066 2136 2187 2180 Josne,
2209 2141 2246 2172 et

1187 2200 1402 2238 Eleazarum
1426 2200 1539 2236 filium
1561 2199 1697 2235 Aaron.
1717 2197 1831 2235 Judas
1851 2198 2010 2245 possedit
2027 2197 2072 2232 ab
2091 2202 2213 2232 austro
2234 2223 2244 2240 ,

1188 2267 1226 2298 et
1256 2262 1426 2307 Ephraim
1447 2267 1483 2297 et
1501 2261 1666 2297 Manasse
1685 2260 1801 2296 tribus
1821 2259 1969 2298 dimidia
1996 2257 2042 2293 ab
2060 2257 2241 2303 aquilone.

1186 2323 1316 2359 Postea
1350 2332 1435 2357 vero
1452 2323 1497 2359 de
1524 2322 1599 2358 Silo
1620 2321 1740 2357 missis
1763 2319 2054 2367 exploratoribus
2085 2327 2149 2364 per
2169 2317 2243 2352 sin-

1187 2384 1289 2431 gulas
1308 2383 1423 2421 tribus
1440 2410 1449 2425 ‚
1471 2388 1507 2418 et
1536 2382 1779 2427 descriptione
1810 2386 1917 2415 terrae
1944 2378 2050 2413 allata
2069 2377 2113 2413 ad
2131 2375 2241 2412 Josue

1186 2451 1222 2480 et
1241 2444 1403 2485 Eleazar,
1423 2441 1605 2486 Benjamiu
1616 2441 1716 2487 juxta
1731 2438 1859 2475 Judam
1874 2439 1919 2473 ab
1937 2443 2074 2480 austro,
2090 2435 2239 2481 etjuxta

1185 2504 1355 2549 Ephraim
1374 2508 1411 2538 et
1440 2502 1623 2537 dimidiam
1658 2501 1792 2536 tribum
1812 2499 1976 2536 Manasse
1995 2496 2135 2543 accepit
2158 2507 2240 2542 pos-

1186 2564 1399 2600 sessionem.
1425 2561 1591 2597 Secunda
1614 2561 1729 2595 tribus
1757 2559 1902 2595 Simeon
1922 2557 2061 2603 accepit
2089 2555 2239 2592 haeredi-

1185 2629 1296 2660 tatem
1316 2623 1352 2659 in
1372 2622 1467 2658 tribu
1488 2620 1578 2656 Juda
1596 2647 1604 2664 ,
1627 2626 1666 2655 ut
1694 2619 1905 2665 impleretur
1933 2618 2029 2664 quod
2065 2616 2238 2661 scriptum

1185 2690 1241 2720 est
1262 2684 1306 2718 de
1332 2681 1418 2718 Levi
1449 2687 1485 2716 et
1512 2680 1672 2716 Simeon.
1708 2679 1872 2715 Dividam
1903 2688 1960 2712 eos
1991 2678 2027 2711 in
2047 2675 2156 2711 Jacob
2173 2701 2184 2717 ,
2206 2680 2237 2710 et

1184 2747 1379 2791 disperqam
1406 2755 1464 2778 eos
1485 2743 1522 2778 in
1546 2740 1659 2777 Israel
1674 2740 1776 2787 (Gen.
1806 2738 1918 2786 xmx).
1939 2738 2059 2774 Tertia
2080 2736 2236 2772 Zabulon

1184 2806 1367 2842 Galilaeam
1392 2803 1552 2849 accepit,
1574 2802 1610 2837 in
1632 2811 1701 2846 qua
1722 2806 1777 2836 est
1797 2810 1901 2836 mons
1922 2799 2079 2835 Thabor.
2101 2797 2235 2841 Quarta

1183 2862 1436 2906 Issachar,ubi
1450 2867 1506 2898 est
1519 2859 1661 2896 Jezrael
1675 2869 1788 2905 usque
1812 2859 1857 2894 ad
1877 2857 2082 2893 Jordanem.
2104 2855 2235 2899 Quinta

1183 2925 1290 2969 Azer,
1312 2933 1426 2970 usque
1456 2923 1501 2959 ad
1534 2926 1694 2958 montem
1720 2918 1925 2956 Carmelum
1944 2945 1954 2961 ‚
1983 2918 2043 2964 qui
2073 2916 2236 2952 imminet

56 2992 244 3040 aquilonis.
279 2992 412 3028 Dicunt
449 2989 590 3026 Hebraei
625 2988 940 3034 septentrionalem
968 2987 1112 3035 plagam
1130 2967 1166 3008 D
1183 2987 1275 3023 mari
1296 2994 1427 3031 magno
1445 3010 1456 3027 ,
1477 2983 1683 3030 Tyrumque
1709 2986 1745 3017 et
1777 2979 1961 3015 Sidonem.
1985 2977 2094 3013 Sexta
2120 2975 2233 3022 Neph-

1181 3048 1322 3090 thalim‚
1348 3047 1384 3082 in
1405 3044 1566 3087 Galilaea,
1594 3052 1706 3088 usque
1725 3042 1770 3077 ad
1790 3040 1996 3081 Jordanem,
2019 3039 2079 3074 ubi
2097 3043 2152 3074 est
2174 3037 2235 3072 Ti-

1180 3107 1303 3144 berias
1326 3132 1335 3148 ‚
1371 3114 1452 3151 quae
1475 3103 1562 3139 olim
1593 3101 1843 3148 appellabatur
1864 3097 2053 3135 Cenereth.
2078 3096 2234 3141 Septima

1181 3167 1270 3208 Dan,
1288 3174 1402 3210 usque
1419 3164 1465 3200 ad
1478 3162 1631 3210 Joppen,
1651 3161 1709 3197 ubi
1733 3164 1817 3197 sunt
1838 3165 1954 3194 turres
1977 3154 2149 3191 Achiloan
2166 3164 2175 3194 ;
2197 3157 2234 3188 et

1182 3229 1366 3268 Emmaus,
1386 3231 1423 3262 et
1439 3224 1559 3262 Selebi
1579 3233 1658 3271 quae
1681 3230 1775 3258 nunc
1801 3217 2002 3263 appellatur
2024 3212 2204 3258 Nicopolis
2220 3238 2230 3257 ‚

1181 3289 1267 3324 licet
1287 3291 1412 3333 postea
1431 3284 1622 3331 legerimus
1641 3280 1735 3326 quod
1760 3277 1922 3322 ceperint
1942 3274 2023 3316 sibi,
2045 3278 2232 3308 transceu-

1179 3349 1232 3384 sis
1249 3347 1329 3383 aliis
1359 3345 1543 3384 tribubus,
1566 3341 1691 3376 urbem
1715 3338 1842 3373 Lesam
1863 3335 1899 3370 in
1919 3334 2013 3370 tribu
2029 3333 2103 3368 Dan
2120 3357 2130 3375 ‚
2150 3342 2230 3378 quae

1179 3408 1288 3447 hodie
1305 3405 1504 3452 appellatur
1516 3401 1668 3438 Paneas.
1689 3396 1773 3433 Haec
1786 3395 1918 3432 locutio
1929 3403 2038 3441 quam
2054 3394 2226 3430 habemus

1179 3471 1216 3507 in
1253 3468 1444 3508 manibus,
1470 3462 1635 3500 umbram
1670 3459 1779 3497 habet.
1809 3456 2011 3494 futurorum
2037 3456 2228 3494 honorum.

1179 3529 1412 3572 Consequens
1438 3523 1581 3560 videtur
1618 3524 1656 3561 et
1689 3517 1932 3557 necessarium
1951 3543 1962 3560 ‚
2001 3517 2120 3553 omnia
2151 3524 2230 3560 quae

1181 3587 1284 3634 quasi
1302 3586 1347 3622 de
1365 3584 1473 3621 rebus
1493 3579 1647 3619 terrenis
1679 3577 1934 3615 describuntur
1963 3576 2001 3614 in
2034 3575 2125 3622 lege,
2146 3582 2224 3609 um-

1182 3650 1264 3686 bras
1288 3655 1370 3682 esse
1386 3645 1562 3683 bonorum
1585 3639 1808 3684 coelestium
1828 3638 2017 3685 omnisque
2034 3635 2231 3674 haereditas

1182 3714 1288 3746 terrae
1304 3705 1414 3748 illius,
1431 3713 1511 3752 quae
1526 3702 1563 3740 in
1577 3701 1700 3741 Judoea
1718 3705 1814 3739 terra
1831 3703 1955 3738 sancta
1968 3702 2006 3736 et
2021 3702 2118 3736 terra
2134 3696 2228 3735 boa·

1183 3768 1394 3821 appellatur,
1414 3765 1535 3823 imago
1555 3764 1604 3805 sit
1629 3763 1808 3805 bonorum
1825 3759 2048 3811 emmaum
2073 3766 2228 3814 quntum
