2540 4016
87 193 156 234 ⁷85

557 191 914 231 martinimontis
935 189 982 230 ιΝ
1007 189 1180 232 unnim
1203 171 1525 231 Numerianum.
1538 211 1585 223 ἡ
1606 195 1693 235 ιω.
1719 198 1780 236 iv.

2179 177 2250 248 isc

85 275 276 319 orificium,
295 279 332 311 et
357 273 453 311 diem
474 271 607 310 festum
631 271 706 319 agit
719 280 802 308 cum
817 270 892 307 Deo
908 274 946 306 et
964 280 1046 306 cum
1075 279 1140 305 an-
1156 270 1194 311 A
1209 270 1381 306 tet-iorem
1398 269 1582 305 bominem
1608 277 1758 307 renovat
1778 272 1822 308 de
1847 273 1904 310 die
1923 276 1960 312 in
1974 279 2082 326 diem,
2099 283 2168 320 iste
2185 283 2255 321 sihi

86 338 176 385 getis
193 337 283 384 eius.
309 335 397 372 Post
412 335 506 371 hane
529 334 603 371 imo
619 333 830 370 continuata
856 331 1140 374 huicsestivitas

86 399 249 445 sequitur
281 407 503 445 azymorum,
538 405 648 442 quam
679 394 811 431 merito
847 393 1061 438 celebrabis,
1106 394 1138 429 si

85 460 306 497 extermines
332 468 439 495 omne
452 457 669 495 fermentum
687 455 835 492 malitiae
854 459 891 491 et
909 454 1078 500 nequitiae
1093 454 1138 490 ab

84 522 205 558 anima
224 526 300 563 tua,
318 527 354 556 et
373 529 500 567 azyma
526 518 744 556 sinceritatis
759 517 995 564 veritatisque
1012 521 1137 553 custo-

84 581 174 618 dias.
190 581 312 626 Neque
325 580 422 615 enim
435 579 635 625 putandum
645 584 701 616 est
711 579 995 624 omnipotentem
1007 577 1136 622 Deum,

83 639 181 686 leges
203 638 410 675 hominibus
431 649 497 685 pro
515 639 695 676 fermento
715 640 888 683 scribere,
912 644 948 676 et
973 644 1138 685 propter-

85 710 128 736 ea
153 700 281 746 jubere
308 701 543 736 exterminari
580 701 738 737 animam
780 702 823 737 de
847 701 992 747 populo,
1020 701 1050 737 si
1068 710 1140 746 qua

83 758 178 795 forte
195 769 323 804 parum
343 759 479 805 aliquid
506 759 674 796 fermenti
703 760 809 805 hujus
840 771 884 796 ex
903 759 1020 794 farina
1053 769 1140 795 con-

83 822 199 869 spersi
227 822 264 857 in
282 823 388 859 domo
415 832 479 858 sua
498 823 666 860 habuisse
683 823 1016 869 deprehenduntur,
1042 830 1140 857 eam-

83 893 153 929 que
177 894 302 919 curam
320 893 538 930 magnopere
561 883 673 920 fuisse
696 884 826 920 divinae
845 883 1040 928 majestati,
1068 895 1139 930 qua

82 942 251 979 fermenti
275 941 382 987 hujus
406 953 515 979 causa
534 943 570 977 in
596 948 735 978 tantum
755 952 794 977 se
809 942 904 977 dicat
923 941 1069 984 offendi,
1097 948 1137 978 ut

82 1005 238 1040 animam
263 1015 371 1050 quam
402 1005 479 1049 ipse
510 1004 554 1039 ad
576 1003 767 1049 imaginem
798 1007 834 1038 et
865 1002 1138 1039 similitudinem

80 1074 182 1101 suam
198 1064 297 1106 fecit,
313 1063 548 1098 exterminari
560 1073 625 1107 pro
642 1064 711 1098 hoc
721 1061 848 1107 Jubeat
863 1069 898 1098 et
913 1065 1039 1099 everti.
1058 1065 1137 1101 Non

78 1124 168 1160 mibi
187 1123 332 1159 videtur
350 1125 426 1159 haec
447 1124 578 1159 divinis
604 1124 743 1170 legibus
764 1125 884 1160 divina
904 1135 983 1161 esse
1005 1125 1136 1161 intelli-

78 1186 213 1232 gentia,
230 1185 294 1221 sed
313 1184 401 1221 illud
417 1184 534 1230 majus
554 1189 610 1220 est
626 1184 720 1230 quod
735 1185 928 1227 horrescit,
951 1190 987 1220 et
1006 1185 1135 1221 merito

80 1247 258 1283 horrescit
272 1247 380 1290 Deus,
403 1246 433 1282 si
448 1246 608 1289 malitiae,
626 1247 655 1282 si
672 1246 747 1288 ircc,
771 1247 799 1282 si
819 1246 987 1291 nequitiae
1007 1247 1136 1292 spiritu

78 1308 281 1344 infirmetur
314 1308 447 1350 anima,
483 1314 520 1343 et
557 1308 774 1343 intumescat
810 1308 855 1343 ad
875 1306 1021 1353 flagitia.
1051 1307 1135 1344 Haec

78 1378 150 1404 non
176 1368 253 1404 vult
273 1369 431 1404 animam
450 1379 530 1404 esse
556 1369 664 1410 Deus,
696 1374 732 1404 et
763 1368 832 1403 tale
866 1368 1085 1404 fermentum
1103 1369 1134 1404 si

78 1429 316 1475 abjecerimus
348 1430 390 1465 de
410 1430 516 1465 domo
536 1430 666 1464 animae
690 1434 836 1471 nostrae,
860 1429 989 1464 merito
1015 1434 1135 1465 exter-

76 1491 308 1526 minabimur.
331 1489 402 1525 Sed
423 1500 466 1525 ne
482 1495 712 1532 contemnas,
734 1490 845 1525 etiam
863 1490 892 1524 si
912 1500 1063 1535 parvam
1080 1490 1134 1525 vi-

78 1553 174 1588 deris
195 1553 289 1587 intra
323 1557 356 1587 te
387 1551 599 1587 fermentari
628 1551 817 1594 malitiam,
853 1551 936 1597 quia
957 1551 1134 1586 modicum

78 1611 286 1658 fermentum
317 1618 426 1647 totam
455 1623 608 1646 massam
629 1613 818 1657 corrumpit
851 1611 885 1658 (1
913 1612 994 1647 Cor.
1017 1612 1067 1659 v).
1090 1612 1136 1648 Et

80 1673 159 1708 ideo
196 1682 314 1717 neque
351 1673 394 1708 de
433 1682 544 1718 parvo
575 1678 723 1717 peccato
755 1672 927 1718 negligas,
963 1673 1134 1718 quoniam

80 1745 125 1770 ex
138 1745 209 1770 uno
233 1739 381 1780 peccato
409 1740 602 1780 generatur
633 1742 670 1770 ct
704 1734 812 1770 aliud.
848 1734 948 1770 Sicut
965 1735 1063 1770 enim
1088 1744 1133 1770 ex

76 1795 215 1841 justitia
238 1800 432 1841 generatur
457 1795 611 1841 justitia,
641 1805 683 1830 ex
712 1795 879 1830 castitate
910 1795 1071 1830 castitas.
1095 1794 1133 1830 Si

80 1856 167 1901 quis·
189 1856 285 1890 enim
320 1856 438 1901 primo
459 1856 617 1891 tenuiter
635 1860 757 1890 castus
777 1865 856 1890 esse
876 1856 1038 1900 coeperit,
1072 1865 1134 1891 ex-

78 1922 183 1963 cepto
213 1917 392 1953 castitatis
410 1916 601 1959 fermento,
629 1916 790 1961 quotidie
809 1916 944 1952 castior
963 1917 1131 1959 efficitur,

77 1977 127 2012 ita
144 1982 180 2012 et
209 1978 270 2023 qui
293 1977 402 2012 semel
437 1977 530 2013 intra
548 1987 587 2013 se
613 1976 698 2012 licet
718 1987 846 2021 parum
867 1977 1012 2013 malitiae
1031 1988 1131 2023 repo-

77 2038 190 2074 suerit
215 2038 445 2080 termentum,
469 2029 628 2083 quotidie
660 2037 855 2084 semetipso
874 2039 1027 2084 nequior
1059 2039 1133 2075 etli-

79 2097 171 2132 citur
206 2108 248 2133 ac
282 2098 451 2133 deterior.
485 2096 531 2133 Et
549 2098 629 2134 ideo
653 2098 683 2134 si
704 2099 759 2134 vis
777 2108 883 2145 agere
916 2109 1128 2146 azymorum

78 2156 311 2194 festivitatem
340 2170 422 2194 cum
455 2159 544 2203 Deo,
573 2170 618 2196 ne
641 2170 767 2206 parum
799 2161 944 2206 quidem
984 2161 1132 2198 malitiae

79 2218 296 2256 fermentum
319 2220 413 2255 intra
430 2225 466 2255 te
486 2221 644 2257 residere
658 2222 820 2267 patiaris.

127 2280 211 2315 Dies
238 2281 492 2326 primitivorum
527 2282 644 2325 etiam,
678 2283 820 2328 quartdo
853 2284 1005 2328 offeretis
1025 2296 1133 2321 novas

82 2340 197 2387 fruges
235 2340 399 2384 Domino,
435 2342 576 2388 expletis
615 2343 900 2388 hebdomadibus,
930 2345 1133 2381 venerabilis

79 2407 111 2436 et
127 2409 247 2437 sancta
279 2403 356 2437 erit.
382 2403 492 2439 Omne
525 2415 608 2450 opus
632 2404 754 2439 servile
781 2416 848 2440 non
867 2405 1002 2451 facietis
1022 2407 1058 2442 in
1079 2418 1132 2450 e0,

81 2461 298 2509 offeretisque
323 2463 566 2499 holocaustum
581 2464 617 2499 in
632 2464 772 2499 odorem
798 2466 1043 2502 suavissimum
1062 2467 1135 2502 Do-

81 2521 188 2563 mino,
216 2521 341 2556 vitulos
358 2521 400 2556 de
420 2528 575 2558 armento
599 2523 700 2566 (tuos,
723 2524 864 2558 arietem
886 2535 1008 2567 unum,
1026 2536 1135 2571 aqnos

82 2580 326 2616 immaculatos
341 2588 482 2628 septem,
503 2589 605 2629 atque
616 2584 652 2618 in
669 2584 853 2628 sacrificiis
870 2596 991 2621 eorum
1010 2586 1135 2622 similoe

83 2639 156 2675 oleo
176 2651 368 2686 consperstt’
388 2647 455 2676 tres
475 2641 626 2677 decimas
656 2654 717 2688 per
730 2643 886 2689 sinqulos
903 2644 1053 2687 vitut0s;
1075 2657 1136 2692 per

82 2700 221 2742 arietes,
240 2700 355 2742 duas,·
383 2711 444 2746 per
461 2712 569 2747 aynos
593 2702 763 2739 decimam
783 2704 941 2750 desinite,
959 2708 1018 2753 qui
1031 2708 1136 2743 simul

83 2766 163 2795 sunt
203 2761 283 2806 (tyni
323 2767 463 2807 septem.
500 2762 647 2798 Hircum
687 2775 823 2810 quoque
860 2766 920 2812 qui
961 2774 1137 2803 mactatur

83 2831 145 2866 pro
182 2821 380 2866 expiatione
393 2848 402 2863 ,
439 2828 564 2867 proeter
607 2823 847 2859 holocaustum
891 2828 1136 2872 sempiternum

84 2886 115 2916 et
131 2881 201 2916 liba
218 2882 294 2927 ejus
322 2894 333 2919 :
357 2881 585 2918 immaculata
604 2883 754 2929 offeretis
770 2885 886 2920 onmia
901 2896 979 2921 cum
998 2887 1137 2923 libatio-

85 2941 185 2976 nibus
208 2941 293 2977 suis.
330 2941 415 2978 Post
432 2943 524 2978 hanc
545 2944 708 2988 sequitur
722 2951 823 2980 sexta
842 2945 1029 2991 festivitas,
1057 2958 1137 2994 quae

88 3001 218 3037 dicitur
237 3002 432 3046 Novorum,
456 3003 492 3039 id
506 3009 573 3047 est,
598 3005 768 3049 primitiae
794 3006 837 3042 de
854 3008 958 3043 novis
974 3008 1135 3045 offerun-

87 3066 159 3098 tur.
176 3062 244 3098 Ubi
259 3063 355 3098 enim
371 3064 569 3100 seminatus
586 3064 695 3100 fuerit
710 3075 795 3111 ager
811 3066 1001 3111 diligenter
1017 3069 1137 3105 excul-

87 3128 160 3167 tus,
181 3129 288 3169 atque
312 3124 358 3160 ad
374 3125 619 3162 maturitatem
643 3128 847 3172 pervenerit
867 3138 982 3175 seges,
998 3134 1084 3165 tunc
1101 3129 1138 3166 in

87 3182 268 3219 fructuum
301 3183 522 3230 perfectione
554 3186 730 3224 festivitas
751 3187 891 3225 Domini
926 3190 1076 3236 geritur.
1099 3189 1137 3227 Si

89 3254 175 3291 ergo
187 3249 224 3281 et
240 3249 279 3280 tu
295 3245 351 3281 vis
363 3245 546 3282 Novorum
560 3247 801 3285 diem‘festum
831 3260 938 3296 agere
951 3261 1033 3287 cum
1048 3251 1136 3295 Deo,

88 3305 171 3342 vide
203 3306 383 3352 quomodo
411 3307 584 3352 semines,
607 3313 669 3344 aut
686 3309 747 3345 ubi
766 3312 937 3356 semines,
963 3318 1003 3348 ut
1021 3314 1141 3359 possis

89 3365 182 3421 tales
209 3372 346 3403 metere
364 3367 516 3412 fructus,
535 3379 579 3406 ex
599 3370 729 3416 quihus
750 3371 862 3408 laetari
879 3372 992 3410 facias
1008 3360 1138 3418 Deum,

93 3429 131 3461 et
147 3435 256 3472 agere
274 3426 368 3464 diem
401 3427 547 3465 festum.
568 3429 671 3474 Quod
686 3431 792 3467 aliter
815 3432 966 3478 implere
986 3443 1057 3469 non
1073 3443 1139 3478 po-

93 3484 196 3530 teris,
214 3487 284 3524 nisi
318 3488 443 3525 audias
474 3489 686 3536 Apostolum
714 3492 893 3527 dicentem
914 3503 922 3526 :
945 3491 1015 3534 Qui
1039 3491 1143 3526 semi-

93 3550 154 3582 nat
168 3546 206 3582 in
218 3547 357 3593 spiritu,
370 3548 413 3584 de
426 3550 548 3596 spiritu
563 3557 666 3587 metet
681 3551 786 3586 vitam
804 3556 970 3586 oeternam
985 3548 1042 3596 (11
1056 3547 1139 3584 Cor.

95 3604 163 3651 lx.)-
181 3605 219 3643 Si
237 3607 290 3645 sic
305 3609 462 3645 semines
477 3614 512 3646 et
525 3610 580 3646 sic
589 3617 718 3654 metas,
734 3611 888 3656 denique
901 3610 995 3646 diem
1010 3608 1141 3645 festum

96 3673 183 3702 vere
194 3667 270 3714 wis
289 3669 482 3706 Novorum.
509 3670 704 3717 Propterea
722 3676 759 3706 et
774 3670 950 3717 propheta
971 3669 1139 3706 admonet

98 3724 222 3763 dicens
239 3727 431 3767 :Inmane
463 3732 500 3767 in
515 3732 609 3768 vobis
628 3731 781 3775 novalia,
797 3739 828 3769 et
848 3732 954 3768 nolite
970 3731 1141 3767 seminare

98 3795 202 3835 wrm·
224 3786 345 3835 mim
371 3789 518 3829 Usum.
537 3791 604 3838 tv).
627 3791 697 3836 Qui
713 3801 801 3838 ergo
817 3802 880 3829 cor
905 3801 1008 3829 suum
1029 3796 1066 3828 et
1083 3791 1138 3828 in-

1209 333 1357 368 innovat
1372 330 1528 375 novalia,
1549 335 1586 366 et
1610 340 1684 367 non
1699 332 1855 368 seminat
1883 343 1990 380 super
2018 341 2159 386 spinas3
2193 346 2256 382 sed

1209 402 1315 439 super
1335 399 1469 429 terram
1491 392 1639 435 bonam,
1661 402 1741 438 quae
1766 392 1892 429 reddat
1920 395 1954 429 ei
1973 395 2127 436 fructum
2141 404 2256 450 ιιι-,μ-

1209 454 1354 497 simum,
1402 459 1463 489 aut
1496 452 1775 499 sexagesimum,
1806 458 1869 489 aut
1906 455 2156 493 centesimum.
2186 460 2259 498 Iste

1207 525 1295 562 ergo
1311 519 1368 550 est
1396 514 1511 560 quiin
1546 514 1674 559 spiritu
1691 513 1860 557 seminat,
1890 519 1926 550 et
1956 514 2092 562 colligit
2122 515 2259 557 fructus

1207 574 1368 622 spiritus.
1404 573 1559 610 Fructus
1585 578 1707 608 autem
1727 572 1875 618 spiritus
1909 574 2066 619 primum
2100 577 2259 614 omnium

1208 641 1264 673 est
1294 634 1477 682 gaudium.
1506 634 1550 669 Et
1567 633 1699 670 merito
1721 633 1814 669 diem
1834 632 1967 668 festum
1998 643 2169 670 novorum
2187 635 2259 672 fru-

1209 702 1329 733 ctuum
1340 697 1427 742 agit,
1438 696 1499 741 qui
1509 696 1676 742 gaudium
1686 695 1802 731 metit.
1813 694 1997 741 Praecipue
2006 695 2067 741 qui
2078 695 2182 731 simul
2191 707 2261 733 me-

1209 763 1261 795 tat
1270 766 1306 794 ct
1322 768 1458 804 pacem,
1471 758 1680 803 patientiam
1694 765 1731 794 et
1742 758 1954 798 bonitatem,
1968 761 2004 792 et
2018 757 2261 793 mansuetudi-

1208 831 1304 863 nem,
1325 819 1485 866 aliosquc
1501 821 1628 855 borum
1648 819 1783 855 similes
1799 818 1938 855 fructus
1955 818 2111 864 colligat,
2130 818 2263 865 dignis-

1207 881 1298 916 sime
1318 890 1490 917 novorum
1511 879 1690 914 fructuum
1711 877 1943 914 festivitatem
1960 878 2113 914 Domino
2138 888 2260 924 agens.

1255 940 1354 987 (cip.
1372 939 1489 986 xxix.)
1509 939 1640 975 Mensis
1674 940 1778 974 etiam
1803 938 1938 984 septimi
1957 938 2071 983 prima
2101 938 2175 973 dies
2201 949 2260 973 ve-

1208 1002 1372 1037 nerabilis
1398 1007 1428 1036 et
1456 1007 1577 1036 sancta
1598 1001 1661 1036 erit
1680 1001 1787 1035 vobis.
1810 1000 1919 1036 Omne
1938 1012 2022 1046 opus
2042 1000 2163 1036 servile
2191 1011 2261 1037 non

1208 1061 1342 1107 facietis
1368 1063 1405 1097 in
1420 1073 1474 1103 ea,
1497 1063 1580 1107 quia
1599 1061 1671 1096 dies
1686 1061 1860 1106 clanqoris
1882 1067 1977 1096 estet
1994 1061 2180 1103 tubarum,·
2201 1061 2260 1106 os·—

1208 1122 1390 1167 feretisque
1425 1122 1664 1157 holocaustum
1695 1122 1733 1156 in
1753 1122 1894 1156 odorem
1911 1122 2158 1157 suavissimum
2188 1122 2261 1157 Do·-

1154 1176 1312 1225 Bmino,
1344 1181 1491 1217 vitulum
1517 1182 1558 1216 de
1602 1187 1759 1217 armento
1786 1186 1917 1224 'unum,
1954 1182 2098 1216 arietem
2136 1193 2260 1226 anum,

1206 1254 1315 1289 aqnos
1332 1242 1514 1278 (cuniculos
1533 1242 1775 1277 immaculatos
1797 1248 1936 1287 septem.
1958 1241 2004 1276 Et
2022 1243 2058 1277 in
2074 1243 2261 1288 sacrificiis

1205 1315 1325 1340 eorum
1340 1304 1463 1339 similas
1490 1303 1563 1338 oleo
1581 1314 1775 1349 conspersa)
1794 1310 1862 1338 tres
1886 1303 2039 1338 decimas
2059 1316 2119 1350 per
2136 1295 2260 1351 sinyuss

1206 1365 1257 1401 los
1276 1365 1412 1401 vitulos.
1429 1364 1526 1400 Duas
1540 1366 1692 1400 decimas
1706 1376 1767 1411 per
1787 1366 1945 1408 (tristem,
1963 1377 2069 1401 unam
2088 1367 2259 1403 decimam

1205 1437 1266 1472 per
1283 1437 1410 1471 (tynum
1432 1426 1516 1471 :qui
1536 1425 1640 1460 simul
1665 1432 1744 1460 sunt
1764 1426 1844 1471 aqui
1871 1432 2012 1471 septem.
2047 1426 2092 1461 Et
2122 1428 2258 1462 hircum

1205 1499 1267 1534 pro
1300 1494 1437 1534 peccato
1467 1488 1527 1534 qui
1558 1488 1756 1533 offerturia
1789 1488 1985 1533 expiatione
2012 1488 2143 1535 populi,
2167 1499 2260 1534 prae-

1204 1555 1255 1584 ter
1283 1548 1524 1584 holocaustum
1562 1548 1803 1583 Kalendarum
1831 1560 1909 1583 cum
1943 1549 2127 1594 sacrificiis
2159 1551 2259 1594 suis,

1204 1615 1234 1645 et
1254 1609 1497 1644 holocaustum
1518 1608 1762 1654 sempiternum
1782 1619 1859 1643 cum
1891 1608 2113 1643 libationibus
2128 1608 2257 1652 solitis,

1203 1670 1325 1705 iisdem
1349 1670 1565 1705 coeremoniis
1583 1668 1735 1714 offeretis
1763 1670 1799 1704 in
1828 1669 1968 1703 odorem
1995 1670 2258 1714 suavissimum,

1202 1731 1381 1765 incensum
1410 1729 1574 1764 Domino.
1611 1728 1711 1764 Tunc
1729 1729 1858 1765 deinde
1890 1729 2053 1775 sequitur
2081 1728 2259 1766 festivitas

1204 1789 1458 1836 Septimarum.
1483 1789 1584 1826 Sicut
1604 1790 1699 1826 enim
1721 1790 1815 1826 inter
1834 1790 1911 1827 dies
1941 1796 2094 1836 septem,
2122 1791 2259 1837 quique

1203 1854 1279 1889 dies
1308 1854 1519 1889 observatur
1554 1853 1756 1896 sabbatum,
1775 1858 1810 1888 et
1840 1858 1895 1890 est
1926 1853 2117 1897 festivitas,
2152 1853 2259 1890 itaet

1203 1914 1296 1951 inter
1329 1925 1484 1958 menses,
1515 1916 1686 1960 septimus
1708 1916 1842 1961 quique
1875 1916 2023 1959 mensis,
2061 1915 2258 1953 sabbatum

1201 1974 1391 2010 mensium.
1416 1975 1544 2021 Agitur
1576 1985 1660 2022 ergo
1688 1976 1726 2011 in
1761 1986 1803 2012 eo
1828 1977 2006 2013 festivitas
2026 1987 2106 2023 quae
2125 1977 2259 2014 dicitur

1203 2033 1360 2070 Sabbata
1397 2034 1660 2078 Sabbatorum;
1699 2042 1736 2071 et
1761 2035 1801 2071 fit
1825 2037 1862 2071 in
1886 2036 1944 2072 die
1975 2036 2093 2082 prima
2117 2037 2261 2074 mensis

1202 2096 1377 2132 memoria
1398 2096 1581 2139 tubarum,
1615 2096 1685 2132 nisi
1714 2097 1775 2149 qpi
1808 2101 1926 2143 potest
1946 2096 2151 2143 Scripturas
2172 2107 2264 2143 pro-—

1201 2159 1364 2205 phcticas
1381 2164 1418 2194 et
1432 2158 1655 2204 evangelicas
1676 2165 1712 2194 et
1733 2158 1962 2205 apostolicas,
1978 2168 2058 2204 quae
2070 2159 2169 2195 velut
2180 2169 2261 2196 eoe-

1202 2220 1281 2256 lesti
1302 2221 1457 2266 quadam
1475 2225 1671 2266 personant
1692 2220 1789 2264 tuba,
1812 2222 1984 2257 mandare
2004 2221 2200 2265 memoriae,
2220 2228 2264 2257 et,

1202 2280 1239 2315 in
1258 2280 1467 2315 thesaurum
1495 2280 1616 2316 cordis
1644 2281 1700 2317 sui
1733 2282 1943 2317 recondere.
1979 2281 2046 2325 Qui
2075 2291 2160 2327 ergo
2175 2282 2258 2318 haec.

1203 2338 1301 2382 facit,
1321 2346 1357 2375 et
1375 2341 1411 2375 in
1429 2341 1506 2386 lege
1529 2341 1672 2376 Domini
1688 2342 1881 2378 meditatur
1899 2342 1957 2377 die
1972 2352 2013 2378 ac
2041 2348 2160 2385 nocte,
2186 2342 2261 2378 iste.

1203 2399 1436 2435 festivitatem
1467 2401 1558 2446 gerit
1596 2402 1790 2437 memoriae.
1818 2402 1889 2438 Sed
1925 2409 1961 2438 et
1988 2404 2018 2439 si
2037 2404 2117 2449 quis
2134 2408 2260 2449 potest.

1203 2461 1337 2506 gratias
1361 2460 1440 2495 illas
1464 2459 1620 2506 Spiritus
1641 2463 1756 2498 sancti
1791 2464 2003 2508 promereri,
2038 2465 2170 2510 quibus
2200 2466 2259 2501 ἰη-

1204 2520 1329 2566 spirati
1356 2527 1438 2557 sunt
1454 2523 1651 2568 prophetae‚
1670 2529 1707 2559 et
1726 2525 1883 2570 psallens
1898 2526 2019 2561 dicere
2042 2538 2049 2560 ε
2076 2526 2198 2564 Canae
2218 2527 2259 2562 iu

1204 2582 1307 2617 initio
1326 2583 1459 2619 mensis
1484 2584 1578 2625 tuba,
1612 2584 1723 2619 indie
1752 2586 1878 2631 insigpai
1913 2586 2143 2623 solemnitatis
2178 2588 2260 2634 ejus

1205 2643 1318 2691 (Psal.
1338 2644 1464 2690 Lxxx),
1483 2645 1593 2690 etqui
1609 2646 1725 2681 scitin
1747 2646 1894 2692 psalmis
1909 2646 2065 2692 jubilare
2079 2649 2126 2693 ci,
2148 2649 2261 2697 digne.

1204 2704 1277 2741 Deo
1302 2705 1374 2750 agit
1396 2704 1658 2740 solemnitatem
1679 2705 1874 2742 Tubarum.

1252 2765 1395 2800 Decima
1413 2777 1547 2812 quoque
1566 2766 1639 2802 dies
1656 2768 1783 2803 mensis
1797 2768 1902 2814 hujus
1923 2770 2059 2816 septimi
2082 2773 2146 2808 tm't
2163 2771 2262 2808 vobis.

1205 2831 1325 2861 sancta
1346 2832 1448 2872 atque
1463 2826 1667 2862 venerabilis
1690 2837 1701 2861 :
1720 2834 1752 2863 et
1769 2829 1932 2876 affligetis
1957 2833 2094 2867 animas
2109 2838 2260 2868 vestras-

1207 2884 1316 2920 Omne
1336 2895 1421 2931 opus
1438 2886 1560 2921 servile
1589 2897 1658 2922 non
1686 2887 1820 2933 facietis
1835 2889 1871 2924 in
1885 2900 1937 2932 ea,
1957 2890 2177 2937 offeretisque
2196 2891 2276 2930 lto-‚

1208 2943 1405 2980 locaustum
1421 2945 1569 2981 Domino
1591 2948 1630 2982 in
1657 2947 1798 2983 odorem
1815 2950 2074 2994 suavissimum,
2108 2950 2261 2987 vitulum

1208 3005 1250 3041 de
1268 3011 1424 3041 armento
1454 3017 1586 3051 unum,
1620 3007 1762 3044 arietem
1787 3020 1911 3054 unum,
1936 3021 2045 3057 aqnos
2077 3011 2260 3048 anniculos

1208 3074 1347 3115 septem.
1368 3068 1414 3104 Et
1443 3069 1479 3105 in
1511 3070 1694 3117 sacrificiis
1712 3083 1831 3108 eorum
1855 3073 1980 3110 similoe
2000 3074 2074 3110 oleo
2094 3086 2261 3120 consper-

1208 3139 1256 3165 διε
1295 3135 1362 3164 tres
1396 3129 1548 3166 decimas
1581 3142 1643 3177 per
1678 3132 1802 3168 vitulos
1828 3133 2013 3179 sinqulos;
2045 3134 2133 3169 duas
2166 3134 2262 3170 deci—

1209 3198 1285 3223 mas
1322 3198 1384 3233 per
1414 3189 1570 3233 arietem,
1593 3190 1762 3226 decimam
1785 3190 1927 3225 decimoe
1945 3202 2006 3236 per
2043 3202 2150 3237 aqnos
2190 3193 2262 3230 sin-

1210 3248 1309 3295 yulos
1329 3250 1418 3295 :qui
1441 3255 1520 3285 sunt
1558 3249 1662 3284 simul
1693 3254 1818 3295 septem
1850 3249 1943 3294 aqui.
1965 3248 2011 3283 Et
2029 3249 2165 3285 hircum
2193 3261 2260 3296 pro

1211 3315 1350 3355 peccato
1365 3309 1492 3355 absque
1505 3309 1557 3343 his
1571 3319 1650 3354 qua:
1667 3308 1786 3352 offerri
1797 3319 1858 3353 pro
1873 3307 1995 3343 delicto
2008 3307 2133 3352 solent,
2147 3310 2184 3345 in
2198 3321 2263 3346 ea:-

1211 3369 1397 3414 piationem
1423 3374 1456 3403 et
1480 3367 1718 3403 holocaustum
1736 3368 1996 3412 sempiternum,
2015 3369 2052 3404 in
2071 3370 2262 3415 sacrificiis

1212 3433 1244 3463 et
1276 3426 1496 3462 libaminibus
1522 3436 1654 3462 eorum.
1683 3425 1748 3461 Est
1768 3425 1885 3462 adhuc
1905 3431 1941 3461 et
1976 3425 2046 3464 alia
2064 3427 2263 3472 festivitas,

1213 3496 1294 3522 cum
1328 3485 1488 3531 affligunt
1517 3485 1657 3520 animas
1695 3494 1791 3528 suas,
1819 3490 1855 3522 et
1887 3486 2077 3524 humiliant
2109 3497 2148 3526 se
2170 3489 2276 3535 Deo..

1212 3545 1304 3581 festa
1329 3545 1566 3582 celebrantes.
1582 3543 1612 3581 Ο
1631 3545 1722 3581 mira
1741 3545 1918 3583 festivitas
1937 3547 1946 3583 ἱ
1967 3547 2050 3585 Dies
2067 3547 2180 3585 festus
2198 3558 2279 3593 vo-‚

1211 3610 1315 3641 catur
1329 3603 1472 3640 afflictio
1485 3604 1626 3640 animae.
1648 3604 1715 3641 Hic
1729 3605 1824 3642 enim
1845 3606 1922 3643 dies
1935 3612 2004 3651 est,
2021 3608 2158 3654 iuquit,
2173 3618 2273 3655 μω,

1211 3665 1421 3711 pitiationis,
1449 3665 1585 3700 decima
1607 3665 1665 3701 die
1693 3666 1828 3703 mensis
1856 3663 2012 3713 septimi.
2045 3667 2154 3704 Vides
2171 3676 2278 3715 ergo,

1213 3727 1243 3762 si
1258 3726 1311 3761 vis
1329 3726 1423 3761 diem
1442 3725 1573 3761 festum
1591 3736 1710 3774 agere,
1737 3727 1768 3763 si
1791 3727 1847 3764 vis
1867 3732 1908 3763 ut
1930 3727 2073 3764 laetatur
2090 3727 2186 3770 Deus
2203 3739 2265 3765 su-

1212 3797 1277 3835 per
1303 3792 1351 3832 te,
1370 3785 1485 3834 afflige
1508 3787 1666 3825 animam
1682 3793 1779 3826 tuam
1793 3794 1830 3826 ct
1845 3789 1992 3827 humilia
2010 3798 2103 3827 eain.
2130 3788 2208 3826 Non
2228 3788 2267 3841 e}

1291 3893 1307 3904 μ
