2540 4016
32 188 122 243 ’ὴν-ι

503 178 882 237 ‘nuAnnAriouns
906 197 954 237 iu
974 174 1160 240 mestun*
1175 174 1487 240 uenenorum.
1500 191 1502 193 ’
1515 222 1562 229 -
1585 178 1672 242 tra.
1691 183 1756 255 ¹111.-

2150 221 2220 259 778

30 264 263 317 &unctorum
282 284 362 322 quae
378 274 547 312 videntur
561 278 599 311 et
621 274 818 311 audiuntur
849 274 986 312 hahere
1011 276 1105 312 noti·
1122 280 1158 320 A
1173 278 1251 322 Dei.
1280 277 1352 314 Sed
1378 277 1527 314 interim
1552 277 1738 317 videamus
1755 281 1883 329 „Moysi
1909 292 2221 335 magnificentiam,

44 334 148 373 tiam.
166 334 220 372 Ob
238 335 309 372 hoc
325 334 449 379 credo,
466 339 508 371 ut
529 334 691 370 omnium
707 334 821 380 quiin
838 344 949 371 earne
965 336 1104 382 positus

33 395 227 442 corporali
248 395 358 441 coepit
374 400 537 442 aspectu,
556 394 594 431 in
613 394 740 441 spiritu
760 394 908 432 effectus
922 422 932 440 ‚
953 402 990 432 et
1008 396 1106 432 nulla

45 460 170 491 mente
195 455 240 492 ad
269 455 448 492 auditoria
473 461 510 492 et
532 455 786 505 discipulatum
812 457 998 504 sapientiae
1021 469 1105 505 pro-

45 523 195 561 perans,
212 515 390 552 velociter
412 525 540 552 eorum
561 516 722 553 rationes
740 522 956 564 assequatur
972 523 1009 555 et
1027 529 1110 556 cau-

47 585 122 612 sas.
141 575 232 612 Nam
251 575 340 621 quid
357 576 542 613 videbitur
559 577 746 622 utilitatis,
765 583 807 614 ut
826 579 1031 616 discessuro
1065 579 1109 617 de

46 635 196 679 saeculo,
215 639 253 671 et
291 633 400 670 finem
438 637 522 672 vitae
556 637 665 684 hujus
696 639 863 684 protinus
896 645 1106 686 accepturo,

46 694 287 731 ostendantur
306 699 412 730 terrae
437 695 532 740 loca,
551 707 708 742 quorum
740 708 808 735 nee
837 699 998 736 laborem
1031 710 1112 746 per-

42 757 220 800 pessurus
237 758 345 796 esset,
367 764 435 791 nee
459 756 616 801 gratiam
635 759 894 805 suscepturus?
926 759 1111 796 Perterret

46 822 135 849 sane
159 822 220 849 me
246 823 367 851 sermo
393 816 455 860 qui
474 818 661 863 sequitur,
678 824 715 855 et
733 819 779 855 ad
802 819 994 856 dicendum
1012 818 1110 856 timi-

46 871 134 907 dum
155 872 333 909 redditae
351 874 545 920 trepidum,
565 877 663 922 quod
681 878 726 913 de
755 887 888 924 magno
905 877 968 913 illo
990 877 1111 925 Moyse

45 930 183 968 famulo
207 938 244 969 et
268 933 384 970 amico
404 934 483 979 Dei,
502 936 560 972 cui
574 937 668 973 faeie
685 937 731 973 ad
749 936 880 973 faciem
895 938 1038 975 locutus
1055 946 1111 976 est

45 991 156 1037 Deus,
168 1003 235 1039 per
248 1004 357 1040 quem
377 995 481 1041 signa
495 1001 532 1031 et
548 997 702 1032 virtutes
716 996 881 1033 mirificae
896 1004 1112 1045 perpetratae

46 1058 145 1096 sunt,
161 1058 236 1087 tam
265 1054 403 1098 gravia,
426 1059 501 1088 tam
533 1055 737 1100 periculosa
769 1056 989 1095 reseruntur.
1020 1060 1113 1105 Quid

45 1112 144 1148 enim
161 1112 250 1147 dicit
269 1112 303 1147 ei
324 1112 444 1149 Deus?
462 1113 510 1149 Et
527 1117 726 1161 apponeris,
742 1118 873 1165 inquit,
885 1120 930 1155 ad
946 1122 1113 1167 populum

1173 338 1400 375 Recessurus
1417 338 1461 375 de
1481 338 1613 375 saeculo
1627 345 1707 376 orat
1721 339 1850 385 Deum,
1871 349 1911 380 ut
1929 349 2115 390 provideat
2127 356 2225 400 judi-

1174 409 1253 435 cem
1271 399 1405 447 populo
1422 400 1546 437 dicens
1568 412 1576 436 :
1600 399 1791 438 Provideat
1803 402 1898 439 Deus
1917 406 2102 450 spirituum
2115 417 2227 455 omnig

1175 459 1291 495 carnis
1321 459 1509 503 hanzinem,
1527 460 1586 506 qui
1610 461 1655 497 sit
1681 473 1785 508 super
1803 462 2060 502 multitudinem
2076 468 2180 515 hanc,
2197 481 2230 511 et

1174 519 1283 567 possit
1309 520 1403 556 exire
1423 526 1456 556 et
1472 521 1607 558 intrare
1626 532 1687 568 per
1705 532 1777 565 eos,
1799 528 1832 557 et
1850 523 1995 561 educere
2009 525 2087 563 illos
2108 529 2159 564 vel
2177 531 2234 570 in-
2280 550 2293 561 ι

1176 580 1359 617 traducere
1373 608 1382 625 ‚
1398 592 1441 618 ne
1459 582 1505 617 sit
1527 581 1676 629 populus
1703 582 1848 619 Domini
1883 584 1975 620 sicut
1999 597 2076 623 oves
2107 589 2234 637 absque

1177 647 1326 689 pastore.
1346 641 1440 686 Quid
1454 642 1546 689 agis,
1565 653 1587 678 ο
1611 642 1772 690 Moyses?
1800 643 1970 691 Nunquid
1994 645 2058 682 filii
2080 647 2147 684 tibi
2163 660 2236 686 non

1178 708 1276 747 sunt,
1293 702 1434 741 Gerson
1450 708 1487 740 et
1503 703 1682 741 Eleazar?
1701 704 1774 742 Aut
1793 707 1824 742 si
1849 705 1986 753 aliquid
2002 708 2048 744 de
2065 708 2153 754 ipsis
2171 710 2238 746 du-

1178 764 1286 807 bitas,
1305 773 1376 799 non
1400 769 1484 800 sunt
1506 763 1571 800 filii
1591 764 1715 802 fratris
1747 767 1870 813 magni
1904 772 1940 804 et
1975 769 2111 816 egregii
2147 770 2240 806 viri?

1180 824 1365 869 Quomodo
1382 835 1455 860 non
1470 835 1553 862 oras
1567 825 1682 862 Deum
1701 837 1767 872 pro
1784 827 1887 874 ipsis,
1908 834 1947 865 ut
1961 839 2024 866 eos
2041 832 2240 868 constituat

1178 887 1310 933 populo
1330 887 1464 923 duces?
1498 886 1570 924 Sed
1601 888 1743 925 discant
1766 890 2005 927 ecclesiarum
2033 892 2237 940 principes,

1180 956 1408 983 successores
1421 947 1578 984 sibinen
1597 958 1660 984 eos
1679 949 1741 994 qui
1762 951 2077 997 consanguinitate
2096 954 2238 1000 generis

1175 1003 1293 1050 juncti
1313 1012 1412 1050 sunt,
1427 1018 1494 1043 nec
1517 1007 1580 1053 qui
1605 1008 1728 1044 carnis
1749 1010 2021 1056 propinquitate
2055 1013 2243 1050 sociantur

1181 1070 1400 1102 testamento
1438 1068 1584 1114 signare
1599 1094 1610 1112 ,
1642 1079 1759 1115 neque
1793 1071 2066 1108 haereditarium
2097 1075 2243 1112 tradere

1182 1125 1442 1172 principatum,
1463 1127 1528 1163 sed
1562 1127 1702 1165 referre
1735 1129 1781 1166 ad
1795 1128 1974 1174 judicium
1994 1131 2082 1176 Dei;
2109 1139 2146 1169 et
2171 1145 2243 1171 non

46 1176 144 1206 tuum
158 1177 190 1205 et
207 1177 259 1215 tu,
275 1172 364 1207 sicat
382 1178 415 1208 et
441 1174 576 1219 positus
606 1182 656 1210 est
687 1175 808 1214 Aaron
838 1179 950 1224 frater
978 1187 1058 1217 tuus
1077 1182 1113 1218 in
1131 1186 1163 1225 Β
1182 1186 1317 1234 eligere
1335 1187 1436 1223 illum
1461 1198 1568 1234 quem
1597 1189 1778 1227 humanus
1813 1193 2045 1229 commendat
2078 1193 2244 1239 affectus,

45 1238 163 1267 monte
178 1227 271 1268 Hor.
291 1233 337 1269 Et
354 1234 458 1280 quasi
473 1245 619 1272 causam
640 1239 768 1275 mortis
787 1249 971 1286 exponens
991 1243 1079 1280 dicit
1100 1256 1108 1280 :

44 1292 296 1342 Propterquod
315 1300 524 1345 transgressi
538 1302 620 1337 estis
639 1302 781 1338 verbum
792 1315 907 1341 meum
924 1307 961 1342 in
974 1307 1111 1346 deserto

46 1353 127 1399 Sin,
139 1365 221 1391 cum
243 1358 378 1394 restitit
400 1359 592 1408 Synagoga
606 1373 651 1398 ne
668 1374 726 1400 me
745 1366 1008 1405 sanctificaret.
1027 1369 1064 1405 N
1067 1382 1113 1406 on

45 1425 101 1450 me
117 1417 365 1462 sanctificastis
386 1420 423 1455 in
445 1432 537 1467 aqua
556 1434 675 1458 coram
692 1425 754 1459 eis.
774 1425 870 1472 Ergo
887 1432 924 1463 et
942 1428 980 1464 in
1006 1429 1112 1475 culpa

46 1480 104 1511 est
122 1477 234 1512 etiam
254 1478 411 1525 Moyses,
431 1481 541 1517 etiam
556 1483 634 1529 ipse
653 1487 954 1532 transgressionis
972 1490 1111 1527 crimen

49 1537 220 1583 incurrit,
242 1540 350 1576 etiam
370 1541 449 1588 ipse
476 1543 597 1581 factus
621 1552 677 1582 est
695 1548 761 1583 sub
784 1555 947 1594 peccato.
975 1551 1112 1589 Idcirco

46 1600 176 1643 credo,
193 1611 276 1637 cum
295 1602 427 1638 fiducia
446 1604 590 1642 dicebat
607 1606 801 1653 Apostolus
821 1622 828 1645 :
850 1610 943 1654 Quia
958 1615 1114 1659 regnavit

46 1672 142 1698 mors
162 1663 205 1698 ab
224 1664 340 1700 Adam
360 1677 468 1713 usque
486 1668 532 1702 acl
552 1668 590 1703 M
594 1681 711 1715 oyscn.
725 1671 878 1709 Accessit
899 1675 990 1710 enim
1005 1687 1113 1722 usque

45 1723 92 1758 ad
107 1723 266 1770 Moysen,
281 1732 313 1762 et
332 1738 392 1762 nec
409 1729 473 1773 ipsi
489 1732 639 1776 pepercit
656 1731 774 1778 (Rom.
791 1734 842 1782 v).
869 1735 915 1771 Et
933 1736 1013 1773 ideo
1033 1739 1112 1785 opi-

46 1796 116 1823 nor
141 1788 298 1834 dicebat,
315 1790 397 1836 quia
432 1798 611 1837 peccatum
641 1793 797 1830 introivit
826 1796 864 1831 in
889 1797 981 1833 hunc
1009 1810 1112 1835 ntun-

47 1848 147 1893 dum,
166 1856 198 1885 et
228 1861 289 1895 per
315 1857 496 1896 peccatum
516 1864 626 1898 mors,
645 1855 680 1890 in
701 1867 769 1902 quo
800 1868 918 1895 ontnes
950 1871 1113 1906 peccave-

48 1917 131 1946 runt
153 1911 270 1958 (Rom.
299 1912 379 1960 vn).
411 1913 455 1949 Et
485 1914 618 1951 iterum
642 1928 650 1951 ε
679 1915 859 1954 Conclusit
878 1920 973 1957 Deus
995 1934 1112 1959 omnes

47 1971 112 2007 sub
131 1979 287 2018 peccato,
312 1979 347 2008 ut
369 1975 529 2010 omnibus
552 1977 770 2013 misereatur.
789 1978 859 2014 Sed
882 1983 1015 2027 qratias
1037 1983 1112 2019 Deo

47 2036 167 2066 nostro
182 2030 270 2067 Jesu
286 2030 441 2076 Christo,
462 2035 521 2080 qui
538 2046 599 2071 nos
614 2035 773 2073 liberavit
793 2039 835 2074 de
854 2051 997 2086 corpore
1018 2054 1112 2078 mor-

47 2094 92 2129 tis
114 2094 237 2141 liujus,
257 2102 294 2131 ut
314 2097 374 2133 ubi
392 2097 582 2135 abundavit
620 2106 801 2145 peccatam
818 2130 826 2146 ,
845 2105 1112 2150 superabunda-

49 2161 100 2190 ret
120 2162 152 2191 et
179 2157 294 2202 qratia
321 2157 441 2205 (Rom.
463 2160 524 2207 11).
553 2160 644 2198 Nam
675 2162 817 2210 Moyses
843 2168 1024 2212 quomodo
1044 2169 1110 2204 ali-

50 2226 156 2262 quem
175 2217 330 2255 liberare
354 2221 533 2266 potuisset
550 2233 570 2258 a
596 2225 777 2270 peccatis,
798 2237 880 2263 cum
902 2229 1011 2264 etiam
1042 2230 1111 2276 ipsi

49 2278 218 2315 dicatur:
243 2279 312 2324 Qui
340 2284 547 2329 transqressi
568 2286 649 2320 estis
683 2287 824 2323 verbum
844 2300 958 2324 meum
985 2291 1021 2325 in
1049 2291 1110 2326 dc-

43 2341 140 2376 'serto
160 2341 239 2386 Sin,
255 2349 288 2378 et
305 2355 374 2379 non
391 2356 444 2380 me
464 2347 711 2392 sanctificastis
732 2348 768 2384 in
783 2359 875 2396 aqua
890 2361 1007 2386 coram
1028 2350 1111 2395 filiis

51 2400 192 2437 Israel?
207 2402 254 2439 Ut
272 2404 506 2442 manifestum
522 2407 567 2443 sit
584 2409 766 2452 omnibus,
786 2409 883 2456 quod
903 2410 963 2446 ille
981 2411 1111 2447 debeat

51 2461 148 2499 solus
169 2465 306 2510 requiri
333 2466 394 2512 qui
421 2467 519 2504 solus
539 2474 730 2513 peccatum
749 2480 822 2506 non
844 2470 943 2515 fecit,
960 2482 1027 2508 nec
1058 2473 1112 2508 in-

49 2529 179 2560 ventus
199 2530 256 2561 est
282 2526 385 2563 dolus
405 2527 442 2562 in
466 2537 528 2563 ore
555 2528 645 2574 ejus.
678 2529 816 2566 Tamen
847 2531 933 2566 illud
969 2537 1112 2577 oportet

52 2586 280 2623 considerari
304 2590 514 2636 mysterium
531 2618 539 2634 ,
556 2593 640 2637 quia
658 2602 725 2628 nee
743 2594 1000 2637 sacerdotium,
1017 2595 1112 2641 quod

51 2647 259 2683 institutum
276 2653 342 2691 est,
361 2649 465 2695 cujus
483 2660 674 2695 personam
708 2653 856 2698 gerebat
887 2653 1020 2698 Aaron,
1044 2664 1112 2692 nec

50 2708 127 2753 ipsa
147 2707 219 2751 lex,
240 2707 343 2753 quus
365 2719 559 2755 personam
584 2712 732 2758 gerebat
763 2712 918 2759 Moyses,
949 2714 1112 2752 introdu-

51 2771 138 2801 cunt
154 2766 326 2812 populum
342 2765 407 2803 Dei
424 2768 460 2803 in
477 2773 612 2804 terram
630 2770 853 2807 haereditatis
873 2778 1032 2817 aeterum,
1048 2774 1112 2811 sed

51 2827 169 2871 Jesus,
190 2828 227 2863 in
244 2838 316 2874 quo
338 2834 443 2876 typus
462 2836 542 2866 crat
558 2831 700 2868 Domini
717 2831 804 2869 Jesu
825 2833 972 2878 Christi,
989 2835 1024 2871 id
1041 2841 1109 2880 est,

52 2888 168 2935 gratia
186 2897 252 2934 per
268 2888 391 2925 fidem.
407 2890 453 2925 Et
464 2890 586 2926 Aaron
598 2892 742 2937 quidem
754 2898 837 2929 ante
852 2893 1041 2931 defunctus
1057 2899 1112 2932 est

52 2957 161 2995 quam
180 2948 292 2986 Israel
308 2949 347 2984 in
365 2949 524 2995 aliquam
537 2956 679 2996 partem
696 2956 800 2987 terrae
821 2954 1112 2999 repromissionis

51 3009 219 3046 intraret.
237 3010 358 3057 Moyse
377 3011 495 3047 adhue
508 3012 666 3055 vivente,
679 3017 785 3058 capta
801 3018 857 3049 est
872 3018 967 3050 terra
985 3014 1115 3052 Amor-

52 3069 234 3106 rhaeorum
244 3075 357 3117 atque
365 3081 554 3116 possessa;
577 3071 642 3107 sed
659 3071 854 3109 Jordanem
874 3084 956 3109 cum
971 3074 1025 3112 eis
1042 3085 1115 3112 non

52 3136 108 3167 est
133 3131 290 3166 transire
323 3131 535 3177 permissus.
567 3132 620 3168 Ex
654 3133 775 3180 aliqua
805 3135 903 3171 enim
921 3141 1037 3182 parte,
1057 3136 1115 3173 lex

52 3191 267 3228 observatur
287 3191 325 3227 in
357 3191 429 3228 fide
448 3184 669 3230 Christiana.
689 3194 743 3230 lbi
767 3195 863 3231 enim
885 3202 968 3232 sunt
1003 3197 1115 3234 etiam

52 3257 234 3299 praecepta
273 3262 352 3298 quae
382 3253 562 3300 hodieque
595 3255 795 3292 observare
831 3255 1028 3294 Christiani
1061 3257 1116 3304 Ju-

51 3311 193 3349 bemur.
224 3311 475 3349 Sacerdotium
504 3324 590 3351 vero
626 3314 713 3352 illud
747 3321 783 3352 et
818 3317 998 3354 sacrificia
1035 3317 1115 3354 nul-

53 3370 126 3408 lam
160 3378 304 3420 partem
339 3378 464 3410 tenent
504 3375 610 3412 hodie
642 3375 727 3413 fidei
768 3375 985 3414 Christianae
1001 3404 1012 3422 ,
1044 3378 1115 3415 nisi

54 3432 150 3479 quod
179 3433 217 3469 in
250 3433 389 3470 umbris
423 3433 628 3472 futurorum
668 3442 751 3474 acta
777 3442 886 3484 atque
929 3443 1113 3475 transacta

54 3497 152 3529 sunt.
170 3491 260 3538 Cum
275 3503 363 3532 vero
382 3495 558 3533 ambobus
583 3497 770 3541 iratribus,
790 3497 829 3534 id
849 3503 920 3541 est,
939 3498 1063 3534 Aaron
1076 3502 1114 3534 et

54 3549 169 3600 Moysi
185 3553 330 3599 dicitur,
349 3561 390 3591 ut
417 3564 644 3604 apponantur
659 3559 704 3596 ad
719 3559 892 3605 populum
906 3569 1025 3603 suum,
1036 3568 1112 3594 ma-

56 3600 226 3650 nuatum
250 3619 307 3652 est
325 3625 399 3653 non
421 3618 502 3653 ess'e
521 3617 559 3653 in
582 3617 662 3656 illos
682 3619 774 3656 iram
793 3619 878 3663 Dei,
897 3628 976 3666 quae
1008 3628 1112 3665 sepa-

58 3677 117 3708 rat
134 3674 256 3719 a‘pace
268 3682 406 3717 sanetae
424 3678 611 3716 societatis
638 3685 796 3719 aeternae.
827 3680 930 3718 Unde
958 3678 1111 3716 manife-

58 3736 178 3771 statur
193 3741 267 3771 non
294 3734 410 3774 solum
427 3737 558 3783 officia,
576 3737 641 3775 sed
669 3739 780 3792 etiam
807 3745 944 3777 mortes
986 3749 1112 3776 eorum

58 3795 162 3842 signa
179 3794 291 3836 fuisse
317 3791 540 3843 ffiturorum,
555 3811 628 3838 non
647 3802 823 3850 supplicia
851 3801 1113 3849 indignationis

271 3857 453 3900 Parnon.
483 3858 632 3901 CVlll.

1179 1247 1244 1284 sed
1261 1247 1326 1284 Dei
1343 1247 1481 1293 judicio
1499 1254 1613 1286 totum
1642 1250 1686 1287 de
1713 1253 1935 1290 successoris
1958 1253 2136 1292 electione
2162 1267 2246 1303 per-

1180 1309 1338 1346 mittere.
1357 1309 1527 1356 Nunquid
1547 1321 1621 1348 non
1640 1318 1784 1358 poterat
1801 1313 1944 1361 Moyses
1961 1315 2097 1363 eligere
2112 1318 2245 1364 princi-

1180 1379 1261 1416 pem
1279 1359 1426 1416 populo,
1436 1376 1474 1407 et
1491 1381 1578 1408 vero
1590 1371 1728 1418 judicio
1746 1373 1892 1420 eligere,
1905 1380 1941 1412 et
1962 1382 2061 1412 reeta
2073 1376 2246 1425 justaque

1181 1431 1376 1475 sententia,
1393 1432 1439 1468 ad
1456 1442 1564 1478 quem
1586 1433 1727 1470 dixerat
1747 1434 1843 1472 Deus
1865 1448 1873 1472 ε
1897 1436 1996 1484 Eliye
2025 1439 2244 1485 presbyteros

1180 1492 1327 1540 populo„
1345 1505 1431 1540 quos
1456 1500 1493 1529 tu
1511 1494 1583 1541 ipse
1597 1496 1665 1531 scis
1682 1497 1899 1543 presbyteros
1918 1499 2019 1534 csse?
2034 1498 2159 1545 (Num.
2183 1500 2244 1547 ιι.)

1181 1559 1218 1589 et
1247 1554 1356 1600 elegit
1383 1555 1494 1599 tales,
1516 1556 1552 1591 in
1577 1556 1709 1602 quibus
1729 1558 1902 1595 continuo
1927 1560 2074 1604 dieitur,
2095 1561 2245 1606 spiritus

1182 1615 1413 1660 requiescere
1457 1621 1493 1652 et
1524 1617 1743 1662 prophetare
1776 1628 1915 1655 omnes.
1957 1618 2045 1663 Quis
2073 1630 2160 1667 ergo
2193 1621 2245 1658 ita

1179 1676 1298 1721 potuit
1315 1676 1448 1724 eligere
1465 1677 1665 1723 principem
1685 1679 1822 1724 populi,
1841 1685 1881 1715 ut
1911 1679 2052 1727 Moyses
2076 1683 2245 1727 poterat?

1183 1735 1255 1772 Sed
1272 1737 1341 1772 hoc
1364 1747 1436 1773 non
1457 1736 1558 1773 facit.
1577 1737 1657 1773 Non
1686 1738 1807 1785 elegit.
1832 1738 1911 1775 Non
1931 1740 2051 1776 audet.
2083 1740 2155 1777 Cur
2172 1751 2244 1778 non

1182 1796 1312 1832 audet?
1337 1796 1389 1833 Ne
1415 1797 1572 1842 posteris
1596 1799 1890 1844 praesumptionis
1912 1800 2093 1846 relinquat
2123 1812 2244 1838 exem-

1179 1856 1293 1903 plum.
1316 1856 1387 1893 Sed
1410 1859 1572 1894 ausculta
1597 1860 1693 1904 quod
1722 1859 1810 1895 dicit
1848 1872 1855 1895 :
1888 1861 2092 1905 Provideat‚
2114 1862 2241 1909 inquit,

1182 1917 1357 1953 Dominus
1379 1918 1474 1953 Deus
1500 1919 1685 1955 homiuem
1702 1931 1810 1966 super
1831 1931 2047 1969 synagogam
2063 1923 2169 1966 hanc,
2183 1924 2244 1969 qui

1183 1979 1392 2026 egrediatur
1412 1986 1494 2015 ante
1515 1979 1646 2017 faciem
1667 1992 1791 2018 eorum
1806 2009 1815 2027 ,
1834 1989 1870 2019 et
1904 1984 1964 2029 qui
1998 1985 2243 2031 ingrediatur,

1182 2047 1218 2076 et
1236 2041 1298 2087 qui
1313 2042 1491 2087 producat
1508 2051 1586 2086 eos,
1608 2047 1645 2078 et
1666 2043 1727 2088 qui
1755 2044 1920 2079 redueat.
1952 2043 1991 2079 Si
2015 2054 2101 2090 ergo
2122 2051 2245 2082 tantus

1182 2102 1243 2138 illc
1265 2113 1306 2137 ac
1327 2102 1410 2138 talis
1427 2102 1568 2149 Moyses
1588 2113 1661 2139 non
1680 2103 1860 2150 permittit
1874 2103 2014 2148 judicio
2034 2114 2099 2140 suo
2121 2105 2164 2140 de
2183 2105 2246 2141 eli-

1182 2163 1299 2209 gendo
1318 2163 1482 2209 principe
1496 2163 1643 2209 populi,
1664 2163 1708 2199 de
1733 2164 1989 2201 constituendo
2020 2175 2246 2210 successore,

1181 2225 1262 2271 quis
1297 2224 1366 2260 crit
1392 2225 1454 2270 qui
1475 2225 1608 2261 audeat
1627 2225 1744 2262 velex
1767 2226 1872 2273 plebe
1892 2237 1972 2273 quae
1997 2237 2092 2274 saepe
2113 2227 2239 2263 clamo·

1180 2287 1282 2324 ribus
1305 2288 1351 2323 ad
1376 2288 1532 2334 gratiam
1555 2294 1616 2324 aut
1637 2290 1683 2325 ad
1705 2289 1870 2336 praelium
1902 2289 2057 2327 sortasse
2089 2291 2245 2327 excitata

1180 2347 1318 2384 moveri
1339 2347 1442 2392 solet,
1461 2348 1518 2383 vel
1547 2359 1592 2384 ex
1622 2348 1710 2394 ipsis
1741 2349 1852 2385 etiam
1879 2350 2131 2386 sacerdotibus
2163 2351 2245 2396 quis

1180 2408 1250 2445 erit
1263 2408 1324 2454 qui
1341 2418 1380 2443 se
1395 2408 1440 2442 ad
1456 2408 1525 2444 hoc
1541 2408 1711 2444 idoneum
1727 2408 1888 2454 judIcet,
1909 2410 1980 2446 nisi
2002 2410 2034 2445 si
2051 2410 2109 2446 cui
2125 2412 2243 2446 oranti

1181 2475 1216 2505 et
1245 2468 1383 2515 petenti
1406 2479 1426 2504 a
1450 2468 1602 2505 Domino
1631 2470 1838 2506 reveletur?
1871 2471 1973 2506 Sicut
2004 2477 2041 2508 et
2070 2470 2244 2509 Dominus

1181 2529 1269 2566 dicit
1290 2529 1335 2565 ad
1355 2528 1503 2575 Moysen
1535 2540 1543 2564 :
1572 2528 1669 2564 Tolle
1688 2529 1796 2565 Josue
1823 2529 1937 2575 filium
1953 2529 2055 2574 Nun,
2075 2530 2187 2566 virum
2207 2532 2243 2568 in

1178 2600 1245 2636 quo
1260 2595 1309 2624 est
1324 2589 1466 2635 spiritus
1486 2588 1563 2633 Dei,
1584 2595 1614 2624 et
1634 2600 1722 2636 pone
1753 2601 1896 2626 nulnum
1911 2597 2008 2626 tuam
2023 2602 2128 2638 super
2147 2603 2240 2630 eum.

1181 2649 1249 2692 Qui
1272 2649 1376 2684 stabit
1398 2659 1516 2684 coram
1537 2648 1711 2685 Eleazaro
1746 2650 1924 2686 sacerdote
1952 2658 1985 2687 et
2010 2652 2103 2688 omni
2124 2652 2242 2688 multi-

1179 2708 1283 2751 dine;
1318 2714 1350 2742 et
1389 2707 1486 2743 dabis
1522 2708 1555 2742 ei
1590 2715 1764 2755 proeccpta
1815 2711 1950 2746 cunctis
1980 2711 2189 2755 videntibus,
2211 2718 2244 2748 et

1179 2773 1314 2813 partem
1332 2766 1452 2814 qlorioe
1482 2773 1620 2810 tuce,ut
1655 2768 1779 2804 audiat
1806 2779 1886 2804 eum
1923 2770 2035 2806 omnis
2065 2782 2244 2819 synagoga

1179 2826 1334 2872 filiorum
1376 2826 1503 2862 Israel.
1541 2825 1614 2862 Pro
1650 2828 1726 2871 hoc,
1762 2829 1792 2864 si
1817 2829 1916 2878 *quid
1950 2831 2124 2877 ayendum
2160 2832 2243 2876 erit,

1179 2887 1333 2924 Eleazar
1374 2887 1538 2923 sacerdos
1574 2887 1730 2924 consulet
1769 2888 1974 2925 Dominum.
2012 2890 2068 2926 Ad
2102 2891 2243 2927 verbum

1182 2949 1259 2995 ejus
1303 2948 1500 2996 eyredietur
1533 2949 1606 2996 ipse
1623 2977 1633 2994 ,
1672 2957 1703 2986 et
1747 2961 1863 2986 orrares
1902 2950 1969 2997 filii
2010 2950 2125 2987 Israel
2165 2963 2244 2988 cunt

1184 3024 1224 3049 eo
1241 3039 1250 3057 ,
1288 3019 1321 3048 et
1363 3019 1489 3049 caetera
1529 3013 1732 3049 multitudo.
1775 3014 1888 3051 Audis
1927 3015 2113 3051 evidenter
2147 3015 2243 3051 ordi-

1183 3074 1368 3110 nationem
1383 3074 1559 3121 principis
1576 3074 1699 3122 populi
1715 3080 1790 3111 tam
1803 3075 1995 3112 manifeste
2010 3075 2240 3120 descriptam,

1183 3139 1225 3170 ut
1246 3143 1339 3181 pene
1367 3134 1594 3180 expositione
1614 3145 1686 3171 non
1707 3140 1822 3181 egeat.
1842 3134 1946 3170 Nulla
1965 3135 2026 3170 hie
2040 3134 2163 3179 populi
2179 3143 2241 3168 ae-

1184 3195 1366 3239 clamatio,
1393 3195 1493 3232 nulla
1511 3194 1838 3243 consanguinitatis
1855 3194 1961 3236 ratio,
1978 3192 2075 3228 nulla
2097 3193 2240 3237 propin-

1183 3257 1332 3303 quitatis
1349 3257 1471 3293 habita
1482 3255 1736 3300 contemplatio
1754 3257 1821 3289 est.
1837 3251 2054 3297 Propinquis
2069 3260 2240 3296 agrorum

1182 3323 1218 3354 et
1237 3318 1455 3364 praediorum
1470 3316 1693 3362 relinquatur
1710 3311 1915 3348 haereditas.
1931 3309 2152 3347 Gubernatio
2175 3320 2240 3355 po·-

1182 3378 1255 3424 puli
1280 3377 1331 3414 illi
1361 3377 1522 3412 tradatur
1539 3383 1646 3420 quem
1667 3373 1761 3408 Deus
1783 3370 1906 3416 elegit,
1925 3369 2064 3406 homini
2094 3368 2239 3406 seilicet

1182 3439 1262 3482 tali,
1276 3439 1338 3484 qui
1356 3437 1479 3479 hahet,
1495 3436 1587 3471 sieut
1601 3433 1777 3479 scriptum
1793 3431 1962 3476 audistis,
1979 3431 2018 3468 in
2043 3432 2238 3478 semetipso

1181 3498 1350 3543 spiritum
1366 3497 1444 3539 Dei,
1457 3501 1495 3531 et
1510 3499 1690 3541 praecepta
1705 3493 1771 3530 Dei
1785 3493 1823 3529 in
1837 3498 2033 3540 conspeetu
2046 3493 2125 3540 ejus
2138 3499 2234 3537 sunt,

1181 3557 1294 3602 etqui
1314 3555 1427 3602 Moysi
1445 3555 1549 3591 valde
1566 3559 1673 3590 notus
1690 3558 1726 3589 et
1753 3551 1944 3589 familiaris
1964 3553 2027 3597 sit,
2046 3553 2083 3589 id
2112 3557 2182 3595 est,
2198 3551 2236 3588 in

1182 3626 1252 3662 quo
1275 3615 1324 3651 sit
1341 3613 1488 3651 claritas
1506 3613 1570 3649 Dei
1587 3618 1624 3649 et
1640 3612 1814 3655 scientia,
1832 3618 1872 3648 ut
1892 3612 2034 3659 possint
2064 3621 2148 3648 eum
2171 3620 2236 3649 au-

1181 3677 1259 3712 dire
1274 3674 1338 3710 filii
1351 3673 1475 3710 lsrael.
1494 3671 1598 3716 Quod
1614 3678 1736 3709 autem
1755 3672 1844 3709 dicit
1864 3683 1874 3708 ε
1897 3671 2008 3708 Dabis
2039 3671 2072 3707 ei
2100 3676 2238 3718 partem

1180 3736 1300 3783 qlorioe
1313 3741 1398 3779 tuoe,
1413 3745 1486 3771 non
1505 3734 1558 3771 sie
1570 3733 1819 3781 accipiendum
1837 3739 1906 3778 est,
1935 3743 1979 3770 ae
2013 3732 2046 3769 si
2084 3732 2233 3778 (liceret.

1182 3798 1292 3838 facies
1311 3806 1394 3835 eum
1410 3795 1548 3835 socium
1567 3795 1689 3843 gloriae
1711 3801 1791 3834 tuoe.
1824 3794 1902 3833 Non
1923 3799 2043 3834 autem
2078 3803 2138 3833 res
2166 3794 2233 3833 hu-

1862 3853 1915 3896 25
