2540 4016
277 225 344 262 ¹85
702 213 742 248 B.
768 205 935 247 RABANI
958 201 1107 242 mum
1132 197 1347 238 ARCHIEP.
1374 195 1580 236 MOGUNT.
1607 193 1798 235 OPERUM
1822 193 1942 232 PARS
1965 191 1995 230 l.
2353 186 2424 228 tat

270 293 501 340 cogitationes
526 288 711 326 collocent.
742 282 856 319 Habet
881 278 1019 315 arulam
1045 275 1169 312 subter
1195 271 1307 309 crati·
1326 270 1363 310 A
1376 276 1490 308 tatem
1519 272 1556 308 in
1575 281 1685 307 unam
1715 269 1951 315 eamdemque
1975 266 2059 303 fidei
2081 263 2236 314 gratiam
2265 273 2426 302 consono

269 353 398 396 culam,
425 353 462 388 in
477 360 548 397 qua
569 349 663 396 ligna
681 352 716 383 et
734 346 850 392 ignem
873 340 1164 377 holocaustorum
1193 333 1304 371 susci-

269 414 355 461 piat,
373 411 456 458 quia
473 410 599 447 eadem
614 409 691 455 ipsa
706 406 900 442 electorum
913 399 1021 436 corda
1040 395 1308 443 receptaculum

269 473 306 509 in
317 482 357 510 se
370 475 572 519 praeparant
592 465 726 503 auditui
740 463 929 500 verborum
947 458 1164 500 coelestium,
1178 457 1310 503 quibus

267 531 447 574 calefacti,
467 532 537 566 imo
555 534 590 565 et
618 523 824 563 inflammati
847 531 912 567 per
927 520 1061 555 donum
1090 517 1204 554 sancti
1230 515 1310 563 Spi-

270 592 376 635 ritus,
401 596 502 637 grata
519 590 590 624 Deo
616 586 762 622 reddant
781 587 863 618 vota
880 579 1138 626 cogitationum
1153 577 1307 624 piarum.

270 651 382 698 Ligna
400 659 550 694 namque
568 646 675 682 arulae
700 642 822 679 altaris
852 640 1023 676 sacerdos
1044 637 1208 685 imponit,
1229 646 1311 673 cum

272 713 396 749 doctor
410 712 557 757 quisque
577 704 859 744 desiderantibus
876 707 982 747 atque
1013 700 1195 736 inhianter
1212 708 1310 744 quae-

274 772 434 809 rentibus
455 769 608 805 fidelium
640 764 831 804 mentibus,
870 767 1077 797 sanctarum
1107 757 1312 794 testimonia

274 833 553 878 scripturarum,
580 827 707 873 quibus
727 822 878 870 amplius
904 821 939 856 in
962 820 1029 856 nde
1050 829 1092 854 ac
1124 816 1313 853 dilectione

272 893 540 932 confirmentur,
572 887 712 932 ingerit.
739 884 845 920 Addit
877 888 913 918 et
932 882 1050 928 ignem
1082 880 1202 926 lignis,
1233 887 1314 913 cum

273 956 488 992 intellectum
509 951 608 987 verbi
628 955 735 995 atque
748 945 947 982 efficaciam
977 943 1044 988 pize
1079 938 1312 986 operationis,

270 1028 289 1052 a
306 1017 378 1051 Deo
397 1013 625 1060 quaerendum
644 1011 782 1047 edocet.
802 1007 1011 1050 Ardentquc
1025 1004 1119 1049 ligna
1140 1002 1174 1037 in
1195 1001 1313 1041 altari,

273 1086 349 1111 cum
367 1074 523 1110 charitas
540 1072 603 1107 Dei
627 1069 836 1106 diffunditur
853 1066 889 1101 in
905 1064 1073 1100 cordibus
1087 1061 1236 1102 nostris,
1253 1069 1316 1104 per

273 1135 445 1179 Spiritum
465 1137 628 1168 sanctum
648 1129 709 1174 qui
729 1128 831 1163 datus
859 1131 913 1160 est
949 1123 1065 1158 nobis.
1105 1121 1221 1166 Atque
1249 1120 1316 1154 hoc

274 1195 345 1241 igni
382 1192 646 1239 superpositum
682 1188 903 1224 consumitur
934 1185 1179 1220 holocaustum
1197 1209 1206 1226 ,
1238 1192 1318 1217 cnm
1338 1176 1369 1215 B
1388 1180 1504 1216 locum
1530 1179 1671 1226 possint
1690 1179 1823 1214 habere
1844 1177 2103 1219 sufficientem;
2125 1176 2319 1221 capiasque
2342 1175 2443 1210 ssam-

274 1256 439 1290 universa
459 1265 528 1299 qna
549 1253 639 1288 bene
656 1260 760 1296 agere
787 1246 1042 1293 disposuimus,
1065 1244 1219 1279 donante
1238 1248 1318 1288 gra-

276 1317 323 1351 tia
345 1315 457 1351 sancti
493 1313 659 1359 Spiritus,
681 1321 744 1357 per
763 1310 933 1344 virtutem
954 1304 1154 1340 dilectionis
1173 1303 1245 1338 Deo
1260 1312 1319 1337 ac-

275 1377 463 1423 ceptabilia
488 1374 692 1409 redduntur.
711 1370 811 1406 Unde
835 1368 924 1402 bene
947 1364 1134 1406 craticula,
1156 1372 1235 1408 quae
1256 1362 1320 1397 lio-

276 1437 434 1474 locausta
454 1441 567 1481 gerat,
590 1434 702 1468 instar
722 1430 806 1465 retis
827 1428 903 1463 lieri
928 1425 1145 1472 parcipitur,
1168 1432 1237 1467 quo
1257 1431 1320 1467 per

276 1498 422 1535 crebras
441 1497 533 1531 illius
550 1499 736 1540 aperturas
754 1491 846 1537 ignis
866 1487 1071 1534 suppositus
1089 1485 1133 1520 ad
1152 1493 1321 1520 consum-

277 1559 423 1594 mandas
444 1567 566 1593 omnes
603 1555 803 1591 hostiarum
833 1557 966 1597 partes,
996 1549 1108 1583 libere
1143 1550 1317 1591 penetret.

278 1621 337 1656 Sic
350 1620 495 1661 etenim,
516 1619 567 1653 sic
583 1622 618 1652 et
640 1616 759 1651 omnia
775 1623 921 1649 necesse
947 1616 1015 1651 cst,
1038 1615 1076 1644 ut
1097 1616 1321 1652 nequaquam

280 1682 496 1715 obduremus
524 1678 631 1713 corda
671 1682 805 1713 nostra,
843 1682 958 1716 neque
985 1671 1195 1705 obseramus
1223 1677 1324 1702 more

280 1739 550 1785 Pelagianoruni
568 1737 738 1771 adversus
761 1734 911 1780 gratiam
934 1731 1012 1772 Dei,
1041 1730 1101 1765 sed
1134 1728 1326 1771 diligenter

282 1800 483 1846 aperiamus
501 1808 554 1838 ea,
579 1802 613 1831 et
628 1795 727 1840 quasi
749 1793 912 1840 plurimis
932 1790 1037 1827 simul
1056 1788 1245 1835 patefactis
1266 1786 1324 1832 ja-

283 1861 373 1902 nuis,
392 1858 503 1894 seduli
531 1858 774 1901 deprecemur,
798 1859 835 1889 ut
850 1863 913 1898 per
930 1851 1049 1886 omnia
1068 1859 1147 1894 qua:
1178 1848 1326 1883 inchoa-

282 1931 373 1961 mus,
393 1919 446 1954 vel
464 1928 568 1964 agere
593 1916 834 1952 desideramus
867 1914 974 1953 bona,
996 1911 1080 1956 quia
1103 1919 1168 1954 per
1188 1907 1327 1951 singula

282 1981 505 2016 victimarum
526 1978 601 2023 ejus
626 1976 760 2017 frusta,
777 1983 840 2008 sua
874 1982 940 2007 nos
970 1967 1216 2005 misericordia
1250 1966 1329 2000 illu-

281 2047 408 2081 strare,
429 2039 515 2073 etin
535 2046 693 2071 amorem
713 2036 788 2079 ipse
807 2042 911 2068 suum
933 2029 1130 2065 accendere
1148 2027 1325 2072 dignetur,

282 2100 440 2142 Quatuor
459 2102 576 2131 autem
594 2095 714 2130 annuli
733 2093 836 2134 aenei‚
855 2092 917 2137 qui
947 2100 1012 2136 per
1045 2089 1190 2124 totidem
1216 2098 1328 2134 angu-
1347 2077 1377 2120 C

283 2160 335 2194 lus
352 2158 474 2193 altaris
492 2157 568 2191 fieri
585 2154 767 2198 jubentur,
790 2157 942 2198 quatuor
962 2155 1044 2185 sunt
1062 2148 1327 2194 evangeliorum

284 2221 388 2262 libri,
410 2219 468 2263 qui
492 2224 571 2263 apte
588 2216 726 2252 annulis
746 2213 1002 2253 assimilantur,
1023 2211 1105 2256 quia
1121 2215 1329 2255 perpetuam

285 2281 505 2316 auditoribus
539 2279 614 2314 suis
648 2286 816 2313 coronam
860 2275 941 2309 vitae
972 2272 1200 2318 promittunt.
1239 2270 1329 2315 Apte

284 2342 372 2378 aenei
392 2346 474 2376 suut
493 2352 499 2374 :
521 2339 602 2384 quia
628 2339 663 2372 in
692 2347 825 2372 omnem
845 2342 974 2369 terram
1006 2332 1109 2367 exivit
1143 2341 1247 2365 sonus
1273 2341 1330 2364 eo-

285 2413 360 2437 rum
378 2401 526 2447 (Psalm.
545 2399 661 2444 xvni).
680 2397 771 2443 Apte
784 2407 847 2442 per
868 2399 1021 2440 quatuor
1042 2391 1191 2438 angulos
1205 2390 1330 2426 altaris

284 2461 390 2508 positi
411 2470 421 2494 t
443 2466 482 2494 ut
498 2458 695 2494 Ecclesiam
716 2456 873 2492 fidelium
891 2464 954 2500 per
971 2462 1095 2488 omnes
1112 2451 1234 2487 mundi
1258 2450 1331 2496 pla-

283 2533 348 2569 gas
377 2520 553 2561 diffusam,
586 2518 695 2553 verbo
726 2515 806 2551 [idei
842 2520 878 2550 et
908 2513 1070 2548 veritatis
1102 2509 1328 2547 confirment.

283 2584 374 2631 Apte
407 2584 529 2618 subter
547 2580 683 2616 arulam
716 2577 841 2613 altaris
860 2575 957 2611 inlixi
975 2585 985 2610 :
1003 2580 1043 2610 ut
1057 2573 1196 2609 animos
1213 2571 1331 2607 humi-

286 2645 371 2679 lium
403 2642 597 2678 munimine
629 2649 702 2675 suae
725 2635 982 2673 consolationis
1004 2634 1173 2670 allevent.
1204 2631 1330 2667 Facies

286 2711 317 2740 et
332 2710 440 2740 vectes
461 2701 583 2736 altaris
606 2700 647 2734 de
684 2698 785 2743 liquis
802 2697 922 2731 sethim
948 2695 1050 2738 duos,
1081 2705 1166 2741 quos
1199 2692 1330 2741 operies

288 2762 425 2797 laminis
446 2760 562 2795 oeneis.
588 2758 719 2793 vectes
738 2757 866 2801 quibus
897 2755 1010 2790 altare
1028 2754 1238 2801 portabatur
1266 2754 1330 2789 do·

289 2831 405 2860 ctores
420 2828 515 2864 sunt,
531 2820 591 2866 qui
607 2818 803 2855 Ecclesiam
818 2822 978 2851 sanctam
994 2816 1096 2860 quasi
1111 2820 1254 2860 portare
1275 2824 1332 2850 so-

289 2885 376 2927 lent,
399 2884 483 2919 dum
501 2881 606 2917 tidem
629 2890 670 2914 ac
689 2880 913 2913 sacramenta
935 2874 1110 2914 veritatis,
1127 2873 1183 2908 vel
1198 2873 1251 2908 eis
1271 2873 1333 2917 qui

291 2943 498 2981 nesciebant
510 2939 760 2985 praedicantes,
778 2934 834 2970 vel
859 2935 895 2969 in
915 2933 967 2968 eis
985 2933 1045 2978 qui
1062 2932 1137 2977 iam
1159 2936 1335 2967 noverant

290 3007 326 3038 et
344 3004 570 3046 acceperant,
590 2995 843 3032 confirmantes
861 2992 1044 3027 roborant.
1064 2989 1130 3033 Qui
1163 2989 1333 3034 quoniam
1350 2974 1386 3013 Ῑ)

291 3072 363 3099 nou
378 3070 442 3096 sua
455 3058 664 3104 praedicant,
692 3054 753 3090 sed
786 3063 828 3089 ea
855 3062 934 3098 qum
968 3055 1051 3086 sunt
1082 3048 1166 3085 Jesu
1185 3047 1332 3091 Christi,

290 3130 362 3157 nou
384 3117 547 3154 indoctas
572 3113 711 3149 fabulas
740 3109 867 3152 secuti,
893 3108 955 3144 sed
986 3106 1166 3153 cognitam
1196 3104 1334 3140 coelesti

290 3179 436 3219 oraculo
457 3178 625 3214 virtutem
644 3173 786 3210 Domini
821 3170 935 3207 nostri
979 3167 1112 3204 mundo
1137 3172 1259 3202 notam
1278 3164 1333 3202 sa-

291 3242 402 3283 ciunt,
435 3242 517 3285 apte
535 3240 657 3272 vectes
674 3238 713 3269 ut
728 3236 872 3278 portare
891 3233 1024 3276 queant
1046 3226 1171 3267 altare,
1188 3225 1336 3260 mittun-

297 3307 352 3338 tur
367 3301 404 3336 in
415 3296 583 3336 circulos.
602 3292 772 3332 Vectibus
799 3299 956 3336 namque
971 3287 1084 3324 altare
1097 3285 1239 3322 Domini
1269 3294 1334 3330 per

298 3361 446 3398 circulos
469 3364 615 3406 portare
633 3360 689 3393 est
716 3353 852 3391 sanctis
878 3349 1085 3389 doctoribus
1105 3347 1215 3385 corda
1249 3345 1336 3382 flde-

308 3421 383 3456 ium
397 3429 461 3466 per
484 3418 595 3455 verba
623 3410 820 3462 Evangelii,
854 3420 935 3458 quae
958 3418 1024 3446 nec
1045 3407 1138 3445 coelo
1169 3410 1206 3443 et
1238 3411 1335 3442 terra

300 3478 563 3517 mussantibus
578 3475 827 3524 praeteribunt.
844 3469 1070 3510 exhortando
1088 3467 1240 3515 erigere.
1259 3465 1337 3501 Duo

299 3541 383 3575 sunt
398 3541 519 3573 autem
532 3540 653 3573 vectes
664 3540 724 3571 :nt
738 3533 883 3579 utrique
896 3529 1040 3579 populo,
1055 3532 1093 3565 et
1103 3525 1228 3564 Judaeo
1239 3524 1340 3562 vide-

302 3596 384 3634 tioet
402 3600 443 3634 et
457 3595 592 3643 mutili,
610 3595 758 3632 verbum
779 3592 994 3642 praedicetur
1012 3601 1023 3626 e
1042 3588 1139 3636 quod
1150 3587 1270 3635 ipsum
1282 3595 1340 3624 se-

302 3657 494 3706 quentibus
505 3666 647 3705 qnoque
658 3656 779 3694 verbis
789 3655 976 3699 astruitur,
990 3662 1075 3692 cum
1090 3650 1336 3691 subinfertur:

305 3712 484 3766 &unqu
503 3728 549 3755 os
572 3722 716 3766 umque
749 3715 856 3755 laten
882 3714 1007 3753 utteris
1034 3712 1083 3751 ul
1110 3710 1337 3761 mndata.

305 3767 1343 3826 ”dammim-,mmmm

1373 343 1438 370 ore
1457 338 1493 369 et
1508 342 1618 379 opere
1642 330 1831 368 advocent.
1855 329 1919 367 Vel
1935 333 2033 365 certe
2050 337 2097 364 ex
2119 331 2275 372 utroque
2310 325 2427 363 latere

1375 394 1501 431 altaris
1515 394 1561 429 ad
1578 392 1796 440 portandum
1811 395 1920 427 erunt
1937 395 2074 432 vectes,
2099 397 2182 425 cum
2210 390 2351 423 mentes
2385 384 2429 422 fl-

1376 453 1509 491 delium
1529 451 1646 489 sancti
1670 451 1942 499 praedicatores,
1968 455 2006 486 et
2036 448 2075 484 in
2106 446 2305 494 prosperis.
2322 450 2361 482 et
2391 445 2431 482 in

1377 515 1540 552 adversis
1557 514 1810 550 inconcussam
1827 518 1952 549 tenere
1980 511 2155 547 virtutum
2189 507 2432 546 constantiam

1378 575 1529 618 docent3
1549 584 1594 610 ne
1614 580 1678 609 aut
1709 574 1786 609 haec
1817 572 2035 609 blandiendo
2065 570 2252 612 extollant,
2286 572 2348 604 aut
2371 567 2433 604 illa

1378 635 1549 672 terrendo
1573 635 1802 671 conturbent.
1825 633 1908 669 Non
1927 633 2079 669 solidum
2096 632 2156 668 sed
2169 633 2273 667 inane
2287 636 2320 666 et
2350 639 2434 665 con-

1379 706 1501 731 cavum
1519 695 1729 729 intrinsecus
1750 693 1857 739 [acies
1877 693 1982 728 illud.
2002 693 2140 728 Idcirco
2156 691 2271 726 altare
2290 701 2363 726 non
2377 699 2436 726 so·

1379 755 1490 792 lidum
1508 755 1571 791 sed
1590 755 1696 790 inane
1713 759 1751 790 et
1764 763 1962 789 concavum
1980 751 2058 787 lieri
2076 755 2295 797 praeceptum
2310 754 2380 794 est,
2397 753 2438 786 ut

1380 816 1563 862 copiosum
1574 815 1725 850 haberet
1734 814 1866 854 locum,
1876 812 1937 848 ubi
1951 811 2008 847 vel
2022 812 2140 858 ignem
2150 815 2436 855 sacrosanctum,

1381 884 1418 914 et
1447 877 1541 924 ligna
1560 877 1604 912 ad
1635 877 1753 922 ignem
1780 874 1836 910 vel
1871 873 2084 910 holocausta
2118 882 2197 918 quae
2227 872 2302 918 igni
2335 876 2440 908 erant

1382 938 1625 975 consumenda
1645 937 1836 983 reciperet,
1860 935 1896 970 in
1930 933 2033 980 cujus
2071 932 2274 979 exemplum
2294 938 2332 968 et
2349 939 2387 968 tu
2408 933 2439 969 si

1382 1000 1436 1035 vis
1452 1009 1533 1035 esse
1558 999 1670 1034 altare
1690 997 1768 1037 Dei,
1802 996 1946 1032 exinani
1991 995 2159 1040 teipsum,
2192 999 2230 1029 et
2249 1004 2363 1030 vacua
2395 994 2440 1030 ab

1383 1060 1480 1095 omni
1513 1059 1733 1106 cogitatione
1764 1068 1887 1093 rerum
1921 1057 2186 1092 mundanarum
2222 1067 2231 1090 :
2262 1060 2441 1101 quatenus

1383 1119 1466 1155 vitae
1486 1119 1580 1166 ligna
1604 1120 1794 1154 verborum
1819 1116 2020 1153 coelestium
2053 1121 2090 1151 et
2108 1116 2233 1151 hostiae
2251 1115 2442 1158 virtutum,

1387 1251 1484 1277 mam
1515 1241 1632 1277 sancti
1663 1239 1833 1285 Spiritus,
1866 1248 1944 1283 quse
1970 1237 2104 1272 eaedem
2137 1235 2262 1271 hostiae
2293 1235 2444 1271 Domino

1387 1308 1660 1342 consecrentur,
1683 1306 1720 1336 et
1743 1301 1788 1336 ad
1807 1300 1912 1335 linem
1932 1297 2166 1345 perfectionis
2192 1296 2332 1332 firmam
2357 1306 2444 1342 pro-

1390 1366 1567 1400 ducantur
1585 1375 1592 1397 :
1611 1362 1670 1398 ubi
1693 1366 1774 1407 apte
1793 1360 1830 1396 in
1851 1358 2082 1395 conclusione
2100 1356 2329 1404 subjungitur
2345 1369 2353 1391 :
2375 1357 2446 1392 Sic-

1388 1432 1427 1461 ut
1448 1426 1509 1460 tibi
1530 1431 1578 1460 est
1612 1429 1844 1459 nienstratum
1882 1422 1918 1455 in
1947 1426 2075 1455 monte.
2098 1419 2151 1455 lta
2171 1419 2286 1454 altare
2316 1427 2445 1454 cavum

1390 1491 1425 1522 et
1446 1496 1551 1521 mane
1573 1484 1650 1520 fieri
1669 1483 1829 1529 jubetur,
1853 1481 1948 1516 sicut
1975 1479 2089 1526 Moysi
2117 1478 2153 1514 in
2187 1483 2308 1514 monte
2327 1487 2450 1514 mons-

1389 1552 1521 1583 tratum
1538 1551 1592 1581 cst
1611 1558 1618 1581 :
1640 1545 1724 1591 quia
1746 1543 1840 1580 sicut
1868 1541 1984 1588 angeli
2015 1550 2058 1576 ac
2086 1539 2235 1586 spiritus
2266 1539 2448 1585 justorum

1391 1607 1426 1641 in
1446 1606 1557 1648 coelis,
1580 1605 1684 1642 vacui
1718 1615 1738 1639 a
1762 1603 1933 1651 peccatis,
1955 1607 1992 1638 et
2008 1602 2103 1649 pleni
2124 1606 2207 1637 sunt
2230 1600 2376 1647 pietatis
2405 1611 2450 1637 ac
2537 1637 2540 1642 Α

1388 1666 1552 1710 justitiae,
1576 1665 1623 1699 ita
1652 1669 1689 1699 et
1707 1673 1772 1699 nos
1794 1664 1829 1698 in
1846 1669 1943 1698 terra
1956 1671 2022 1707 pro
2045 1660 2190 1697 modulo
2210 1665 2350 1704 nostro,
2383 1660 2447 1696 de·
2501 1694 2504 1699 ,
2537 1661 2540 1680 ⁴=

1392 1726 1527 1763 clinare
1553 1736 1573 1760 a
1594 1724 1701 1767 malo,
1721 1729 1758 1759 et
1773 1722 1893 1758 facere
1911 1723 2046 1758 bonum
2062 1720 2247 1758 debemus.

1781 1782 1932 1819 CAPUT
1958 1782 2065 1818 xvu,

1431 1850 1481 1886 De
1500 1849 1590 1885 atrio
1612 1846 1843 1887 tabernaculi,
1864 1851 1895 1879 et
1914 1844 2084 1879 columnis
2100 1844 2176 1890 ejus
2192 1856 2233 1880 ac
2253 1843 2415 1880 vectibus.

1394 1934 1397 1937 -
1443 1909 1570 1943 Facies
1601 1914 1632 1942 et
1657 1906 1786 1941 aerium
1817 1903 2047 1947 tabernaculi,
2067 1903 2104 1938 in
2132 1904 2234 1950 cujus
2265 1904 2369 1950 playa
2388 1915 2452 1940 au-

1397 1969 1512 2011 strali,
1529 1973 1628 2003 erunt
1645 1966 1796 2001 tentoria
1813 1965 1854 1999 de
1875 1965 1974 2010 bysso
2008 1969 2138 1999 retorta
2159 1963 2289 2011 (Exod.
2320 1962 2452 2011 xxvn).

1399 2031 1501 2067 Sicut
1516 2029 1648 2065 Sancta
1675 2032 1880 2063 sanctorum
1914 2036 1994 2061 eam
2015 2025 2144 2070 quaein
2163 2025 2265 2060 coelis
2282 2030 2351 2068 est,
2370 2035 2454 2060 san·
2534 2023 2540 2064 j

1399 2099 1467 2130 ctae
1482 2090 1651 2127 Ecclesiae
1670 2094 1811 2135 partem
1839 2087 2040 2132 designant,
2059 2091 2095 2121 et
2120 2085 2220 2130 prius
2234 2086 2452 2122 tabernacu-

1397 2155 1484 2196 lum,
1506 2151 1702 2198 perfectam
1724 2148 1882 2185 fidelium
1906 2148 2016 2183 vitam
2041 2147 2077 2182 iu
2098 2148 2166 2182 ltoc
2186 2147 2363 2182 duntaxat
2389 2156 2455 2182 sae-

1398 2214 1477 2250 culo
1494 2209 1792 2248 commorantium
1823 2208 1940 2254 typice
1961 2206 2162 2249 denuntiat,
2180 2207 2231 2242 ita
2245 2207 2379 2242 atrium
2399 2213 2455 2242 ta-

1398 2273 1596 2316 bernaculi,
1628 2271 1723 2318 quod
1755 2270 1936 2306 dexterius
1959 2275 2052 2311 erat,
2072 2268 2186 2315 prima
2207 2268 2453 2316 incipientium

1399 2335 1600 2371 rudimenta
1621 2332 1859 2368 demonstrat.
1878 2330 1979 2366 Unde
2007 2331 2100 2367 bene
2119 2330 2274 2367 tentoria
2294 2329 2454 2377 ejusdem

1400 2394 1481 2429 atrii
1502 2394 1545 2428 de
1567 2393 1674 2438 bysso
1702 2396 1838 2427 retorta
1863 2395 1967 2425 erant
1997 2388 2091 2426 sacta
2115 2401 2123 2424 :
2149 2390 2234 2435 quia
2253 2389 2371 2435 prima
2402 2389 2453 2425 in-

1399 2454 1613 2500 cipientibus
1661 2459 1784 2487 curam
1816 2451 2053 2497 impendenda
2084 2454 2159 2491 est,
2199 2455 2240 2485 ut
2269 2449 2455 2486 illecebras

1399 2515 1519 2552 carnis
1540 2513 1646 2550 simul
1677 2518 1714 2549 et
1733 2512 1882 2557 spiritus
1900 2511 2098 2554 refrenent,
2119 2510 2223 2557 juxta
2242 2510 2331 2547 illud
2361 2511 2454 2557 Apo-

1401 2577 1494 2619 stoli,
1512 2575 1640 2621 quode
1658 2574 1742 2610 {iliis
1769 2573 1971 2620 adoptionis
1997 2572 2159 2618 loquens,
2196 2571 2329 2617 adjecit
2348 2585 2356 2608 ι
2378 2571 2456 2608 Has

1399 2638 1505 2684 iqitur
1535 2635 1696 2671 habentes
1729 2635 1975 2681 promissiones
2006 2633 2217 2676 charissimi,
2249 2633 2456 2670 mundemus

1400 2709 1461 2733 nos
1481 2697 1523 2731 ab
1542 2696 1635 2730 omni
1655 2695 1916 2741 inquinamento
1937 2693 2053 2728 camis
2078 2699 2111 2729 et
2130 2693 2273 2740 spiritus
2293 2692 2351 2741 (11
2371 2692 2455 2730 Gor·

1400 2756 1479 2804 vn).
1500 2755 1743 2800 Iletorquetur
1758 2758 1878 2788 autem
1899 2752 2044 2799 byssus,
2066 2763 2112 2789 ne
2130 2752 2235 2789 facile
2252 2752 2367 2799 possit
2385 2753 2456 2790 dis-

1402 2815 1520 2851 solvi:
1543 2824 1625 2850 cum
1643 2823 1714 2848 non
1747 2811 1863 2848 solum
1882 2812 2002 2848 carnis
2032 2811 2175 2848 luxuria
2206 2813 2454 2860 restringitur,
2519 2800 2524 2802 ’

1402 2886 1527 2913 verum
1542 2875 1651 2911 etiam
1669 2879 1743 2909 tota
1759 2873 1837 2919 ejus
1856 2873 2046 2917 memoria,
2070 2874 2115 2910 ab
2126 2874 2253 2911 intimo
2272 2874 2381 2911 corde
2396 2883 2455 2910 ra-

1405 2937 1537 2972 dicitus
1552 2934 1728 2971 evellitur.
1750 2933 1896 2969 Centum
1915 2934 2048 2970 cubitos
2065 2946 2174 2970 unum
2204 2934 2297 2971 latus
2329 2935 2455 2972 tenebit

1402 2999 1440 3034 in
1458 2995 1947 3043 lonqitudine:etcolumnas
1958 2997 2081 3043 viqinti
2109 3007 2188 3032 cum
2204 2996 2345 3032 basibus
2378 2995 2456 3032 coti-

1402 3059 1480 3095 dem
1495 3058 1614 3100 oenets,
1631 3067 1709 3103 quoe
1724 3057 1839 3103 capita
1858 3067 1937 3092 cum
1962 3051 2143 3094 'coelaturis
2180 3057 2254 3094 suis
2279 3056 2454 3093 habebunt

1403 3125 1579 3166 arqentea,
1595 3123 1634 3154 et
1647 3117 1713 3154 rel.
1730 3117 1879 3153 Constat
1896 3126 2087 3153 numerum
2119 3117 2367 3155 centenarium
2393 3115 2455 3162 qui

1403 3180 1439 3216 in
1455 3183 1624 3225 computo
1654 3177 1849 3224 digitorum
1869 3177 1915 3212 de
1932 3175 2021 3212 laeva
2038 3177 2257 3214 transfertur
2278 3177 2316 3213 in
2330 3176 2454 3213 dexte-

1403 3250 1494 3283 ram,
1509 3247 1766 3284 nonnunquam
1782 3237 1818 3272 in
1834 3235 2030 3282 Scripturis
2045 3237 2129 3274 vitae
2146 3238 2304 3276 coelestis
2322 3237 2456 3276 habore
2509 3231 2513 3244 ⁵

1404 3299 1555 3346 figuram
1576 3309 1585 3333 ι
1603 3306 1683 3343 quae
1698 3297 1792 3332 sicut
1813 3295 1960 3332 dextera
1991 3295 2103 3340 laevae,
2135 3297 2187 3333 ita
2212 3299 2344 3336 merito
2371 3297 2457 3336 vita

1405 3357 1595 3406 praet'ertur
1607 3355 1790 3404 praesenti.
1806 3354 1919 3402 Culus
1933 3355 2107 3392 nimirum
2119 3358 2264 3393 numeri
2285 3357 2456 3406 frequen

1405 3418 1444 3455 in
1460 3416 1593 3455 divinis
1609 3414 1741 3452 litteris
1756 3413 1968 3462 mysterium
1986 3414 2180 3461 reperitur.
2196 3413 2351 3453 Centum
2369 3424 2456 3467 erp
2491 3425 2495 3427 ·

1406 3477 1548 3516 cubitos
1562 3475 1673 3514 babet
1684 3474 1780 3512 latus
1792 3473 2014 3511 tabernaculi
2033 3474 2071 3511 in
2087 3474 2255 3523 longum:
2277 3477 2364 3524 qnia
2377 3477 2457 3517 m!-

1406 3537 1502 3576 versi
1514 3537 1576 3584 qui
1593 3536 1639 3574 ad
1665 3533 1827 3582 membra
1842 3533 2004 3571 ecclesiae
2022 3535 2218 3582 pertinent,
2233 3540 2458 3581 neceam

1407 3607 1475 3646 pro
1494 3602 1631 3635 aeterm
1650 3595 1692 3633 in
1717 3593 1823 3633 emus
1841 3593 1936 3639 vita,
1955 3592 2115 3632 laborem
2130 3594 2170 3632 in
2201 3605 2242 3633 se
2270 3589 2467 3651 με*

1406 3652 1912 3702 amoenamus-puratis
1924 3659 2122 3694 ammam.
2139 3654 2331 3702 Colum

1456 3716 1468 3728 .
2275 3706 2306 3721 λ,
2327 3719 2329 3721 ,
2371 3711 2373 3714 ⁴
2410 3722 2416 3727 Α,

2538 1446 2540 1451 .
2527 1285 2540 1431 -.l—JL-—ss

2528 2414 2540 2487 Qh-
2534 2350 2540 2400 ......
2538 2291 2540 2307 μ
