2540 4016
253 243 319 281 479

692 231 733 266 B.
761 225 929 265 RABANI
955 224 1103 263 MAURI
1126 223 1339 262 ARcmEP.
1366 223 1571 262 MOGUNT.
1599 225 1788 264 OPERUM
1811 225 1930 263 PARS
1954 227 1980 263 l.

2335 226 2421 265 480³.

251 321 323 356 sine
341 309 542 350 visibilibus
558 305 804 345 sacramentis,
830 311 908 347 quae
923 310 990 346 pro
1007 305 1210 346 temporum
1234 298 1290 335 di·
1307 295 1344 336 A
1359 297 1473 344 sactus
1492 305 1541 335 est
1559 300 1716 336 omnibus
1749 300 2058 348 obtemperantibus
2085 299 2164 344 sibi,
2184 311 2289 338 causa
2306 303 2406 340 salu-

251 375 418 414 versitate
442 365 696 407 mutata'sunt,
717 368 758 399 ut
783 362 852 397 alia
882 366 968 396 tunc
996 359 1144 402 fuerint,
1164 363 1201 394 et
1222 357 1292 394 alia

250 435 353 473 modo
379 433 483 474 sint;
516 427 691 464 visibilem
718 432 803 459 vero
833 419 1154 457 sanctificationem
1169 445 1179 462 ,
1213 428 1293 464 quae

249 497 351 534 [ieret
378 503 444 540 per
469 487 622 526 visibilia
650 486 883 522 sacramenta,
913 480 992 516 sine
1019 479 1091 515 ista
1123 478 1294 515 invisibili

250 565 354 602 posse
374 554 510 591 adesse,
526 557 597 583 non
610 552 714 590 posse
742 541 925 587 prodesse.
959 538 1034 575 Nec
1064 543 1186 574 tamen
1212 538 1293 574 ideo

251 615 516 650 sacramentum
562 602 703 639 visibile
744 599 1047 635 contemnendum
1087 603 1142 634 est
1159 625 1169 642 ,
1208 608 1292 634 nam

251 674 476 716 contemptor
495 665 570 710 ejus
586 659 812 699 invisibiliter
832 658 1053 695 sanctificari
1070 657 1168 694 nullo
1186 657 1293 693 modo

251 737 379 779 potest.

297 792 388 828 Hinc
402 787 560 834 estquod
573 782 771 824 Cornelius,
791 786 827 816 et
844 781 1002 827 quicum
1014 791 1057 816 eo
1072 785 1195 824 erant,
1212 790 1295 816 cum

250 844 683 900 jaminvisibiliterinsuso
701 846 826 878 sancto
845 840 983 886 Spiritu
999 840 1217 878 sanctificati
1235 850 1297 886 ap-

250 914 428 958 parerent,
445 905 610 951 baptizati
621 908 704 939 sunt
718 908 838 938 tamen
850 901 941 949 (Act.
959 901 1013 948 x),
1032 911 1098 937 nec
1116 901 1298 947 superflua

248 972 403 1018 iudicata
412 966 624 1004 estvisibilis
638 963 889 1006 sanctificatio,
903 972 1011 1008 quam
1027 961 1218 997 invisibilis
1222 960 1299 1006 jam

249 1031 491 1077 praecesserat.
506 1025 577 1072 (Ex
588 1022 791 1070 Hesychia.)
801 1022 888 1066 Quis
897 1027 952 1058 est
966 1021 1134 1058 sacerdos
1147 1030 1298 1067 magnus

251 1089 345 1124 inter
366 1086 496 1122 fratres
513 1095 609 1126 suos,
627 1083 696 1119 nisi
714 1082 839 1127 utique
871 1082 929 1117 ille
949 1082 992 1117 de
1012 1091 1082 1126 quo
1112 1081 1203 1116 dixit
1231 1081 1300 1116 Da-

251 1148 336 1182 vid:
359 1145 505 1191 Maqnus
524 1144 693 1178 Dominus
723 1148 755 1177 ει
775 1152 902 1187 maqna
933 1141 1040 1176 virtus
1066 1141 1157 1183 ejus,
1190 1145 1222 1175 ει
1241 1151 1300 1174 εα-

1365 359 1410 393 tis
1437 365 1574 396 oeternoe
1591 361 1783 408 appellatus
1810 372 1832 396 a
1854 360 1927 396 Deo
1945 360 2100 407 pontifex
2120 361 2227 406 Juxta
2252 361 2407 399 ordinem

1365 418 1615 456 Melchisedech
1644 421 1768 468 (Hebr.
1795 421 1848 468 v).
1881 422 1927 459 Et
1951 431 2103 458 rursus:
2136 421 2285 458 Decebat
2317 422 2409 460 enim

1365 492 1442 516 eum
1465 487 1605 529 propter
1627 494 1729 529 quem
1757 483 1875 518 omnia
1896 489 1929 519 et
1961 495 2023 530 per
2053 494 2154 530 quem
2185 483 2303 519 omnia
2326 485 2409 531 quia

1366 541 1493 577 muitos
1508 541 1601 587 filias
1616 543 1654 577 in
1680 542 1828 587 gloriam
1849 542 2060 587 adduxerat,
2081 548 2256 578 auctorem
2285 542 2408 579 salutis

1365 610 1485 635 eorum
1502 611 1564 645 per
1588 601 1784 647 passionem
1804 612 2042 637 consummare
2061 600 2095 648 (1
2098 602 2199 650 bid.).

1413 660 1480 696 Hic
1507 666 1543 696 et
1560 661 1785 698 vestimentis
1815 662 1885 698 illis
1903 662 2049 698 indutus
2069 666 2126 698 est
2149 673 2228 709 quae
2245 663 2357 701 David
2374 665 2412 701 in

1366 721 1515 767 psalmis
1531 722 1720 757 cantabat:
1739 722 1908 757 Dominus
1923 722 2089 768 reynavit,
2114 723 2270 759 decorem
2283 724 2410 768 induit,

1366 781 1481 816 induit
1497 781 1666 817 Dominus
1689 782 1926 827 fortitudinem
1946 787 1980 818 ει
1999 783 2180 829 praecinxit
2195 795 2234 819 se
2255 785 2412 820 virtutem

1370 839 1483 886 (Psal.
1511 840 1613 888 xcu).
1645 841 1711 878 Hic
1730 847 1836 888 caput
1853 853 1957 879 suum
1979 853 2049 879 non
2074 845 2324 891 discooperiet,
2347 854 2414 881 nec

1367 901 1581 937 vestimenta
1610 912 1674 938 sua
1692 903 1930 939 conscindet:
1953 901 2064 950 Caput
2082 915 2183 939 suum
2208 916 2277 940 non
2301 904 2414 940 disco-

1370 964 1517 1009 operuit,
1536 963 1621 1008 quia
1641 974 1661 998 a
1681 963 1784 999 Patre
1800 975 1878 1007 suo,
1897 964 1958 1009 qui
1976 964 2053 1009 ejus
2072 969 2178 1009 caput
2197 964 2411 1010 appellatur,

1370 1034 1437 1059 nec
1455 1026 1644 1070 passiones
1673 1025 1794 1061 carnis
1820 1026 2000 1061 sustinens
2031 1031 2238 1070 separatum
2267 1025 2328 1061 sed
2355 1036 2417 1060 nec

1370 1085 1571 1121 vestimenta
1602 1086 1806 1128 conscindit,
1831 1086 1867 1121 id
1892 1091 1960 1128 est,
1992 1086 2124 1122 carnis.
2159 1086 2212 1121 Ex
2233 1096 2302 1131 quo
2321 1086 2419 1121 enim

1378 1143 1526 1180 Verbum
1557 1156 1638 1180 caro
1658 1145 1789 1191 factum
1812 1153 1876 1188 est,
1901 1146 1994 1182 inest
2024 1151 2122 1182 totus
2149 1155 2222 1181 suae
2245 1146 2358 1187 carni,
2382 1150 2419 1180 et

251 1206 387 1252 pientioe
402 1204 475 1250 ejus
492 1215 557 1238 non
573 1208 620 1238 est
637 1212 801 1237 numerus
819 1199 933 1247 (Psal.
950 1199 1085 1247 cxtvi).
1102 1199 1188 1244 Quis
1205 1199 1300 1235 enim
1320 1196 1351 1234 B
1370 1213 1552 1249 nunquam
1568 1205 1612 1239 ab
1637 1214 1679 1239 ea
1697 1214 1765 1239 nec
1782 1215 1803 1239 a
1822 1204 2010 1247 crucifixa,
2029 1215 2096 1240 nec
2119 1215 2139 1239 a
2167 1205 2319 1250 sepulta,
2352 1214 2419 1240 nec

252 1267 421 1302 virtutem
449 1264 523 1310 ejus
548 1263 788 1303 considerare,
819 1261 899 1307 quis
935 1270 1126 1297 numerare
1160 1259 1304 1305 sapien-

254 1327 340 1362 tiam
361 1332 421 1361 aut
443 1324 746 1370 comprehendere
762 1323 907 1368 potest?
928 1322 1014 1358 auia
1040 1331 1122 1356 cum
1146 1321 1241 1356 Deus
1258 1320 1305 1355 sit

253 1392 399 1433 propter
427 1384 728 1430 dispensationem
757 1389 919 1418 actorum
945 1392 1010 1427 pro
1037 1382 1142 1417 nobis
1168 1384 1304 1426 myste-

255 1447 403 1489 riorum,
422 1447 527 1482 ctiam
551 1445 717 1481 sacerdos
734 1443 882 1479 effectus
909 1447 977 1478 est.
1001 1442 1115 1477 Recte
1135 1450 1223 1486 ergo
1242 1440 1303 1475 hic

258 1519 406 1555 magnus
427 1509 603 1550 sacerdos,
632 1512 671 1542 ut
690 1512 774 1553 pote
787 1507 848 1552 qui
866 1505 1100 1550 semetipsum
1122 1513 1189 1550 pro
1206 1502 1308 1538 nobis

261 1571 413 1606 hostiam
433 1575 469 1605 et
494 1569 710 1605 oblationem
741 1566 885 1609 obtulit,
909 1565 1130 1612 appellatur;
1162 1568 1310 1609 propter

261 1632 353 1676 quod
372 1636 408 1667 et
424 1640 546 1667 servos
561 1628 690 1664 fratres
708 1639 791 1664 suos
818 1629 938 1664 dicere
954 1637 1084 1674 passus
1102 1631 1172 1669 est,
1197 1624 1233 1660 id
1251 1628 1309 1660 est

263 1696 417 1732 sanctos,
454 1690 513 1734 qui
550 1699 690 1734 semper
713 1689 789 1734 ejus
821 1688 956 1723 faciunt
979 1688 1214 1723 voluntatem.
1251 1685 1312 1721 Ait

266 1751 385 1785 cuim:
408 1748 608 1794 Quicunque
626 1747 743 1792 fecerit
762 1747 973 1783 voluntatem
1001 1747 1120 1782 Patris
1141 1748 1223 1791 mei,
1252 1747 1312 1783 ille

268 1822 362 1845 meus
379 1815 410 1844 ct
440 1809 560 1855 frater,
581 1814 611 1844 ει
636 1819 748 1851 soror,
783 1815 813 1843 et
834 1815 944 1844 mater
971 1815 1019 1844 est
1053 1808 1195 1854 (Manli.
1228 1808 1310 1853 xn).

270 1870 383 1917 Super
401 1871 505 1916 hujus
531 1876 633 1915 caput
660 1869 771 1904 oleum
801 1871 972 1905 unctionis
998 1871 1147 1915 effusum
1178 1875 1242 1912 est,
1271 1869 1314 1904 de

268 1939 337 1975 qno
349 1930 436 1966 dixit
453 1942 460 1964 :
485 1929 590 1965 Sedes
607 1936 680 1972 tua,
697 1929 803 1972 Deus,
823 1931 859 1964 in
882 1929 1047 1964 soeculum
1065 1928 1197 1970 scema,
1218 1930 1315 1973 virfja

268 1994 358 2023 recta
389 1994 438 2023 εει
469 1990 564 2034 virqa
592 1989 687 2033 reyni
714 1988 763 2022 tui
773 2000 785 2030 ;
812 1987 964 2022 ‹tileaeisti
986 1987 1163 2031 justitiam
1191 1993 1223 2022 et
1242 1987 1316 2022 odi-

265 2049 309 2082 sii
341 2049 570 2094 iniquitatem,
599 2054 779 2093 propterea
796 2048 894 2082 unxit
915 2053 946 2081 te
975 2047 1080 2090 Deus,
1104 2047 1198 2082 Deus
1218 2052 1312 2090 tuus,

270 2108 342 2142 oleo
367 2107 495 2142 loetitioe
511 2118 583 2151 proe
605 2106 830 2151 participibus
854 2107 922 2141 tuis
947 2105 1060 2152 (Psal.
1083 2106 1201 2154 xmv);
1226 2117 1313 2142 con-

272 2165 455 2201 cordantia
472 2164 556 2199 huic
571 2165 639 2210 legi
659 2165 794 2206 dicens,
811 2173 883 2198 non
901 2164 1015 2199 solum
1036 2166 1118 2210 quia
1134 2165 1315 2200 unctionis

271 2230 421 2269 uterque
443 2224 652 2260 memoriam
684 2223 783 2266 facit,
812 2223 875 2259 sed
903 2225 986 2269 quia
1012 2225 1105 2260 sicut
1123 2225 1236 2260 David
1255 2234 1317 2260 ex-

274 2285 404 2321 cellere
427 2285 655 2329 semetipsum
682 2285 717 2319 in
741 2285 817 2330 ipsa
844 2285 1012 2320 unctione
1033 2286 1108 2320 suis
1133 2285 1319 2330 participi-

272 2345 337 2379 bus
361 2350 594 2390 protestatur.
623 2344 723 2388 Quod
742 2346 837 2380 enim
853 2345 966 2381 dixit:
986 2357 1057 2392 prae
1077 2346 1315 2392 participibus,

274 2417 381 2452 super
397 2408 588 2452 participes
606 2413 686 2444 tuos
707 2408 784 2443 sine
811 2408 928 2454 aliqua
947 2409 1130 2444 dubietate
1151 2409 1319 2454 intelligi-

275 2472 353 2510 tur;
375 2468 426 2504 sic
446 2477 527 2503 eum
555 2468 663 2504 etiam
685 2468 866 2514 legislator
893 2469 1088 2504 maximum
1110 2469 1198 2504 dixit
1226 2468 1321 2503 inter

274 2526 402 2562 iratres
423 2537 519 2569 suos,
543 2528 578 2562 id
596 2532 666 2569 est,
683 2528 918 2572 superiorem.
940 2528 1041 2571 Quod
1062 2534 1180 2564 autem
1207 2527 1320 2563 maxi-

272 2588 379 2623 mein
399 2588 569 2632 praesenti
584 2592 725 2633 oportet
744 2587 876 2624 intueri
897 2588 1062 2632 historia,
1089 2599 1170 2624 cum
1194 2599 1320 2626 secun-

274 2649 359 2698 dum
388 2647 618 2694 Septuaginta
648 2648 841 2685 editionem
871 2650 1003 2685 addere
1033 2650 1231 2694 debuisset,
1265 2652 1322 2688 cui

275 2710 423 2754 effusum
446 2715 495 2743 est
515 2721 617 2754 super
630 2716 731 2754 caput
752 2710 864 2745 oleum
883 2712 1071 2754 unctionis,
1088 2722 1159 2747 non
1181 2712 1234 2748 sic
1257 2713 1320 2758 ait,

277 2768 339 2802 sed
359 2767 535 2802 maximus
554 2767 597 2802 de
617 2766 787 2803 fratribus
807 2767 896 2812 ejus,
920 2771 981 2814 qui
997 2770 1121 2806 cssudit
1135 2781 1242 2817 super
1257 2782 1320 2808 ca-

277 2836 341 2874 put
355 2819 444 2873 ejus.
465 2828 556 2873 Quia
586 2830 681 2865 enim
698 2829 831 2865 Christi
863 2842 947 2867 caro
979 2838 1033 2868 est
1058 2843 1136 2877 quae
1166 2836 1324 2883 suscepit

278 2889 483 2924 unctionem
508 2889 544 2924 in
572 2889 802 2935 semetipsum
822 2892 1092 2927 communicatae
1113 2893 1188 2928 sive
1215 2896 1324 2931 unitae

280 2949 489 2990 divinitatis,
509 2958 554 2984 ex
579 2949 647 2984 hac
666 2953 784 2984 autem
804 2960 912 2986 carne
942 2949 1074 2986 fratres
1101 2952 1177 2997 ejus
1205 2958 1240 2987 et
1262 2964 1324 2990 co-

280 3009 376 3054 gnati
397 3008 512 3044 effecti
533 3019 668 3052 sumus,
688 3015 785 3045 recte
804 3010 853 3044 ait
871 3023 879 3045 :
914 3010 1089 3055 Pontifex,
1103 3012 1139 3045 id
1168 3018 1231 3054 est,
1249 3023 1323 3048 ma-

280 3069 395 3103 mimus
411 3068 572 3103 sacerdos
594 3069 685 3103 inter
710 3068 835 3113 fratres
854 3079 947 3111 suos,
969 3080 1074 3114 super
1101 3070 1202 3115 cujus
1221 3077 1324 3116 caput

280 3127 429 3172 effusum
454 3133 505 3163 est
539 3128 711 3163 unctionis
746 3127 874 3171 oleum,
899 3134 938 3163 ut
971 3134 1092 3174 aperte
1124 3130 1325 3166 inveniatur

281 3188 350 3224 hoc
374 3189 468 3233 quod
485 3189 753 3235 intelligendum
783 3195 850 3232 est,
876 3190 1049 3225 maximus
1069 3191 1157 3226 inter
1184 3192 1323 3237 fratres,

281 3246 318 3283 id
338 3250 403 3286 est,
423 3247 541 3282 carnis
569 3257 654 3283 suae.
675 3247 754 3294 Ipsa
788 3253 843 3284 est
867 3249 962 3284 enim
983 3259 1061 3294 quae
1091 3249 1245 3296 suscepit
1266 3260 1327 3285 un-

283 3307 411 3342 ctionis
419 3307 549 3350 oleum,
566 3308 672 3354 hujus
688 3310 894 3352 sacerdotis,
913 3314 949 3345 et
963 3315 1193 3346 consecratas
1215 3309 1327 3346 fuisse

286 3377 427 3410 manus,
443 3368 531 3411 sive,
552 3374 592 3404 ιιι
609 3368 856 3415 Septuaginta,
872 3376 1143 3413 consummatas,
1159 3379 1227 3415 per
1244 3380 1328 3406 cru-

288 3426 340 3460 cis
353 3426 587 3463 confixionem
607 3428 836 3464 manifestum
855 3434 924 3465 est.
947 3429 1047 3465 Tunc
1073 3429 1169 3466 enim
1201 3440 1328 3475 quem-

288 3483 478 3520 admodum
505 3486 542 3521 hi
565 3488 627 3532 qui
650 3488 847 3524 secundum
864 3488 978 3536 legem
1004 3494 1086 3525 sunt
1111 3490 1328 3533 sacerdotes,

287 3541 328 3580 in
355 3537 563 3590 sanguinem
578 3547 680 3582 vituli
708 3552 744 3584 et
774 3548 896 3585 arietis
933 3547 1229 3585 consummabant
1255 3548 1331 3585 sive

291 3606 551 3642 consecrabant
569 3618 694 3644 manus
723 3620 821 3654 suas,
843 3610 894 3646 sic
913 3615 950 3646 et
969 3610 1047 3657 ipse
1075 3610 1221 3656 proprio
1251 3620 1332 3646 san-

294 3663 398 3708 guine
426 3675 508 3702 suas
541 3677 667 3703 manus
693 3670 916 3706 consecravit
947 3670 1024 3706 sive
1054 3670 1330 3713 consummavit,

297 3722 338 3758 tle
354 3733 424 3770 quo
436 3726 488 3762 ait
505 3726 660 3765 Paulus:
681 3728 727 3765 Ει
746 3731 807 3777 qui
834 3741 913 3767 cum
940 3735 1028 3767 esset
1051 3730 1085 3765 F
1085 3731 1181 3774 ilius,
1210 3730 1334 3767 didicit

297 3790 340 3818 ex
355 3783 409 3821 his
422 3796 500 3831 «μω
523 3798 647 3833 pmus
673 3795 726 3826 est
748 3789 992 3835 obedientiam,
1009 3795 1045 3828 et
1071 3796 1334 3835 consummatus

1371 1263 1466 1299 aliud
1487 1264 1668 1309 quodlibet
1685 1275 1807 1311 passa,
1823 1275 1902 1310 quae
1919 1266 1963 1300 ad
1979 1270 2142 1300 naturam
2163 1271 2321 1300 nostram
2339 1275 2421 1310 per-

1371 1323 1474 1365 tinet,
1503 1333 1541 1358 se
1558 1323 1722 1359 abscidit.
1743 1323 1845 1367 Quod
1869 1324 1899 1360 si
1919 1325 1972 1360 vis
1995 1325 2118 1360 audire
2147 1325 2190 1360 de
2210 1324 2419 1360 excelsiori-

1372 1384 1440 1419 bus
1457 1384 1675 1420 indumentis
1691 1384 1780 1429 ejus,
1803 1386 1925 1431 accipe
1940 1387 2047 1422 verba
2063 1387 2274 1433 prophetica
2298 1398 2306 1420 :
2323 1386 2422 1420 Ami-

1374 1449 1461 1484 ctus‚
1486 1443 1613 1488 inquit,
1638 1443 1767 1479 lumine
1794 1444 1881 1479 sicut
1910 1445 2131 1481 vestimento:
2160 1445 2302 1492 abyssus
2332 1446 2423 1480 sicut

1375 1503 1539 1537 amictum
1557 1504 1795 1538 vestimentum
1810 1504 1885 1548 ejus
1912 1502 2025 1549 (Psal.
2041 1505 2131 1549 cm).
2156 1503 2227 1550 [Eat
2244 1504 2419 1540 Adaman-

1377 1563 1454 1610 tio]
1475 1564 1540 1600 Hic
1560 1570 1615 1600 est
1633 1564 1703 1600 mei
1723 1565 1842 1610 magni
1861 1564 2038 1610 pontificis
2056 1565 2212 1608 habitus,
2234 1575 2304 1610 quo
2330 1565 2424 1610 judi-

1378 1629 1480 1659 catur
1509 1623 1685 1668 profunda
1707 1624 1866 1659 scientiae
1894 1630 1930 1660 et
1955 1624 2138 1670 sapientiae
2159 1625 2237 1661 luce
2257 1626 2422 1669 vestitus,

1379 1695 1457 1729 quae
1472 1694 1556 1720 vcre
1576 1690 1699 1720 sancta
1717 1689 1800 1719 sunt
1815 1684 2037 1720 indumenta.
2060 1684 2157 1728 Non,
2176 1686 2303 1731 inquit,
2325 1686 2424 1730 aufe-

1380 1752 1428 1781 ret
1448 1747 1490 1781 cle
1516 1747 1626 1792 capite
1644 1757 1706 1781 suo
1732 1746 1901 1792 cydarim.
1922 1746 1966 1782 Et
1984 1746 2084 1792 prius
2099 1746 2172 1793 jam
2193 1747 2347 1783 diximus
2366 1756 2426 1792 cy-

1381 1807 1494 1843 darim
1513 1817 1624 1853 genus
1642 1816 1721 1842 esse
1743 1806 1957 1851 operimenti
1976 1807 2070 1851 quod
2088 1806 2196 1851 capiti
2220 1806 2424 1852 superposi-

1380 1871 1456 1901 tum
1488 1865 1647 1911 pontifici
1672 1869 1818 1911 praestat
1849 1870 2028 1900 ornatum.
2063 1865 2129 1901 Hic
2161 1876 2246 1913 ergo
2276 1876 2427 1911 magnus

1381 1926 1540 1971 pontifex
1560 1935 1676 1968 meus,
1697 1934 1879 1970 nunquam
1899 1925 2043 1971 deponit
2067 1926 2159 1961 sacri
2175 1926 2302 1972 capitis
2320 1936 2427 1962 orna-

1383 1991 1471 2020 tum.
1513 1986 1604 2030 Quid
1635 1985 1682 2021 sit
1721 1991 1842 2021 autem
1872 1991 1979 2031 caput
2004 1984 2151 2029 Christi,
2184 1987 2229 2022 ab
2257 1986 2429 2032 Apostolo

1384 2046 1492 2087 disce,
1511 2047 1571 2090 qui
1582 2045 1668 2082 dicit
1684 2055 1693 2080 τ
1710 2045 1821 2091 Caput
1837 2051 1951 2081 autem
1965 2044 2094 2081 Christi
2111 2046 2204 2081 Deus
2218 2045 2361 2092 (Ephes.
2377 2047 2428 2094 v).

1384 2104 1510 2140 Merito
1528 2105 1637 2150 igitur
1656 2106 1763 2140 istum
1787 2105 1915 2151 capitis
1938 2105 2006 2148 sui,
2024 2105 2085 2151 qui
2117 2105 2211 2141 Deus
2240 2111 2309 2147 est,
2339 2117 2430 2141 nun·

1383 2176 1491 2210 quam
1515 2167 1658 2211 deponit
1690 2172 1866 2208 ornatum,
1898 2167 1981 2212 quia
2013 2176 2154 2212 semper
2183 2171 2238 2202 est
2257 2165 2364 2202 Pater
2395 2167 2431 2202 in

1383 2225 1488 2266 Filio,
1510 2226 1602 2260 sicut
1621 2225 1732 2262 Filius
1752 2236 1894 2272 semper
1926 2227 1964 2262 in
1993 2226 2113 2262 Patre.
2152 2225 2197 2260 Et
2229 2226 2432 2261 vestimenta

1385 2297 1449 2320 sua
1466 2296 1534 2320 non
1548 2285 1749 2332 disrumpet.
1773 2288 1865 2324 Vere
1883 2287 1944 2324 hic
1964 2292 2020 2324 est
2046 2286 2107 2332 qui
2133 2286 2347 2323 vestimenta
2369 2296 2432 2322 sua

1386 2355 1456 2380 non
1485 2345 1688 2391 disrumpit,
1712 2348 1776 2382 sed
1799 2357 1940 2394 semper
1956 2358 2000 2383 ea
2017 2348 2165 2392 munda,
2185 2356 2326 2393 semper
2342 2347 2434 2382 inte-

1386 2415 1463 2449 gra,
1484 2414 1626 2451 semper
1642 2411 1740 2441 casta
1757 2407 1926 2442 servavit.
1953 2407 2124 2452 Sequitur
2141 2419 2153 2444 z

1434 2462 1566 2510 (lem).
1594 2463 1640 2497 Et
1674 2464 1718 2498 ad
1749 2475 1885 2500 omnem
1916 2471 2090 2500 mortuum
2121 2475 2192 2500 non
2222 2466 2436 2511 inqredietur

1388 2523 1526 2557 omnino
1543 2531 1554 2556 .·
1569 2534 1671 2569 super
1686 2529 1783 2569 patre
1809 2534 1941 2570 quoque
1955 2535 2019 2559 suo
2046 2530 2078 2559 ει
2103 2529 2214 2559 matre
2231 2535 2298 2560 non
2317 2531 2436 2561 conta-

1387 2583 1589 2617 minabitur.
1623 2582 1857 2628 Septuaginta
1894 2589 2013 2619 autem
2045 2584 2194 2619 dicunt:
2221 2583 2336 2630 Super
2363 2595 2436 2619 om-

1388 2653 1465 2677 nem
1486 2642 1639 2677 animam
1671 2648 1845 2677 mortuam
1877 2653 1945 2678 non
1976 2642 2201 2688 ingredietur.
2224 2642 2296 2689 (Ex
2325 2643 2436 2690 Hesy-

1388 2702 1493 2749 chio.)
1515 2702 1699 2746 Quomodo
1720 2707 1840 2739 autem
1868 2702 1987 2738 anima
2008 2703 2163 2739 moritur
2182 2713 2263 2739 cum
2285 2703 2332 2739 sit
2349 2714 2435 2739 con-

1390 2764 1463 2799 dita
1487 2763 1714 2806 immortalis,
1743 2763 1825 2799 audi
1844 2765 2057 2809 prophetam
2074 2764 2252 2800 dicentem
2271 2777 2279 2798 :
2307 2765 2435 2799 Anima

1389 2834 1466 2869 quoe
1481 2824 1666 2869 peccaverit
1684 2824 1759 2868 ipsa
1770 2824 1951 2868 morietur,
1961 2824 2154 2869 impietatis
2168 2825 2291 2870 utique
2303 2830 2433 2860 morte.

1390 2882 1474 2918 Haec
1492 2887 1547 2917 est
1570 2882 1666 2917 enim
1701 2882 1828 2918 animae
1857 2894 1956 2920 mors
1995 2894 2103 2930 quam
2134 2884 2290 2920 maxime
2314 2890 2436 2931 gentes

1338 2969 1375 3009 D
1390 2952 1505 2988 passae
1524 2947 1607 2977 sunt
1625 2951 1704 2987 quae
1718 2953 1783 2978 nec
1797 2943 1910 2990 legem
1926 2944 2004 2988 Dei,
2023 2954 2091 2981 nec
2104 2944 2212 2980 aliam
2230 2943 2307 2989 ejus
2324 2944 2439 2980 scien-

1393 3002 1481 3037 tiam
1501 3002 1714 3037 habuerunt.
1754 3002 1867 3049 Super
1893 3015 2047 3039 ammam
2068 3015 2152 3051 ergo
2170 3010 2355 3047 mortuam,
2381 3005 2438 3039 vel

1393 3072 1531 3098 omnem
1554 3068 1728 3096 mortuum
1749 3074 1818 3098 non
1833 3063 2058 3110 ingredietur,
2090 3065 2174 3110 quia
2191 3064 2259 3100 etsi
2276 3065 2438 3100 omnium

1393 3126 1542 3168 peccata
1556 3123 1726 3166 portavit,
1745 3129 1993 3159 verumtamen
2009 3124 2215 3170 impollutus
2234 3127 2435 3170 permanet,

1395 3187 1430 3217 et
1451 3192 1516 3217 nec
1533 3182 1877 3238 gentiuQ.peccatis
1903 3182 2085 3228 polluitur.
2107 3184 2158 3219 De
2173 3183 2230 3218 his
2249 3183 2359 3225 enim,
2384 3192 2438 3217 se-

1396 3242 1552 3277 cundum
1565 3241 1678 3284 LXX,
1695 3242 1795 3277 omni
1815 3242 1944 3277 animae
1970 3247 2120 3277 mortuae
2143 3248 2183 3278 ut
2205 3246 2289 3289 pote
2314 3246 2439 3278 contra

1395 3310 1519 3335 omnes
1553 3299 1666 3335 effusa
1698 3300 1883 3345 impietate
1912 3305 1948 3335 et
1982 3301 2360 3350 idololatria-dicitur.
2391 3301 2439 3336 Ει

1395 3370 1457 3395 nec
1471 3370 1574 3406 super
1590 3364 1688 3405 patre
1720 3365 1753 3394 et
1784 3364 1910 3410 matre,
1944 3368 2052 3404 super
2083 3361 2252 3405 populum
2275 3362 2441 3398 videlicet

1395 3417 1612 3461 ludaeorum,
1633 3428 1678 3453 ex
1697 3417 1826 3463 quihus
1844 3423 1898 3453 est
1916 3418 2110 3454 secundum
2125 3428 2212 3455 carn

1397 3486 1521 3528 pterea
1539 3480 1737 3526 appellatur
1753 3477 1830 3523 ejus
1856 3483 1959 3524 pater
1978 3484 2014 3514 ει
2032 3483 2175 3532 ωηιξη
2205 3473 2210 3480 ’

1397 3548 1474 3585 tur;
1496 3552 1557 3577 nec
1584 3540 1626 3575 de
1654 3540 1782 3575 sanctis
1814 3538 2026 3585 eqrcdietur,·
2061 3543 2099 3575 et
2134 3539 2164 3576 si
2193 3540 2440 3590 peccatoribus

1398 3601 1684 3638 condescendere
1697 3600 1819 3646 elegit,
1833 3606 2019 3646 permanet
2043 3608 2164 3637 tamen
2184 3606 2331 3638 sanctus
2346 3605 2384 3636 et
2400 3601 2438 3650 iu
2489 3615 2493 3626 τ

1398 3661 1531 3699 sanctis
1549 3660 1758 3708 requiescit,
1781 3665 1818 3697 et
1837 3671 1858 3696 a
1891 3661 2037 3705 sanctis,
2070 3661 2132 3708 qui
2156 3662 2194 3698 in
2225 3661 2316 3699 coelo
2339 3665 2435 3704 sunt,

1398 3721 1534 3770 angelis
1557 3721 1812 3758 circumdatur.

1399 3828 1405 3833 ¹
1445 3772 1530 3843 (Ex,
1544 3782 1789 3844 Adummim)
1809 3781 1941 3843 ⁴Omnia
1953 3768 1957 3771 l
1971 3793 2057 3845 ergo
2075 3770 2189 3847 1¹⁰qu
2201 3776 2254 3834 iit',
2269 3786 2444 3849 palmate}

2309 3425 2346 3455 et
2357 3430 2441 3466 pro-
2501 3419 2504 3427 ’

2287 3480 2441 3518 minabi-
2501 3487 2508 3529 f
