2540 4016
314 175 402 212 1191

735 169 777 206 Β.
803 165 974 206 RABANI
998 159 1147 205 ‘uAum
1169 165 1384 204 Ancnmr.
1408 147 1616 203 uinum.
1641 161 1833 200 ornauit
1853 161 1974 199 PARS
1998 162 2026 198 1.

1840 0 1880 25 V
2324 0 2470 50 ⁷·=

1789 56 1803 70 ι
2475 79 2485 87 ι

2364 121 2495 225 *lisa*

310 247 374 285 sed
402 246 521 282 locum
547 241 606 278 vel
635 241 832 284 civitatem,
867 250 950 276 cum
983 240 1167 277 hominem
1200 244 1356 286 putaret.
1377 241 1414 281 A
1476 238 1630 285 Cumque
1658 238 1857 274 ascenderet
1883 238 2026 284 flamma
2049 234 2174 272 altaris
2193 237 2232 272 in
2245 236 2383 282 caelum,
2413 246 2480 287 an-
2537 285 2540 291 Ι

309 306 399 341 Nam
414 308 451 339 et
469 301 652 338 hominem
677 300 741 336 Dei
758 309 841 334 eum
860 298 1074 345 appellavit,
1101 298 1220 344 specie
1239 303 1360 334 tamen

308 364 364 400 vel
383 362 511 398 habitu
543 360 668 408 angelo
688 359 865 402 similem,
885 359 954 395 hoc
972 364 1050 401 est,
1073 358 1158 404 quia
1177 363 1250 394 tam
1269 368 1363 405 prae-

308 425 444 461 clarum
468 423 571 465 vidit,
604 421 696 458 sicut
718 421 797 468 ipsa
818 421 992 457 narravit.
1021 419 1093 457 Sed
1122 421 1152 456 si
1171 421 1221 456 ita
1238 420 1362 457 distin-

308 490 437 534 guatur
457 496 466 519 :
503 483 551 518 Et
569 481 827 528 interrogabam
846 492 924 517 eum
956 480 1049 517 unde
1075 486 1163 517 esset
1183 486 1215 517 et
1235 491 1359 516 nomen

307 557 423 588 suum,
439 549 480 580 ut
500 543 748 585 subaudiatur,
765 541 1024 588 interroqabam
1055 554 1148 586 eum,
1181 547 1217 578 et
1233 548 1361 588 postea

308 607 496 648 inseratur,
518 614 587 639 non
607 603 825 639 annuntiavit
853 602 952 646 milii,
979 613 1052 639 non
1067 603 1176 638 habet
1194 602 1361 648 quaestio-

307 676 417 702 nem:
453 664 499 700 ad
517 668 709 708 utrumque
741 662 838 698 enim
872 662 1000 698 referri
1030 667 1149 709 potest
1180 662 1276 708 quod
1295 662 1360 706 ait,

310 725 394 761 Non
428 723 648 759 annuntiavit
679 722 779 765 mihi,
814 722 850 758 id
868 728 945 766 est,
965 723 1059 759 unde
1079 727 1188 765 esset,
1210 732 1277 758 nec
1296 731 1362 757 no-

308 796 390 822 men
413 795 529 821 suum.
553 783 624 820 Sed
638 784 707 819 hoc
725 783 934 829 respondit:
952 782 1042 819 Ecce
1058 783 1228 829 concipies
1249 787 1280 818 et
1301 793 1363 829 pa-

309 847 374 881 ries
390 845 516 890 lilium.
554 844 642 880 Cave
662 854 702 879 ne
723 844 840 879 vinum
864 843 960 879 bibas
985 855 1025 878 ac
1058 845 1220 887 siceram,
1258 849 1290 878 et
1322 854 1363 877 ne

308 905 424 951 aliquo
442 905 587 940 vescaris
617 904 795 939 immundo
805 915 817 947 ;
847 905 912 939 erit
929 904 1021 939 enim
1047 914 1134 950 puer
1167 902 1363 938 Nazaroeus

307 965 372 1000 Dei
388 965 429 1000 ab
445 965 597 1010 infantia
622 977 702 1009 sua,
721 970 754 1000 et
773 975 815 1000 ea:
831 970 929 999 utero
949 965 1073 999 matris
1091 975 1198 1011 usque
1214 964 1258 998 ad
1273 964 1364 998 diem

308 1026 427 1060 mortis
449 1036 535 1068 suae,
552 1030 588 1061 et
605 1030 747 1061 caetera.
770 1025 861 1060 Item
890 1025 986 1070 quod
1002 1024 1052 1059 ait
1079 1024 1206 1060 eadem
1235 1024 1365 1059 mulier

308 1084 442 1120 dictum
478 1085 546 1120 sibi
578 1095 657 1121 esse
701 1085 747 1120 ab
774 1085 899 1130 angelo
916 1111 926 1126 ,
960 1085 1130 1128 quoniam
1167 1084 1364 1118 Nazaroeus

307 1142 374 1178 Dei
403 1145 468 1179 erit
498 1155 584 1190 puer
600 1170 610 1187 ,
644 1155 665 1178 a
682 1149 797 1178 ventre
819 1154 927 1188 usque
956 1143 1001 1177 ad
1019 1143 1110 1177 diem
1127 1144 1248 1178 mortis
1274 1154 1361 1186 suce,
1383 1157 1414 1195 B

308 1214 380 1238 non
399 1203 530 1249 legitur
558 1205 603 1239 ab
634 1203 760 1248 angelo
779 1202 926 1238 dictum}
962 1203 1005 1237 Et
1032 1205 1128 1247 quod
1153 1203 1281 1249 legitur
1312 1204 1365 1239 di-

309 1268 405 1297 ctum
435 1274 443 1296 :
473 1262 552 1307 Ipse
584 1261 724 1306 incipiet
756 1261 891 1296 salvum
912 1262 1026 1306 facere
1045 1262 1156 1297 Israel
1183 1264 1226 1297 de
1257 1275 1365 1298 manu

310 1321 537 1363 Plzilistlziim,
565 1331 638 1356 non
654 1326 709 1356 est
726 1331 746 1356 a
765 1321 917 1356 muliere
942 1327 1280 1356 commemoratum.
1313 1323 1365 1356 lta

308 1386 345 1417 et
362 1380 499 1426 aliquid
525 1391 596 1416 non
627 1380 716 1415 dixit
743 1381 839 1425 quod
864 1381 1023 1423 audivit;
1055 1386 1091 1416 et
1125 1386 1246 1417 tamen
1276 1381 1366 1417 nihil

308 1441 486 1477 credenda
504 1446 559 1477 est
575 1441 707 1477 dixisse
722 1441 817 1486 quod
833 1451 905 1476 non
922 1441 1082 1484 audivit;
1114 1442 1177 1477 sed
1204 1441 1366 1487 Scriptu-

311 1512 388 1536 ram
407 1502 528 1547 potius
559 1512 631 1537 non
651 1502 772 1537 omnia
786 1502 896 1538 verba
930 1501 1046 1547 angeli
1065 1502 1239 1547 posuisse,
1283 1512 1366 1537 cum

310 1561 427 1606 ipsum
452 1561 595 1596 mulieri
622 1562 828 1607 loquentem
856 1562 1034 1597 insereret
1054 1562 1267 1597 narrationi.
1283 1561 1366 1598 Ideo

311 1628 431 1658 autem
462 1623 595 1658 dictum
613 1628 668 1658 est
691 1623 746 1657 :A
776 1629 891 1658 ventre
913 1634 1020 1668 usque
1046 1623 1091 1657 ad
1124 1623 1215 1658 diem
1245 1623 1366 1658 mortis

309 1693 395 1725 suae,
431 1683 514 1727 quia
544 1682 706 1718 Nazaroei
737 1683 950 1718 dicebantur
982 1683 1018 1718 in
1037 1683 1127 1729 lege,
1164 1683 1209 1718 ad
1228 1689 1367 1728 tempus

309 1742 370 1787 qui
399 1748 523 1778 votum
550 1744 747 1785 habebant,
787 1744 984 1779 secundum
1004 1754 1047 1779 ea
1076 1754 1156 1789 quae
1180 1743 1366 1789 Scriptura

308 1811 373 1846 per
403 1802 548 1848 Moysen
576 1809 798 1849 praeceperat
833 1803 959 1849 (Num.
988 1803 1053 1851 νι).
1094 1804 1193 1840 Unde
1220 1810 1275 1840 est
1300 1805 1368 1840 hoc

310 1863 403 1907 quod
421 1863 506 1899 huic
523 1864 666 1910 jussum
685 1870 752 1909 est,
780 1870 821 1900 ut
840 1866 975 1902 serrum
993 1877 1064 1903 non
1093 1869 1303 1904 ascenderet
1331 1869 1369 1903 in

309 1930 416 1968 caput
428 1925 518 1971 eJus,
530 1931 565 1962 et
580 1927 704 1963 vinum
719 1933 754 1963 et
769 1928 921 1964 siceram
937 1939 1010 1964 non
1021 1929 1174 1972 biberet,
1189 1930 1257 1965 hoc
1273 1930 1368 1965 enim

310 1990 385 2020 tota
416 1986 491 2022 vita
514 1997 579 2023 sua
605 1989 812 2025 observavit
835 1989 1011 2034 Samson,
1045 1991 1139 2036 quod
1166 1990 1217 2026 illi
1236 1991 1297 2036 qui
1309 2001 1370 2027 vo·

1428 298 1524 346 9elus
1544 299 1686 335 Domini
1706 299 1744 334 in
1761 299 1906 344 flamma
1926 297 2059 344 pariter
2083 296 2251 332 ascendit.
2274 297 2376 340 Quod
2398 307 2441 334 cu
2463 290 2471 301 ⁴

1427 360 1591 396 vidissent
1605 360 1734 395 Manae
1748 365 1779 394 et
1795 369 1887 394 uxor
1899 359 1989 404 ejus,
2017 357 2118 404 proni
2133 358 2330 395 ceciderunt
2354 359 2392 394 in
2407 364 2478 395 ter·
2532 376 2533 379 ¹

1427 431 1515 463 ram,
1541 426 1573 456 et
1592 419 1687 455 ultra
1714 430 1784 454 non
1799 419 1849 454 eis
1863 418 2025 464 apparuit
2042 417 2184 464 angelus
2209 418 2363 456 Domini.
2395 419 2480 456 Sta—

1427 481 1556 527 timque
1571 477 1742 514 intellexit
1756 476 1888 513 Manae
1905 478 2068 524 anqelum
2079 478 2221 514 Domini
2235 490 2323 523 esse,
2339 485 2371 515 et
2388 479 2479 516 dixit

1428 541 1474 576 ad
1503 550 1650 576 uxorem
1682 548 1782 574 suam
1804 548 1816 573 :
1837 537 1951 573 Morte
1981 539 2182 582 moriemur,
2219 540 2303 586 quia
2329 540 2478 576 vidimus
2510 530 2531 575 ,4

1427 600 1634 642 Dominum,
1663 603 1700 634 et
1723 598 1875 643 reliqua.
1912 596 2006 641 Quid
2023 597 2091 634 sibi
2108 598 2184 634 vult
2218 599 2313 645 quod
2338 605 2481 646 postea-

1429 671 1538 705 quam
1557 658 1808 696 manifestatus
1829 663 1884 694 est
1903 657 2031 694 Manue
2055 665 2091 694 et
2109 659 2214 695 uxori
2231 659 2310 705 ejus
2328 660 2478 706 angelus

1430 721 1491 766 qui
1517 731 1601 756 cum
1633 720 1687 756 eis
1718 718 1944 766 loquebatur,
1981 718 2071 754 dixit
2092 719 2188 755 idem
2219 719 2348 756 Manue
2379 720 2482 756 uxori
2511 713 2513 722 '

1431 790 1530 817 suae:
1553 779 1666 815 Morte
1690 780 1892 822 moriemur,
1920 778 2083 824 quoniam
2109 780 2222 815 Deum
2251 780 2422 824 vidimus5
2438 791 2484 817 ex

1430 841 1492 876 illa
1522 841 1660 876 scilicet
1678 839 1767 886 legis
1791 838 1968 875 sententia
1998 839 2060 874 ubi
2079 840 2251 885 scriptum
2269 845 2348 876 est:
2372 839 2484 876 Nemo

1430 906 1539 947 potest
1554 901 1678 946 faciem
1694 910 1806 934 meam
1824 898 1940 933 videre
1968 903 2002 932 et
2029 899 2140 934 vivere
2175 898 2306 946 (Exod.
2333 898 2482 947 xxxul).

1433 961 1680 1007 Opinabantur
1703 971 1787 1006 ergo
1803 965 1843 995 ut
1861 959 2024 995 homines
2043 959 2157 996 Deum
2176 971 2215 997 se
2234 961 2367 997 vidisse
2385 965 2485 997 tanto

1432 1022 1557 1067 utique
1574 1022 1751 1057 miraculo
1768 1020 1877 1063 facto,
1904 1022 2003 1070 quod
2033 1021 2068 1056 in
2085 1021 2165 1066 igne
2184 1021 2352 1057 sacrificii
2373 1022 2486 1065 stetit,

1435 1081 1496 1126 qui
1531 1091 1613 1116 cum
1645 1081 1715 1116 illis
1750 1081 1850 1126 prius
1876 1081 1978 1126 quasi
2010 1080 2118 1115 homo
2151 1079 2376 1124 loquebatur.
2417 1079 2487 1116 Sed

1434 1142 1545 1177 Deum
1565 1142 1602 1176 in
1618 1142 1759 1188 angelo,
1789 1152 1833 1177 an
1852 1142 1965 1178 Deum
1985 1141 2102 1186 ipsum
2131 1140 2297 1184 angelum
2328 1141 2486 1186 appella-

1432 1202 1544 1237 bant?
1565 1200 1626 1236 Sic
1662 1202 1757 1236 enim
1791 1202 1966 1246 scriptum
1994 1205 2052 1235 est
2070 1209 2080 1233 :
2101 1199 2148 1232 Et
2183 1199 2329 1245 sumpsit
2355 1200 2487 1236 Manae

1433 1262 1573 1296 lzoedum
1600 1271 1803 1306 caprarum,
1833 1266 1864 1294 et
1883 1259 2095 1303 sacrificium
2114 1258 2237 1293 obtulit
2264 1271 2367 1305 super
2390 1267 2489 1306 petra

1433 1320 1582 1354 Domino
1597 1318 1772 1353 mirabilia
1789 1319 1943 1364 facienti,
1960 1324 1991 1353 et
2010 1317 2141 1353 Manae
2167 1324 2198 1354 et
2214 1329 2305 1354 uxor
2325 1320 2401 1366 ejus
2433 1331 2491 1356 ex-

1433 1377 1644 1423 spectabant.
1674 1377 1721 1411 Et
1751 1377 1959 1422 factumest,
1991 1377 2075 1412 dum
2118 1378 2316 1413 ascenderet
2347 1380 2490 1424 flamma

1435 1438 1580 1484 desuper
1600 1437 1711 1472 altare
1739 1438 1785 1473 ad
1800 1438 1936 1482 coelum,
1962 1444 1994 1474 et
2014 1439 2170 1474 ascendit
2191 1438 2333 1485 angelus
2349 1439 2491 1476 Domini

1434 1498 1469 1533 in
1491 1499 1650 1543 flamina.
1685 1497 1787 1541 Quod
1805 1509 1883 1534 cum
1899 1499 2060 1534 vidissent
2078 1499 2207 1535 Manae
2227 1506 2260 1535 et
2288 1511 2380 1536 uxor
2397 1500 2491 1536 illius

1436 1560 1635 1595 ceciderunt
1653 1572 1756 1607 super
1775 1561 1901 1606 faciem
1933 1573 2036 1608 super
2057 1568 2201 1606 terram,
2230 1569 2263 1598 et
2289 1575 2359 1599 non
2384 1575 2492 1610 appo-

1435 1622 1505 1655 suit
1524 1621 1616 1656 ultra
1637 1621 1779 1668 anqelus
1795 1622 1937 1658 Domini
1968 1634 2134 1670 apparere
2172 1624 2218 1659 ad
2237 1623 2369 1660 Manae
2400 1625 2493 1660 etad

1437 1686 1581 1719 umorem
1602 1684 1691 1730 ejus.
1721 1684 1817 1720 Tunc
1836 1686 1990 1731 cognovit
2006 1685 2148 1728 Manae,
2174 1686 2338 1732 quoniam
2351 1686 2493 1733 anqelus

1436 1744 1579 1780 Domini
1596 1751 1660 1788 est,
1690 1751 1722 1781 et
1743 1746 1833 1780 dixit
1852 1745 1982 1781 Manue
2006 1746 2051 1781 ad
2071 1757 2215 1782 uxorem
2234 1758 2335 1783 suam
2351 1757 2363 1781 .·
2380 1747 2494 1783 Morte

1437 1806 1640 1848 moriemur,
1677 1806 1844 1851 quoniam
1861 1806 1974 1841 Deum
1990 1806 2155 1842 vidimus.
2184 1807 2224 1842 In
2239 1807 2296 1843 his
2310 1817 2395 1854 ergo
2411 1817 2493 1843 ver-

1437 1865 1506 1908 bis,
1531 1866 1614 1911 quia
1645 1876 1716 1902 non
1732 1867 1821 1902 dixit
1841 1878 1848 1900 :
1872 1865 1985 1902 Morte
2008 1868 2211 1910 moriemur,
2243 1868 2409 1914 quoniam
2431 1879 2495 1903 an-

1438 1925 1552 1971 yelum
1583 1926 1726 1961 Domini
1746 1926 1905 1969 vidimus,
1932 1927 2007 1970 sed,
2041 1927 2154 1962 Deum
2183 1927 2346 1971 vidimus,
2379 1929 2495 1964 oritur

1440 1987 1590 2031 quaesfio
1620 1992 1742 2022 utrum
1761 1988 1798 2022 in
1815 1987 1943 2032 angelo
1960 1987 2206 2033 intelligebant
2220 1988 2420 2030 Dominum,
2449 1998 2494 2023 an

2512 630 2515 633 '
2512 586 2530 617 »-
2528 532 2530 540 ,

310 2046 380 2081 eati
405 2052 489 2082 sunt
508 2048 670 2085 Nazaraei
695 2051 802 2087 certis
821 2051 947 2088 diebus
967 2052 1209 2089 observabant
1236 2062 1369 2089 voven-
1387 2052 1416 2093 C
1438 2047 1601 2083 eumdem
1622 2047 1802 2093 :angelum
1826 2047 1940 2082 Deum
1965 2049 2154 2082 vocabant·
2187 2048 2277 2082 Illud
2303 2049 2402 2083 enim
2422 2053 2495 2084 ter-

311 2111 366 2141 tes
386 2113 580 2153 votumque
595 2111 800 2147 reddentes.

360 2166 525 2213 Dixitque
543 2168 673 2204 Manae
693 2171 738 2204 acl
765 2172 925 2216 anyelum
952 2172 1093 2207 Domini
1114 2182 1125 2206 :
1149 2172 1299 2208 Obsecro
1334 2177 1368 2206 te

311 2234 350 2262 ut
368 2228 566 2272 acquiescas
587 2229 745 2274 precibus
763 2231 870 2273 meis,
899 2237 932 2266 et
951 2232 1125 2276 faciamus
1146 2233 1207 2266 tibi
1227 2232 1367 2266 lioedum

310 2287 352 2321 de
367 2287 492 2331 capris.
511 2285 577 2320 Cui
590 2287 763 2332 respondit
785 2287 929 2332 angelus
948 2289 1090 2323 Domini
1107 2300 1118 2323 .·
1138 2289 1178 2324 Si
1191 2300 1245 2323 me
1259 2291 1367 2334 coqis,

310 2357 379 2381 non
400 2344 578 2381 comedam
595 2357 701 2392 panes
717 2354 807 2382 tuos.
828 2347 894 2383 Sin
913 2354 1028 2382 autem
1049 2348 1100 2383 vis
1126 2348 1368 2383 holocaustum

311 2407 438 2451 facere,
462 2407 549 2451 offer
566 2405 654 2441 illud
670 2407 833 2442 Domino.
865 2407 911 2442 Et
935 2409 1107 2444 nesciebat
1126 2408 1258 2444 Manue
1277 2409 1368 2456 quod

310 2465 452 2512 angelus
467 2465 533 2500 Dei
551 2471 649 2508 esset,
686 2471 724 2502 ct
750 2472 894 2503 caetera.
932 2466 1035 2510 Quod
1067 2468 1152 2503 dicit
1182 2467 1370 2513 Scriptura

310 2526 668 2573 quoniamignoravit
687 2527 816 2564 Manue
842 2530 937 2574 quod
955 2528 1104 2574 angelus
1122 2529 1187 2564 Dei
1202 2534 1268 2573 est,
1293 2540 1370 2565 ma-

312 2587 484 2624 nifestum
502 2593 558 2623 est
572 2588 680 2624 etiam
697 2587 773 2632 ejus
793 2598 943 2625 uxorem
963 2589 1146 2625 hominem
1158 2590 1368 2626 credidisse.

313 2646 415 2689 Quod
434 2657 519 2694 ergo
546 2647 578 2684 ei
598 2647 712 2684 dixit:
745 2647 803 2683 Vis
832 2648 1006 2694 faciamus
1032 2649 1093 2684 tibi
1118 2661 1209 2685 nunc
1228 2651 1264 2685 in
1285 2662 1369 2686 con-

314 2712 432 2751 spectu
448 2713 507 2741 tuo
530 2708 669 2742 haedum
688 2709 897 2754 caprarum?
917 2714 1087 2755 tanquam
1112 2709 1295 2746 hominem
1314 2711 1371 2746 in-

315 2766 453 2808 vitavit,
471 2765 533 2802 sed
554 2767 603 2802 ita
627 2772 667 2804 ut
686 2769 754 2804 hoc
770 2779 851 2803 cum
871 2768 930 2804 illo
948 2769 1165 2815 epularetur,
1200 2771 1296 2815 quod
1312 2781 1371 2806 sa-

317 2827 494 2863 crificium
509 2827 666 2864 fecisset.
688 2827 778 2864 Nam
794 2828 914 2866 facere
928 2831 1072 2866 haedum
1090 2841 1280 2877 caprarum
1300 2842 1372 2867 non

314 2887 406 2923 solet
426 2887 510 2931 dici,
544 2887 613 2924 nisi
637 2898 718 2924 cum
737 2888 778 2924 fit
802 2889 1034 2926 sacrificium.
1065 2891 1228 2937 Denique
1258 2896 1294 2926 et
1314 2891 1371 2926 ille

1436 2108 1539 2151 tium,
1566 2108 1661 2153 quod
1679 2108 1791 2143 Deum
1810 2113 2026 2153 putaverant
2052 2108 2114 2152 qui
2134 2113 2212 2143 erat
2234 2110 2392 2154 angelus,
2423 2111 2494 2147 dici

1436 2179 1508 2204 non
1540 2175 1680 2215 potest,
1721 2170 1947 2215 apertissime
1976 2170 2116 2204 dicente
2147 2169 2333 2215 Scriptura
2354 2182 2366 2206 :
2396 2172 2493 2209 Tunc

1437 2229 1595 2272 cognovit
1630 2227 1775 2271 Manue,
1801 2228 1966 2274 quoniam
2000 2228 2142 2274 anqelus
2161 2229 2304 2265 Domini
2321 2237 2384 2266 est.
2422 2231 2495 2268 Sed

1437 2287 1531 2321 unde
1565 2287 1773 2322 metuebant
1803 2287 1986 2322 mortem?
2009 2297 2080 2323 non
2113 2287 2207 2323 enim
2240 2288 2426 2335 Scriptura
2457 2290 2494 2326 in

1437 2346 1560 2382 Exodo
1581 2347 1722 2382 dixerat
1744 2359 1752 2382 ε
1776 2346 1890 2382 Nemo
1907 2347 2032 2382 videbit
2046 2348 2172 2393 faciem
2193 2349 2322 2395 angeli,
2342 2356 2375 2385 et
2387 2351 2471 2387 vivet
2479 2361 2495 2394 ,⁸

1438 2407 1513 2447 sed,
1531 2406 1657 2451 faciem
1676 2417 1788 2441 meam
1814 2407 1918 2449 dixit,
1953 2418 2034 2442 cum
2070 2408 2165 2443 Deus
2182 2408 2402 2454 loqueretur.
2434 2411 2493 2446 An

1438 2473 1474 2503 et
1501 2467 1538 2502 in
1556 2467 1624 2503 hoc
1648 2468 1739 2513 ipso,
1763 2467 1858 2513 quod
1889 2468 1925 2502 in
1949 2467 2066 2514 angeli
2083 2470 2274 2513 praesentia
2300 2471 2413 2506 Deum
2434 2482 2494 2507 co-

1439 2534 1613 2574 gnoverat
1634 2527 1776 2571 Manue,
1794 2528 1843 2563 ita
1858 2528 2090 2573 perturbatus
2107 2533 2163 2564 est
2178 2535 2218 2564 ut
2234 2529 2379 2566 timeret
2396 2541 2493 2567 mor-

1438 2592 1524 2624 tem.
1558 2587 1659 2632 Quod
1685 2592 1806 2624 autem
1830 2583 1881 2623 i'lli
1912 2597 2003 2624 uxor
2023 2597 2088 2624 sua
2104 2589 2290 2634 respondit
2309 2601 2318 2624 :
2338 2589 2378 2625 Si
2392 2590 2492 2626 vellet

1439 2649 1610 2684 Dominus
1641 2650 1854 2694 mortificare
1883 2661 1959 2692 nos,
2003 2661 2072 2685 non
2097 2651 2283 2697 accepisset
2315 2650 2356 2686 de
2385 2663 2492 2687 manu

1440 2717 1559 2746 nostra
1579 2710 1868 2747 holocaustauma
1891 2717 1923 2747 et
1936 2712 2163 2757 sacrificium,
2184 2724 2245 2748 nec
2263 2712 2492 2749 illuminasset

1441 2770 1537 2805 nobis
1558 2772 1676 2806 omnia
1693 2771 1780 2814 brec,
1802 2772 1862 2806 sed
1883 2782 1943 2807 nec
1966 2772 2089 2807 audita
2111 2772 2245 2817 fecisset
2262 2773 2359 2808 nobis
2389 2773 2462 2808 ltoec
2479 2783 2491 2807 .·

1441 2836 1559 2866 utrum
1576 2831 1693 2877 ipsum
1719 2831 1885 2876 angelum
1904 2832 2138 2868 crediderunt
2166 2832 2347 2877 accepisse
2381 2834 2492 2868 sacri-

1441 2894 1576 2936 ficium,
1595 2894 1679 2938 quia
1698 2893 1865 2929 viderunt
1879 2895 2007 2930 eumin
2028 2895 2151 2930 altaris
2165 2893 2309 2929 flamma
2327 2895 2493 2930 stetisse?

316 2945 368 2980 ita
403 2947 586 2990 respondit
605 2957 614 2981 t
636 2947 676 2982 Si
700 2948 767 2983 vim
787 2949 908 2993 seceris
923 2949 1024 2991 milii,
1056 2960 1125 2984 non
1152 2951 1372 2985 manducabo
1389 2950 1425 2990 D
1443 2961 1489 2986 an
1511 2960 1577 2996 per
1594 2952 1663 2987 hoc
1687 2951 1942 2987 intellexerunt
1966 2951 2148 2996 accepisse
2170 2950 2376 2995 Dominum,
2408 2951 2493 2996 quia

316 3002 359 3037 de
378 3002 525 3047 panibus
545 3003 635 3043 tuis;
654 3003 715 3037 ubi
735 3003 891 3038 ostendit
921 3013 959 3038 se
974 3003 1085 3038 fuisse
1108 3005 1152 3038 ad
1169 3005 1293 3050 epulas
1318 3006 1373 3041 in-

315 3060 479 3095 vitatum.
509 3059 645 3095 Deinde
675 3060 835 3095 addidit:
856 3059 902 3095 Et
923 3061 953 3095 si
978 3061 1099 3107 feceris
1115 3062 1368 3109 holocaustum,

316 3121 467 3157 Domino
500 3121 622 3166 offeres
651 3119 754 3156 illud.
784 3121 917 3167 Utique
945 3123 1026 3159 ideo
1051 3125 1154 3168 dixit,
1192 3126 1221 3161 si
1247 3127 1370 3173 seceris

317 3181 572 3225 holocaustum,
582 3181 667 3227 quia
681 3181 739 3218 ille
750 3182 890 3218 dixerat
907 3194 916 3218 ε
932 3182 1123 3219 Faciamus
1134 3186 1170 3219 in
1185 3195 1368 3232 conspectu

318 3248 379 3278 tuo
405 3242 544 3278 haedum
559 3253 757 3289 caprarum.
789 3242 868 3279 Non
888 3249 1007 3280 autem
1024 3255 1129 3281 omne
1151 3247 1369 3283 sacrificium

319 3302 571 3339 holocaustum
601 3308 699 3347 erat;
718 3313 803 3339 nam
820 3304 864 3340 de
880 3304 1090 3341 holocausto
1118 3316 1191 3342 non
1220 3308 1372 3344 mandu-

319 3364 482 3406 cabatur,
510 3365 595 3410 quia
615 3369 730 3400 totum
750 3365 1022 3409 incendebatur,
1051 3371 1087 3401 et
1107 3365 1186 3402 ideo
1217 3369 1371 3404 vocaba-

318 3427 379 3457 tur
396 3421 661 3457 holocaustum.
688 3421 760 3459 Sed
783 3423 931 3469 angelus
954 3424 1063 3460 etiam
1084 3434 1155 3460 non
1181 3426 1373 3462 manduca-

319 3488 437 3526 turus,
469 3481 719 3517 holocaustum
745 3481 824 3518 fieri
839 3483 960 3529 potius
979 3483 1180 3529 admonuit,
1211 3490 1372 3522 nontam

320 3540 404 3585 sibi,
429 3541 494 3578 sed
512 3540 663 3576 Domino
692 3546 839 3587 propter
865 3542 933 3578 hoc
965 3543 1136 3588 maxime,
1168 3544 1254 3590 quia
1283 3553 1369 3591 gens

319 3602 429 3639 lsrael
443 3602 504 3640 illo
522 3607 683 3650 tempore
697 3609 932 3640 consueverat
948 3605 1167 3651 quibuslibet
1187 3605 1256 3643 diis
1267 3606 1370 3643 falsis

320 3662 540 3700 sacrificare.
573 3663 677 3700 Unde
693 3669 731 3701 et
746 3667 833 3701 tunc
859 3663 1058 3701 offenderat
1079 3664 1209 3711 Deum,
1225 3670 1267 3703 ut
1295 3672 1369 3704 tra-

319 3721 465 3760 deretur
485 3723 643 3762 inimicis
657 3734 722 3772 per
739 3725 979 3774 quadraginta
993 3735 1120 3764 annos.

1445 3012 1515 3048 hoc
1536 3011 1622 3047 fecit
1639 3012 1803 3058 angelus,
1825 3018 1865 3048 ut
1880 3023 1919 3048 se
1939 3012 2145 3048 ostenderet
2161 3011 2352 3057 angelum?
2374 3011 2495 3056 Quod-

1442 3070 1531 3106 libet
1548 3075 1669 3107 autem
1688 3072 1818 3108 horum
1831 3072 1891 3116 sit,
1917 3071 1994 3118 jam
2015 3077 2135 3108 tamen
2161 3071 2308 3119 angelus
2323 3070 2463 3108 dixerat
2480 3084 2489 3108 :

1443 3132 1484 3168 Si
1506 3139 1621 3168 autem
1639 3133 1727 3178 sacis
1744 3133 2001 3178 holocaustum,
2022 3133 2173 3169 Domino
2191 3134 2279 3179 offer
2295 3132 2396 3178 illud,
2423 3135 2493 3171 hoc

1440 3198 1507 3233 est,
1534 3202 1606 3227 non
1621 3193 1710 3228 mihi
1737 3193 1800 3228 sed
1815 3193 1980 3236 Domino,
2004 3193 2106 3237 Quod
2128 3202 2214 3239 ergo
2230 3193 2328 3228 stetit
2346 3194 2492 3239 angelus

1439 3251 1477 3286 in
1508 3251 1632 3286 altaris
1650 3250 1809 3294 flamma,
1842 3252 1957 3296 magis
1991 3251 2214 3296 significasse
2241 3250 2491 3298 intelligendus

1439 3315 1495 3347 est
1527 3310 1627 3346 illum
1652 3311 1773 3356 magni
1794 3309 1935 3346 consilii
1964 3310 2139 3356 Angelum
2169 3310 2206 3345 in
2227 3309 2343 3347 forma
2377 3313 2488 3357 servi,

1439 3372 1509 3407 hoc
1526 3375 1596 3413 est,
1614 3370 1652 3405 in
1667 3369 1812 3405 homine
1829 3379 1936 3415 quem
1955 3374 2186 3415 suscepturus
2203 3376 2294 3413 erat,
2332 3380 2406 3408 non
2428 3382 2491 3408 ae-

1440 3435 1626 3477 cepturum
1659 3429 1891 3473 sacrificium,
1918 3430 1980 3466 sed
2004 3430 2123 3476 ipsum
2149 3431 2365 3468 sacrificium
2392 3432 2490 3469 futu·-

1439 3499 1534 3525 rum.
1577 3487 1668 3532 Quid
1692 3492 1748 3524 est
1773 3488 1868 3534 quod
1905 3487 1951 3524 ad
1969 3488 2144 3525 visionem
2160 3489 2277 3537 angeli
2297 3490 2355 3526 vir
2376 3491 2423 3527 sit
2443 3493 2488 3528 ti-

1440 3548 1582 3592 midus,
1617 3552 1655 3583 et
1684 3547 1815 3583 mulier
1846 3547 1986 3583 audax?
2009 3548 2080 3584 nisi
2097 3548 2194 3595 quod
2219 3547 2323 3585 nobis
2343 3549 2487 3595 quoties
2515 3588 2523 3603 ἦ

1440 3608 1601 3645 coelestia
1619 3608 1923 3652 demonstrantur,
1949 3608 2099 3654 spiritus
2117 3607 2261 3654 quidem
2287 3618 2420 3655 pavore
2446 3617 2487 3647 se
2514 3600 2540 3663 §.³

1439 3668 1626 3711 concutit;
1655 3677 1694 3704 se
1721 3671 1839 3704 tamen
1869 3678 1952 3715 spes
1976 3668 2178 3715 praesumit.
2212 3668 2297 3706 Inde
2331 3675 2486 3716 namque

1438 3737 1520 3776 spes
1535 3729 1581 3766 ad
1594 3728 1733 3776 majora
1749 3730 1912 3768 audenda
1926 3739 1968 3769 se
1984 3729 2106 3778 erigit,
2122 3730 2219 3768 unde
2234 3732 2400 3770 turbatur
2412 3730 2486 3779 spi·
