2540 4016
43 143 112 180 385

637 135 975 176 EXPOSl'rloNES
1000 134 1044 170 {N
1073 133 1341 170 LEVITICUM.
1369 155 1417 162 -
1441 136 1526 172 LlB.
1554 137 1614 174 lv.

2156 139 2229 176 586

45 229 192 255 manum
221 219 259 254 in
284 218 403 264 ignem
423 216 579 258 mittere,
615 223 733 259 neque
752 212 787 248 in
807 210 997 258 praecipitii
1016 209 1097 244 alti·
1114 209 1148 249 A
1166 207 1318 251 habitat,
1339 213 1411 243 tam
1426 213 1467 243 ut
1486 209 1728 244 confundatur
1745 218 1854 254 quam
1884 216 1925 246 ut
1959 211 2078 249 nullus
2109 213 2227 250 socie-

45 280 170 315 tudine
189 279 423 324 semetipsum
443 277 542 318 dare,
560 284 679 320 neque
698 273 797 309 abuti
818 272 938 319 gladio
955 272 991 306 in
1009 270 1099 306 locis

44 338 216 374 vitalibus
234 349 243 381 ;
266 337 295 373 si
314 343 432 372 autem
451 336 527 371 hacc
546 334 616 370 scit
650 332 832 379 quomodo
857 342 927 367 non
946 331 1099 377 amplius

46 386 145 436 norit
160 400 255 446 quod
271 398 435 434 occidere
454 397 589 432 malum
610 395 670 437 sit,
690 394 785 440 quod
805 393 998 430 detrahere
1017 403 1100 439 pes-

46 461 192 505 simum,
234 462 329 508 quod
361 460 549 496 idolothita
588 459 779 495 comedere
807 458 970 503 impium,
991 461 1099 501 atque

46 525 235 561 mullerem
270 524 423 559 alienam
459 522 715 568 concupiscere
753 521 800 557 sit
837 519 1030 565 iniquum?
1059 517 1099 555 Si

46 595 133 631 ergo
170 594 253 620 eum
291 584 458 620 sacerdos
481 583 661 619 maculam
689 582 879 617 habentem
898 579 1016 615 albam
1037 584 1101 614 aut

45 644 164 680 rufam
182 644 218 679 in
242 643 400 687 calvitio,
424 649 486 679 aut
521 643 557 678 in
590 642 774 679 recalvitio
809 640 899 685 ejus,
924 640 958 676 id
975 645 1043 682 est,
1064 639 1101 674 in

46 714 89 739 ea
112 713 192 749 quae
217 709 272 739 est
292 715 336 740 ex
357 709 432 740 toto
453 703 511 739 vel
528 714 571 739 ex
596 708 699 749 parte
719 701 965 748 simplicitate,
983 710 1097 735 evan-

46 764 198 811 gelicam
216 764 273 798 vel
297 763 449 809 legalem
477 773 559 798 eum
582 772 747 798 normam
765 764 978 806 peccantem
1012 768 1101 804 prae-

44 823 247 859 varicatum
267 822 378 859 suisse
411 824 560 869 reperit,
583 822 852 863 condemnabit,
875 821 950 856 sive
976 825 1101 854 conta-

44 883 198 919 minabit
228 893 323 918 eum.
358 883 506 927 Quare?
525 883 608 928 quia
642 881 737 917 haud
773 880 880 916 dubie
903 879 1003 924 lepra
1021 884 1100 913 orta

45 950 102 980 est
120 945 155 980 in
176 944 332 986 calvitio,
353 945 421 987 vel,
443 944 537 979 sieut
556 943 804 988 Septuaginta,
823 941 906 986 quia
928 941 963 975 in
983 940 1101 985 capite

45 1004 124 1049 ejus
138 1004 278 1039 macula
299 1004 375 1048 ejus
399 1003 464 1044 ait,
498 1002 533 1037 id
553 1007 621 1044 cst,
653 1002 738 1046 quia
774 1001 808 1035 in
827 1000 956 1035 validis
982 1006 1018 1035 et
1039 1010 1102 1035 ne-

45 1063 216 1099 cessariis
234 1062 410 1107 peccavit,
439 1062 474 1096 in
502 1061 632 1107 quibus
651 1071 758 1096 nemo
778 1071 934 1106 peccans
955 1061 1100 1096 veniam

44 1126 219 1157 meretur.
242 1119 426 1156 Naturalis
456 1121 553 1156 enim
594 1121 650 1156 lex
674 1121 719 1156 ad
752 1131 861 1166 quam
894 1121 1100 1156 neccssaria

44 1181 134 1228 legis
154 1181 320 1224 tendunt,
345 1187 382 1217 ct
399 1181 511 1217 multo
544 1182 658 1228 magis
676 1182 886 1228 evangelica
904 1188 1098 1228 praccepta,

44 1252 111 1278 nec
142 1241 187 1277 ab
210 1242 399 1277 animabus
430 1242 575 1287 quidem
596 1248 680 1278 sunt
716 1242 830 1278 aliena
859 1243 1098 1288 simplicibus.

47 1301 218 1347 Sequitur
237 1312 245 1336 :
282 1301 487 1349 Quicunque
520 1314 601 1349 erqo
640 1302 838 1338 maculatus
877 1303 983 1349 suerit
1004 1303 1101 1350 lepra

44 1369 77 1398 et
96 1368 277 1409 separatus
303 1363 348 1398 ad
370 1363 555 1398 arbitrium
590 1364 797 1404 sacerdotis,
831 1364 969 1400 habebit
998 1364 1102 1399 vesli-

45 1428 163 1457 menta
192 1422 344 1466 dissuta,
380 1429 483 1468 caput
521 1423 669 1467 nudum,
692 1434 730 1459 os
762 1430 850 1459 veste
886 1430 1098 1468 contectum,

47 1481 338 1523 contaminatum,
376 1492 417 1515 ac
446 1482 628 1517 sordidum
662 1493 697 1517 se
717 1482 880 1518 clamabit
901 1484 994 1518 omni
1016 1490 1102 1518 tcm-

0 1567 1 1587 3
46 1550 129 1584 pore
149 1551 216 1586 qao
238 1540 394 1587 leprosas
426 1548 490 1585 cst,
513 1549 543 1577 ct
575 1543 778 1578 immundas
812 1543 907 1578 solus
932 1544 1102 1580 habitabit

0 1593 1 1600 ’
47 1605 147 1634 extra
168 1606 297 1635 castra.
322 1600 394 1646 (Ex
409 1601 614 1649 Hesychia.)
640 1602 691 1638 Ea
724 1613 804 1647 quae
836 1603 881 1638 ad
900 1603 1029 1640 faciem
1046 1610 1103 1640 cst

49 1660 304 1706 interpretatio
323 1663 451 1698 littera:
472 1663 619 1699 omnino
638 1664 762 1699 multis
794 1664 937 1700 videtur
954 1675 1034 1701 csse
1054 1666 1103 1701 ri-

48 1721 180 1765 dicula,
203 1724 286 1768 quid
321 1725 415 1759 enim
433 1726 579 1770 prodest
612 1727 823 1762 vestimenta
844 1728 1020 1772 dissuere,
1042 1734 1103 1764 aut

49 1789 157 1827 caput
195 1785 330 1820 habere
367 1785 555 1828 nudatum,
593 1797 633 1822 os
670 1790 902 1823 contectum?
938 1789 1011 1825 Nec
1044 1790 1102 1826 ille

47 1842 144 1877 enim
164 1843 225 1887 qni
255 1854 408 1890 corpore
443 1845 605 1891 leprosus
634 1847 780 1883 odorem
816 1850 929 1894 spirat
947 1851 1099 1895 putoris,

47 1906 88 1934 nt
107 1907 204 1937 recte
217 1912 258 1938 os
282 1913 387 1939 suum
410 1904 516 1950 hujus
540 1906 593 1941 rci
613 1907 754 1952 operiat
779 1909 908 1953 gratia,
938 1910 999 1944 scd
1017 1911 1101 1955 quia

46 1959 227 2004 leprosum
260 1962 445 2008 legislator
484 1965 660 2002 intellexit
695 1977 776 2002 eum
803 1968 864 2014 qui
903 1970 1099 2005 secundum

46 2023 218 2068 praedicta
259 2033 405 2071 peccata
443 2027 647 2065 immundus
683 2035 751 2073 cst,
787 2032 994 2066 necessario
1024 2031 1100 2076 ejus

47 2084 194 2120 dissolvi
215 2087 428 2123 vestimenta
464 2090 648 2135 praeccpit,
683 2097 722 2126 ut
748 2101 813 2137 per
837 2092 906 2128 hoc
930 2093 1101 2140 cognosci

46 2145 162 2189 possit
177 2147 261 2191 quia
284 2148 479 2184 dissolutas
500 2150 630 2185 habeat
653 2151 820 2195 virtutes,
861 2159 970 2200 atquc
1005 2155 1102 2190 vires

49 2205 193 2247 animae,
219 2216 296 2251 quac
317 2218 395 2242 cam
414 2209 459 2243 ab
490 2217 578 2245 aestu
602 2216 710 2257 atque
738 2212 816 2258 gelu
836 2214 974 2259 peccati
1000 2221 1102 2259 potc-

49 2270 130 2299 rant
162 2267 357 2302 custodire.
382 2268 522 2305 llabcre
553 2277 670 2307 autem
695 2282 778 2308 eum
797 2279 833 2309 et
865 2280 971 2320 caput
989 2276 1102 2311 nuda-

47 2330 124 2360 tum
145 2327 328 2373 praecepit,
348 2333 388 2363 ut
407 2335 492 2373 pote
510 2330 635 2367 salutis
655 2332 793 2378 galeam
814 2344 886 2369 non
906 2334 1101 2371 habentem

47 2394 155 2429 quant
166 2385 297 2422 Paulus
313 2387 407 2424 inter
428 2389 664 2436 intelligibilia
682 2402 781 2427 arina
798 2395 890 2429 sumi
907 2396 1100 2441 praeccpitt

47 2454 88 2481 os
101 2446 209 2481 ctiam
226 2457 295 2482 non
316 2447 448 2484 frustra
463 2451 596 2496 operiri
615 2452 935 2499 praecepitOEphes.
950 2454 1014 2502 vi).
1031 2454 1102 2491 Sed

47 2506 130 2551 quia
150 2517 231 2542 cum
258 2509 344 2544 mali
369 2510 492 2546 odoris
509 2518 699 2557 peccatum
728 2514 774 2549 sit
792 2519 828 2549 et
845 2524 990 2550 omnem
1019 2526 1102 2560 pra-

46 2578 129 2603 vam
150 2569 292 2604 emittat
308 2571 591 2614 exhalationem,
612 2573 725 2608 multo
743 2574 859 2620 magis
880 2579 1001 2609 tamen
1021 2584 1101 2611 eam

49 2636 128 2671 quae
145 2637 210 2672 per
227 2627 385 2674 linguam
400 2635 456 2665 est
471 2631 644 2675 possidet,
657 2632 761 2667 simul
780 2633 889 2668 etiam
900 2639 935 2669 et
950 2644 970 2668 a
981 2634 1104 2670 docto-

49 2686 114 2721 rali
129 2687 303 2732 dignitate
326 2689 420 2724 hunc
443 2690 505 2734 qui
525 2690 605 2726 talis
632 2697 687 2727 est
715 2693 894 2738 prohibet,
925 2695 1103 2739 quomodo

48 2746 146 2782 enim
172 2747 285 2793 culpoe
303 2758 426 2784 casum
443 2757 623 2793 coerceat,
642 2752 703 2797 qui
725 2757 780 2788 est
795 2753 871 2798 ipse
891 2754 1100 2800 culpabilis3

47 2807 230 2853 quomodo
248 2808 309 2854 qui
325 2808 477 2852 furatur,
493 2811 677 2858 praecipiat
693 2822 763 2847 non
783 2812 896 2848 furari
911 2814 925 2849 ’.Ρ
941 2815 1001 2861 qui
1018 2825 1105 2851 moe·

47 2866 194 2910 ebatur,
203 2866 329 2912 jubeat
345 2879 418 2904 non
435 2871 638 2906 moechari?
654 2871 754 2908 Unde
764 2873 920 2910 etDavid
931 2875 1075 2911 dicebat
1091 2888 1099 2911 :

1167 270 1253 306 tatis
1278 269 1358 316 ejus
1397 270 1564 315 contagio
1602 275 1791 305 noceatur.
1834 269 1938 306 Unde
1961 272 2135 309 Dominus
2157 273 2228 310 Pe-

1167 335 1225 364 tro
1264 330 1308 365 de
1334 339 1377 365 eo
1419 329 1515 375 quod
1547 334 1778 375 peccaverat,
1808 333 1844 364 et
1877 328 2048 364 Ecclesiae
2071 337 2112 366 ut
2139 342 2227 368 cou-

1166 392 1373 423 verteretur
1388 394 1496 434 atque
1507 388 1764 424 emendaretur
1772 388 2166 432 detractabatobedire,
2180 391 2226 426 sit

1167 448 1243 491 tibi,
1254 448 1383 494 inquit,
1398 450 1488 484 sicut
1505 449 1662 484 ethnicus
1682 456 1714 484 et
1724 448 1931 494 publicanus
1947 446 2090 494 (Mami.
2105 449 2224 497 xviii).

1166 509 1464 545 Habitabitextra
1474 515 1594 545 castra
1613 521 1622 544 ε
1641 509 1731 555 legis
1745 509 1878 554 quippe
1893 508 2064 543 mandata
2078 516 2229 553 evange-

1166 571 1246 607 licis
1255 571 1364 606 nimis
1373 576 1457 606 sunt
1470 571 1667 607 secundum
1680 570 1847 616 spiritum
1859 569 2108 605 consonantia.
2126 569 2229 605 Unde

1167 630 1324 668 loannes
1365 641 1539 677 separans
1574 631 1620 666 ab
1655 630 1870 677 intelligibili
1911 630 2146 666 tabernaculo
2176 631 2230 666 in·

1168 692 1390 738 telligibilem
1416 691 1598 737 leprosum
1615 691 1653 726 in
1687 691 1866 727 catholica
1888 691 2051 737 Epistola
2069 691 2196 726 scribit
2217 702 2226 725 ε

1170 752 1374 799 Quicunque
1393 753 1482 788 venit
1497 752 1542 787 ad
1558 763 1630 795 vos,
1651 758 1682 786 et
1695 752 1786 787 hanc
1801 752 1997 787 doctrinam
2024 763 2093 787 non
2110 752 2228 796 affert,

1168 824 1237 848 non
1267 813 1443 860 recipia:is
1472 824 1550 848 eum
1587 813 1625 847 in
1660 812 1822 855 domum,
1855 818 1887 847 et
1907 823 1969 847 ave
1993 813 2025 847 ei
2060 823 2102 846 ne
2130 811 2229 846 dixe-

1168 874 1246 907 ritis
1274 872 1330 919 (II
1348 872 1548 919 Joan.10).
1588 872 1632 907 Et
1658 877 1698 907 ut
1726 872 1804 907 haec
1830 872 1952 907 omnia
1983 870 2125 907 facilius
2154 881 2231 906 mc·-

1167 933 1283 967 moria
1322 933 1579 978 comprehendi
1614 933 1774 978 possint,
1818 933 1978 969 breviter
2010 942 2054 967 ca
2088 933 2230 978 recapi-

1169 990 1315 1026 tulanda
1345 1001 1425 1026 csse
1457 1002 1645 1027 censemus
1664 1019 1674 1035 ,
1710 992 1926 1036 quibusdam
1961 998 2102 1027 tantum
2126 992 2230 1034 locis,

1165 1052 1269 1097 juxta
1295 1052 1389 1096 quod
1408 1052 1443 1086 in
1466 1052 1548 1088 aliis
1571 1059 1780 1088 sanctorum
1809 1053 2087 1097 praedicatorum
2126 1053 2232 1088 dictis

1170 1111 1452 1158 reperiebamus,
1476 1123 1584 1148 sensu
1605 1113 1768 1155 mutatis,
1785 1112 1830 1147 ad
1857 1112 1951 1147 idem
1973 1118 2093 1147 tamen
2112 1122 2234 1147 sacra-

1168 1179 1330 1209 mentum
1355 1184 1420 1220 per
1437 1175 1557 1210 omnia
1590 1174 1881 1220 respicientibus.
1918 1173 2034 1220 Lepra
2067 1173 2233 1209 doctrina

1168 1239 1224 1270 est
1251 1234 1355 1271 falsa.
1394 1235 1551 1271 Proinde
1582 1235 1714 1281 leprosi
1746 1245 1817 1270 non
1840 1235 1997 1271 absurde
2025 1234 2234 1280 intelligun-

1170 1299 1227 1330 tur
1242 1296 1415 1339 haerctici,
1435 1297 1497 1341 qui
1515 1297 1690 1332 unitatem
1709 1307 1803 1332 vera}
1829 1296 1911 1333 fidei
1938 1307 2008 1332 non
2042 1296 2231 1338 habentes,

1168 1359 1289 1394 varias
1310 1359 1493 1394 doctrinas
1525 1359 1742 1405 profitentur
1760 1360 1910 1403 erroris,
1939 1370 2095 1405 veraque
2134 1359 2235 1395 salsis

1170 1418 1488 1460 admiscent‚sicut
1501 1425 1537 1454 et
1552 1420 1652 1464 lepra
1663 1420 1760 1455 veris
1780 1419 1949 1465 falsisque
1970 1421 2058 1456 locis
2077 1421 2233 1456 humana

1169 1488 1323 1523 corpora
1356 1478 1530 1514 variando
1547 1481 1801 1515 commaculat.
1831 1481 1945 1527 lluJus
1968 1482 2107 1518 scilicet
2125 1484 2234 1528 leprxe

1170 1538 1374 1574 invenimus
1410 1539 1654 1585 legislatorem
1678 1550 1741 1575 sex
1762 1541 1900 1586 specics
1931 1541 1966 1576 in
2004 1542 2147 1577 homine
2167 1553 2234 1588 po—

1170 1600 1285 1635 suisse
1305 1612 1312 1635 :
1343 1600 1459 1646 prima
1491 1602 1619 1646 capitis
1643 1608 1678 1637 et
1698 1602 1831 1645 lmrbae,
1852 1604 2010 1638 secunda
2046 1605 2183 1640 calvitii
2198 1611 2234 1641 ct

1170 1661 1429 1704 recalvitionis,
1449 1663 1555 1697 tertia
1571 1662 1691 1698 carnis
1706 1668 1741 1697 et
1761 1663 1869 1706 cutiS,
1887 1669 2016 1708 quarta
2033 1665 2128 1700 cutis
2147 1676 2231 1700 cor-

1170 1722 1281 1767 poris,
1310 1722 1543 1757 ctcicatricis
1570 1723 1660 1758 allice
1678 1734 1759 1758 cuin
1790 1724 1934 1767 rubore,
1961 1725 2084 1770 quinta
2100 1726 2233 1762 ulceris

1170 1787 1206 1818 ct
1229 1782 1421 1826 cicatricis,
1444 1788 1547 1818 sexta
1567 1784 1730 1819 ustionis.
1759 1784 1797 1819 ln
1814 1785 1930 1830 capite
1948 1785 2083 1830 lepram
2098 1792 2234 1831 portat,

1170 1843 1230 1889 qai
1259 1844 1294 1878 in
1313 1844 1499 1879 divinitate
1519 1843 1652 1886 Patris,
1678 1843 1735 1879 vel
1763 1843 1797 1878 in
1816 1844 1892 1889 ipso
1916 1845 2046 1890 capite,
2067 1847 2161 1890 quod
2179 1851 2236 1882 est

1170 1903 1358 1946 Christus,
1381 1909 1507 1950 peccat
1536 1916 1544 1939 :
1579 1904 1691 1948 Caput
1725 1905 1816 1939 enim
1849 1906 1916 1940 viri
1946 1905 2106 1942 Christus
2132 1914 2181 1942 est
2198 1906 2235 1953 (I

1171 1964 1252 1999 Cor.
1276 1964 1343 2010 xi).
1370 1963 1469 1999 Hanc
1486 1964 1623 2009 lepram
1641 1963 1753 1999 Judaci
1770 1965 1967 2008 habent‚ct
1979 1965 2232 2009 Valentiniani,

1119 2011 1148 2051 C
1172 2023 1427 2067 Marcionistae,
1449 2023 1614 2066 Fabiani,
1642 2023 1843 2066 Manichaei,
1862 2024 2002 2066 Ariani,
2023 2025 2233 2068 Sabelliani,

1171 2083 1431 2126 Macedoniani,
1453 2083 1847 2130 Anthropomorphitae,
1868 2085 2096 2129 Priscilliani,
2117 2087 2237 2123 Dona-

1169 2144 1275 2186 tisttc,
1296 2144 1515 2187 Nestoriani,
1553 2145 1782 2191 Eutychiani,
1812 2147 1946 2191 quique
1962 2157 2088 2183 omnes
2107 2148 2142 2183 in
2163 2147 2237 2184 cal-

1170 2205 1269 2240 varia
1286 2205 1421 2251 lepram
1440 2212 1583 2252 gerunt,
1601 2206 1660 2251 qui
1680 2207 1723 2241 de
1737 2207 1910 2252 apostolis
1930 2214 1966 2243 et
1981 2209 2115 2244 sanctis
2129 2208 2237 2244 Chri·

1169 2267 1213 2302 sti
1231 2277 1400 2312 perverse
1411 2267 1546 2313 aliquid
1571 2268 1743 2311 sentiunt,
1765 2274 1874 2314 atquc
1893 2279 1954 2304 eos
1974 2270 2103 2306 salsum
2122 2272 2238 2317 quod-

1169 2326 1257 2362 libet
1271 2327 1489 2372 pracdicasse
1507 2328 1719 2374 contingunt
1742 2341 1749 2363 :
1772 2329 1864 2364 sicut
1885 2330 1980 2364 enim
2000 2330 2111 2365 barba
2126 2341 2234 2365 orna-

1170 2392 1329 2422 mentum
1350 2393 1406 2422 cst
1426 2388 1510 2431 viri,
1528 2389 1578 2423 ita
1596 2389 1730 2424 Christi
1752 2389 1904 2434 apostoli
1931 2395 1968 2424 et
1986 2390 2234 2432 doctores,or-

1170 2454 1379 2483 namentum
1392 2449 1620 2493 estcorporis
1630 2449 1778 2484 Christi.
1802 2449 1838 2483 ln
1854 2459 2006 2494 corpore
2020 2449 2157 2494 lepram
2173 2450 2235 2485 ha-

1170 2507 1270 2548 bent,
1305 2507 1366 2552 qui
1386 2507 1557 2542 Ecclesiae
1573 2507 1778 2549 detrahunt,
1818 2508 1909 2543 sicut
1944 2508 2232 2553 Carpocratiani,

1171 2568 1232 2613 qui
1249 2573 1380 2613 negant
1397 2568 1519 2603 carnis
1540 2569 1868 2612 resurrectioncm;
1904 2570 1999 2604 sicut
2028 2569 2233 2614 Novatiani,

1175 2628 1235 2672 qui
1269 2628 1414 2673 nuptias
1440 2628 1628 2672 damnant,
1654 2634 1690 2664 et
1720 2630 1953 2675 peccantibus
1981 2632 2234 2676 poenitentiam

1172 2694 1326 2735 negant3
1350 2689 1638 2733 sicutEraclitac,
1667 2691 1728 2736 qui
1762 2691 1857 2726 inter
1886 2690 1976 2727 alios
1994 2701 2150 2735 errores,
2177 2703 2236 2729 re-

1172 2758 1279 2794 gnum
1301 2749 1474 2784 coelorum
1495 2750 1664 2795 parvulos
1688 2749 1820 2786 habere
1847 2761 1918 2786 non
1944 2752 2097 2787 credunt
2113 2763 2122 2795 ;
2140 2753 2235 2789 sicut

1171 2807 1297 2843 Ariani
1316 2817 1333 2835 a
1355 2809 1416 2854 qui
1432 2815 1554 2845 vetant
1570 2821 1636 2856 pro
1656 2809 1833 2846 defunctis
1847 2810 1976 2847 offerre
1997 2811 2230 2848 sacrificium.

1172 2869 1210 2905 In
1229 2880 1339 2906 carne
1359 2877 1396 2907 et
1412 2877 1494 2907 cute
1512 2876 1641 2918 gerunt
1669 2871 1820 2918 lepram,
1838 2873 1899 2918 qui
1919 2873 2078 2908 carnalia
2091 2873 2146 2908 vel
2169 2884 2233 2910 ex-

49 2924 233 2964 Peccatori
249 2935 365 2965 autem
395 2930 484 2966 dixit
510 2930 615 2975 Deus,
637 2931 756 2974 Quare
775 2939 813 2968 tu
832 2945 978 2971 enarras
992 2935 1102 2982 justi·
1118 2919 1154 2959 D
1174 2931 1307 2968 teriora
1322 2932 1475 2968 suadere
1497 2937 1688 2975 conantur,
1705 2937 1743 2967 ut
1759 2931 2014 2976 Corintiniani,
2030 2934 2088 2978 qui
2111 2944 2232 2969 resur-

49 2989 117 3026 tias
158 3001 266 3035 meas,
305 2996 338 3027 et
358 2992 508 3028 assumis
548 2998 790 3029 testamentum
826 3006 940 3031 meum
970 3007 1032 3043 per
1063 3009 1101 3033 os

49 3055 148 3086 tuum
165 3059 177 3085 :
196 3057 234 3086 tu
254 3062 331 3087 vero
364 3052 470 3087 odisti
506 3053 742 3100 disciplinam,
778 3062 809 3091 et
826 3057 1006 3102 projecisti
1024 3069 1100 3094 ser-

49 3119 168 3144 mones
186 3121 279 3145 meos
298 3117 376 3156 post
396 3117 428 3146 te
446 3110 560 3159 (Psal.
582 3113 696 3160 xmx).
721 3115 764 3150 Et
782 3116 925 3161 quidem
945 3127 1100 3163 semper,

50 3166 121 3204 hoc
140 3174 208 3213 est,
229 3175 266 3205 et
283 3170 381 3206 omni
415 3175 576 3218 tempore
608 3184 680 3219 quo
710 3174 873 3221 leprosus
891 3181 958 3217 est,
979 3177 1013 3212 id
1032 3182 1100 3221 est,

49 3228 217 3264 omnibus
233 3229 358 3266 diebus
378 3230 510 3276 quibus
546 3231 584 3267 in
618 3242 662 3268 eo
693 3233 802 3270 fuerit
831 3235 984 3271 macula.
1009 3235 1102 3279 Quid

52 3290 138 3333 ergo
170 3298 236 3334 per
255 3289 332 3326 haec
353 3289 564 3337 significat?
589 3292 674 3338 quia
695 3293 763 3330 etsi
796 3295 907 3331 semel
925 3306 1100 3342 peccave-

52 3343 113 3393 rit,
133 3349 276 3387 etiamsi
294 3361 364 3387 non
380 3352 559 3389 addiderit
577 3355 622 3390 ad
637 3357 874 3401 peccandum,
894 3358 1102 3396 immundus

53 3403 173 3444 umen
190 3419 306 3456 usque
323 3412 407 3448 dum
425 3414 602 3459 poeniteat
621 3416 765 3461 dicitur,
786 3419 869 3463 quia
889 3420 967 3455 sine
986 3421 1103 3466 poeni-

56 3456 166 3505 &fitia
182 3468 282 3516 lepra
301 3473 439 3518 peccati
459 3474 617 3519 poenitus
632 3486 704 3512 non
723 3478 929 3520 mundatur,
952 3479 1104 3525 ideoque

30 3533 34 3553 ⁸
55 3520 194 3563 meula
213 3526 449 3575 intelligibilis
477 3527 585 3579 leprae
601 3534 638 3569 in
668 3534 745 3581 ipso
765 3542 899 3572 manet.
919 3537 1101 3574 Praeterea

30 3590 34 3607 ⁸
55 3575 165 3659 '‘oss‘
180 3585 356 3634 topi-osus,
377 3591 414 3628 id
440 3598 513 3637 est,
530 3601 700 3640 peccator
733 3596 832 3633 solus
852 3607 894 3633 ac
913 3603 1109 3644 separatus

1170 2993 1368 3029 rectionem
1402 2993 1559 3028 futuram
1591 2993 1628 3028 in
1658 2993 1780 3029 carnis
1799 2994 1982 3040 voluptate
2007 2995 2231 3039 existimant,

1169 3055 1226 3090 vel
1238 3055 1331 3091 sicut
1348 3054 1474 3090 Ariani
1493 3055 1553 3101 qui
1568 3054 1692 3091 dicunt
1711 3055 1746 3091 in
1764 3055 1833 3091 fide
1850 3057 2092 3098 manentibus,
2105 3066 2231 3101 quam-

1169 3115 1225 3150 vis
1245 3115 1440 3151 carnaliter
1457 3115 1594 3158 vivant,
1617 3126 1690 3150 non
1714 3125 1821 3160 posse
1846 3116 2048 3160 computari
2067 3121 2229 3161 peccata.

1170 3174 1209 3210 ln
1229 3175 1400 3211 cicatrice
1418 3176 1534 3211 sanati
1558 3175 1691 3211 ulceris
1716 3175 1853 3220 lepram
1888 3180 2021 3220 portat,
2047 3174 2108 3219 qui
2146 3181 2230 3219 post

1171 3235 1414 3281 cognitionem
1449 3241 1486 3271 et
1513 3235 1726 3271 medicinam
1755 3234 1817 3269 Dei
1842 3239 1877 3269 et
1897 3233 2227 3269 manifestationem

1170 3297 1253 3333 fidei
1272 3308 1381 3343 quam
1396 3297 1431 3333 in
1446 3297 1592 3333 Christo
1612 3296 1784 3340 suscepit,
1803 3304 1946 3330 rursum
1967 3294 2002 3328 in
2034 3293 2110 3338 ipsa
2131 3293 2228 3330 cica-

1170 3358 1263 3394 trice
1296 3358 1455 3393 ostendit
1480 3356 1625 3401 aliquod
1654 3352 1984 3395 indiciumserroris
2008 3352 2139 3397 prioris
2165 3359 2228 3390 aut

1170 3417 1360 3462 perfidiam
1375 3417 1552 3462 dogmatis
1569 3414 1714 3450 veteris.
1755 3413 1792 3447 ln
1809 3421 1918 3447 carne
1943 3411 2023 3447 viva
2043 3418 2160 3460 gestat
2177 3413 2228 3448 lc·

1171 3485 1289 3521 pram,
1310 3475 1371 3521 qui
1400 3475 1444 3510 de
1480 3473 1614 3514 amma,
1646 3481 1725 3516 quae
1743 3471 1816 3506 vita
1840 3475 1896 3507 est
1925 3472 2058 3514 carnis,
2081 3472 2228 3519 aliquod

1174 3535 1304 3571 salsum
1322 3534 1520 3576 existimat,
1555 3533 1648 3568 sicut
1666 3531 1898 3576 Luciferiani‚
1924 3533 1985 3579 qui
2002 3533 2127 3570 dicunt
2148 3533 2229 3569 ani-

1174 3606 1272 3632 mam
1297 3595 1341 3632 de
1365 3594 1486 3631 carnis
1502 3593 1708 3630 substantia
1738 3600 1992 3641 propagatam;
2026 3593 2225 3631 sicutAra-

105 3669 300 3723 ⁸>th
329 3679 367 3717 in
397 3691 466 3719 ms.
486 3706 499 3728 ,
527 3683 566 3720 in
591 3684 768 3732 impresso
787 3690 908 3724 autem
926 3686 1078 3735 „Isidoro
1095 3714 1106 3732 ‚
1134 3685 1290 3722 Eritium·
1303 3695 1317 3729 ‚·
1359 3683 1423 3723 sed
1459 3683 1648 3731 legendum
1673 3687 1762 3730 puto
1790 3682 1948 3728 Aen-iani,
1975 3693 2127 3731 quorum
2147 3685 2225 3723 haee

31 3722 35 3745 ¹
60 3715 130 3755 tuit
141 3710 300 3759 iubetis.
