2540 4016
305 131 398 170 1219

302 263 371 301 nisi
392 264 515 307 aperte
534 262 570 294 et
587 256 772 293 humiliter
791 265 892 290 suam
912 254 1148 300 ignorantiam
1165 252 1357 300 profiteri?

302 325 353 360 Ac
374 323 403 358 si
423 324 590 369 patenter
606 318 700 354 dicat
721 314 836 359 :Quid
863 315 1008 358 mirum,
1028 313 1058 350 si
1090 314 1179 349 mihi
1199 313 1258 349 ille
1273 320 1357 359 pro-

300 384 394 420 latus
419 385 488 424 est,
506 389 612 426 quem
642 380 724 425 post
754 385 812 411 me
826 374 972 421 quidem
999 378 1126 409 natum
1150 374 1353 419 considero,

299 443 363 481 sed
380 440 581 480 nativitatis
597 437 677 486 ejus
695 427 908 485 mysterium
923 446 996 473 non
1015 436 1272 484 apprehendo?

686 525 842 563 CAPUT
869 525 961 562 XIV.

298 604 400 649 Quod
418 602 516 639 Booz
537 610 658 636 coram.
674 599 818 636 testibus
839 599 991 645 firmavit
1016 599 1160 645 nuptias
1188 597 1297 642 Rath,
1319 601 1354 632 et

415 649 509 697 quod
540 648 592 684 ets
616 647 731 683 cuncti
756 645 1035 693 deprecabantur
1053 656 1230 692 prospere.

344 737 461 786 (nnn.)
494 737 539 772 At
565 735 624 772 ille
645 735 840 782 majoribus
860 741 945 770 natu
970 739 1003 769 et
1018 734 1178 770 universo
1198 733 1353 780 populo:

297 799 411 836 Testes
429 810 500 843 vos,
516 798 643 844 inquit,
660 797 740 832 estis
758 795 873 838 hodie,
889 795 982 842 quod
995 795 1206 842 possederim
1221 794 1352 838 omnia,

294 872 371 907 quse
389 861 531 907 fuerunt
546 857 737 894 Elimelech
755 863 787 891 et
806 855 956 891 Cheleon
966 862 997 891 et
1008 855 1047 890 tt
1049 855 1178 890 altalon
1195 854 1353 890 tradente

297 921 437 964 Noemi,
458 926 489 955 et
516 919 611 954 Ruth
632 917 860 954 Moabitidem
882 927 1027 952 uxorem
1048 914 1191 950 Naalon
1210 915 1246 949 in
1272 925 1353 950 con-

288 981 430 1026 jugium
454 977 674 1024 sumpserim,
711 984 749 1012 ut
780 977 942 1012 suscitem
973 986 1099 1011 nomeu
1131 975 1288 1021 defuncti
1317 975 1354 1009 in

294 1040 496 1075 hcereditate
520 1050 597 1081 sua,
627 1049 669 1073 ne
684 1037 891 1073 vocabulum
912 1037 988 1082 ejtts
1008 1036 1049 1070 de
1066 1035 1203 1081 familia
1230 1046 1295 1070 sua
1313 1045 1353 1069 ac

738 122 780 158 Β.
807 119 978 157 RABANI
1002 119 1150 159 MAURI
1177 116 1393 156 ARcmEP.
1421 116 1628 156 meum.
1653 115 1843 155 OPERUM
1867 116 1988 155 PARS
2011 118 2042 156 1.
2376 119 2399 160 1

303 205 386 241 Non
410 211 486 237 sum
504 200 629 245 dignus
649 198 778 233 solvere
800 194 987 242 corripiam
1018 193 1243 231 calceamenti
1260 195 1351 241 ejus,
1372 200 1406 242 Α
1423 203 1507 230 nem
1522 189 1588 231 bei
1604 193 1940 241 contemplabimur.
1959 193 2026 230 Lia
2041 199 2198 250 namque
2212 170 2476 250 interpr&

1426 253 1589 291 latrat-ans
1600 266 1613 299 ,·
1634 254 1770 291 Rachel
1790 259 1925 299 aum,
1941 253 2291 315 wemmam,
2311 256 2389 295 sive
2402 259 2486 299 m

1425 314 1518 352 bum.
1545 315 1650 352 Actio
1667 325 1753 363 ergo
1767 316 1874 360 hujus
1891 315 1990 359 vitae,
2010 315 2050 352 in
2064 307 2305 362 quiremus
2325 327 2372 353 ex
2414 340 2415 343 =

1421 375 1604 413 laboriosa
1621 381 1678 413 est
1703 376 1741 412 in
1763 377 1934 424 operibus
1949 381 1986 412 et
2014 375 2171 421 iucem,
2185 382 2265 424 qn
2275 378 2376 415 exitu
2392 385 2487 426 per-

1421 437 1545 473 'v'eniat
1563 435 1609 472 ad
1635 434 1830 471 utilitatem
1857 438 1996 479 eol-um,
2016 434 2149 482 quibus
2170 436 2362 476 mre
2378 447 2425 475 vo
2469 472 2477 479 .

1420 504 1516 532 mus.
1539 495 1622 542 Ipsa
1644 498 1700 530 est
1721 493 1801 538 lja,
1818 493 1921 539 prior
1944 503 2038 530 uxor
2051 493 2184 538 Jacob,
2209 498 2334 542 aeper
2348 497 2421 535 hoe
2484 493 2485 497 ’

1421 557 1576 594 infirmis
1608 556 1725 593 oculis
1751 555 1865 593 ruisse
1895 563 2218 603 commemoratur:
2251 560 2491 606 capitation-

1421 619 1514 653 enim
1527 616 1730 654 mortalium
1743 617 1935 660 ttmidoeaet
1953 616 2094 654 ἔπειτα
2109 618 2333 664 providentiae
2349 625 2479 656 nostre

1423 678 1524 726 (Sap.
1543 678 1610 726 tx).
1647 677 1737 725 Spes
1764 688 1852 714 vero
1881 683 2024 715 aeternae
2050 679 2368 726 completionis
2397 680 2476 724 Dei,

1421 740 1560 776 habens
1580 745 1715 776 certam
1735 739 2011 785 intelligentiam
2030 740 2207 784 veritatis,
2231 741 2310 787 ipsa
2329 746 2384 778 est
2405 741 2478 777 Ra-

1421 801 1517 844 chel,
1537 801 1631 836 unde
1646 801 1758 836 etiam
1773 799 1908 836 dicitur
1920 799 2013 835 bona
2030 799 2119 845 facie
2141 806 2175 836 et
2193 800 2342 846 pateam
2366 802 2478 848 specie

1423 860 1524 909 (Gen.
1548 862 1665 908 xxix).
1689 859 1791 896 Hanc
1813 860 1910 897 enim
1940 864 2038 895 amat
2055 860 2177 896 omnis
2196 860 2257 906 pie
2278 860 2477 905 studiosus,

1422 928 1458 959 et
1471 927 1620 969 propter
1634 922 1728 958 hanc
1745 922 1856 958 servit
1870 922 1994 967 gratiae
2006 920 2084 965 Dei,
2103 930 2173 966 qua
2186 926 2328 967 peccata
2342 927 2478 966 nostra,

1422 985 1486 1020 etsi
1507 984 1636 1029 fuerint
1669 984 1759 1019 sicut
1796 983 2019 1029 phoenicium,
2048 989 2215 1029 tanquam
2239 983 2304 1019 nix
2337 983 2479 1020 dealba-

1424 1044 1553 1079 buntur
1572 1042 1663 1091 (Isa.
1682 1042 1725 1090 1).

294 1099 462 1146 fratribus
481 1104 512 1134 et
531 1098 657 1145 populo
688 1097 871 1138 deleatur;
891 1108 961 1137 vos,
984 1097 1140 1141 inquam,
1166 1096 1271 1139 liujus
1299 1095 1349 1129 rei
1367 1103 1399 1143 Β
1465 1104 1616 1151 Fiatque
1639 1103 1761 1139 domm
1794 1102 1874 1150 tuq,
1909 1102 1998 1138 sicut
2034 1102 2157 1137 domus
2187 1100 2343 1147 phares,
2376 1115 2478 1150 quem

294 1166 394 1196 testes
426 1160 520 1194 estis.
560 1157 752 1203 Respondit
784 1156 895 1191 omnis
926 1154 1088 1201 populus,
1116 1155 1175 1201 qui
1202 1160 1277 1190 erat
1312 1155 1349 1189 in

292 1226 406 1266 porta,
423 1225 454 1254 et
473 1218 624 1264 majores
640 1221 724 1250 natu
739 1226 750 1249 :
768 1214 844 1249 Nos
860 1219 958 1249 testes
975 1225 1109 1249 sumus.
1126 1215 1219 1266 Boot
1238 1220 1349 1250 testes

293 1281 336 1316 de
359 1278 537 1325 acquisita
565 1275 634 1312 sibi
655 1274 815 1320 legitime
831 1284 944 1309 uxore
963 1273 1122 1309 defuncti
1148 1279 1184 1308 et
1203 1273 1248 1308 de
1266 1284 1350 1319 pos-

293 1350 391 1376 sessa
406 1336 607 1374 substantia
616 1334 767 1370 Cbeiion
779 1339 814 1368 et
829 1333 1010 1375 Malialon,
1027 1332 1192 1367 tradente
1206 1332 1347 1374 Noemi,

293 1400 460 1439 adhibet:
481 1398 565 1443 quia
597 1395 763 1432 Cin-istus
793 1403 838 1430 ex
859 1399 1015 1438 utroque
1035 1392 1267 1428 Testamento
1296 1397 1350 1428 te-

291 1459 544 1496 stificationem
569 1455 805 1492 sufficientem
831 1455 952 1497 habet,
976 1455 1074 1500 qnod
1091 1454 1250 1500 gentium
1274 1458 1351 1499 ple·

290 1520 387 1563 bem,
419 1528 530 1564 quam
558 1516 757 1562 Decalogus
788 1515 911 1551 finitus
940 1514 983 1550 ad
1014 1515 1187 1561 spiritalis
1216 1515 1350 1551 sobolis

291 1578 579 1625 procreationem
602 1576 802 1622 perducere
826 1584 900 1610 non
919 1574 1051 1619 potuit,
1074 1574 1166 1609 hanc
1192 1573 1269 1618 ipse
1286 1583 1348 1609 se-

292 1640 389 1675 mine
417 1638 519 1674 verbi
550 1636 782 1672 fecundatam
813 1634 990 1680 spiritalis
1028 1633 1201 1680 germinis
1231 1633 1350 1669 effecit

291 1703 494 1748 parentem,
519 1697 640 1734 omnia
659 1696 847 1743 possidens
859 1705 941 1741 qua:
956 1694 1096 1739 priores
1115 1700 1151 1730 et
1172 1696 1349 1741 posterio-

289 1771 354 1805 res
372 1760 490 1797 sancti
521 1759 565 1796 de
582 1758 758 1795 virtutum
783 1757 1012 1804 possessione
1038 1757 1243 1800 habuerint,
1263 1757 1349 1802 quia

289 1812 430 1866 a‘dejus
443 1819 595 1868 gloriam
622 1824 659 1856 et
681 1819 889 1864 largitatem
914 1818 1071 1863 pertinet
1094 1818 1269 1864 quidquid
1288 1828 1349 1854 us—

289 1889 398 1929 quam
428 1887 490 1917 aut
510 1891 669 1927 unquam
688 1891 784 1917 verae
812 1881 998 1927 dignitatis
1019 1885 1055 1916 et
1086 1880 1236 1915 honoris
1265 1879 1345 1914 suit.

288 1944 419 1979 Decem
437 1948 557 1979 autem
569 1941 749 1987 majorum
765 1946 851 1977 natu
866 1939 1070 1977 benedictio
1086 1939 1156 1975 hoc
1169 1940 1345 1983 ostendit,

1420 1164 1574 1200 Thamar
1597 1166 1727 1210 peperit
1758 1163 1854 1198 juda
1886 1162 1928 1198 de
1954 1162 2097 1206 semine,
2130 1162 2222 1207 quod
2250 1162 2384 1199 dederit
2416 1163 2478 1200 tibi

1418 1226 1588 1260 Dominus
1605 1236 1646 1259 ex
1663 1224 1728 1258 hac
1739 1222 1868 1269 puella.
1880 1222 2144 1258 Convenienter
2160 1223 2304 1268 quidem
2319 1223 2356 1260 in
2370 1224 2478 1261 hene-

1418 1284 1575 1319 dictione
1591 1282 1685 1318 Booz
1704 1292 1786 1317 cum
1803 1281 1902 1316 Ruth
1920 1280 2057 1318 Phares
2073 1281 2245 1319 nativitas
2262 1284 2305 1319 de
2321 1284 2479 1321 Thamar

1418 1347 1733 1384 commemoratur,
1756 1342 1841 1388 quia
1862 1341 1921 1378 ille
1943 1342 2065 1389 populi
2087 1343 2230 1389 gentilis
2254 1343 2407 1390 figuram
2425 1350 2478 1381 te-

1417 1404 1496 1438 nuit
1526 1403 1562 1438 in
1586 1412 1629 1439 eo
1660 1403 1755 1448 quod
1783 1404 1956 1450 praevenit
1988 1403 2025 1439 in
2053 1409 2160 1450 partu
2189 1403 2343 1441 fratrem
2373 1415 2478 1441 suum

1418 1463 1509 1499 Zara
1527 1463 1628 1510 (Gen.
1661 1462 1830 1510 xxxvnt),
1850 1463 1910 1510 qui
1933 1464 2034 1510 prius
2054 1464 2155 1500 misit
2183 1474 2332 1501 manum
2359 1476 2477 1512 suam,

1417 1524 1454 1560 in
1483 1534 1553 1570 qua
1577 1524 1752 1559 obstetrix
1783 1524 1906 1570 ligavit
1940 1525 2139 1569 coccinum,
2169 1525 2233 1562 sed
2251 1525 2313 1562 illo
2330 1535 2479 1562 manum

1417 1584 1636 1620 intrinsecus
1659 1584 1880 1627 retrahente,
1906 1585 2095 1630 posterior,
2118 1585 2180 1630 qui
2208 1584 2344 1621 Phares
2372 1595 2477 1622 voca-

1417 1649 1489 1687 tur,
1511 1644 1674 1690 porrexit
1692 1653 1853 1687 manum,
1873 1649 1909 1680 et
1926 1645 2106 1681 nascendo
2122 1646 2309 1691 processit.
2327 1646 2478 1693 Figura-

1416 1705 1499 1741 liter
1518 1706 1650 1752 quippe
1673 1706 1742 1741 hoc
1762 1706 1935 1749 ostendit,
1951 1707 2047 1752 quod
2070 1706 2180 1743 Israel
2205 1707 2243 1743 in
2262 1707 2351 1754 legis
2368 1717 2478 1753 opera

1416 1779 1563 1804 manum
1583 1779 1685 1805 suain
1703 1769 1841 1815 primus
1865 1769 2016 1812 miserit,
2047 1774 2084 1805 et
2110 1779 2191 1805 eam
2219 1770 2477 1816 prophetarum

1417 1835 1453 1866 et
1485 1830 1597 1876 ipsius
1634 1830 1831 1867 Salvatoris
1863 1830 2038 1877 pollutam
2069 1841 2199 1868 cruore
2231 1832 2472 1876 contraxerit;

1416 1898 1541 1938 postea
1560 1903 1646 1929 vero
1669 1893 1873 1939 proruperit
1892 1892 2044 1939 populus
2068 1894 2240 1940 gentium,
2272 1893 2407 1930 scilicet
2435 1898 2476 1930 ut

1416 1952 1527 1988 futuri
1548 1957 1667 1988 essent
1691 1953 1877 1989 novissimi
1899 1954 2074 1999 quierant
2099 1955 2219 2001 primi,
2238 1960 2273 1991 et
2290 1955 2397 2001 primi
2421 1955 2477 1991 su-

289 2005 326 2039 in
344 2004 491 2040 nomine
513 2002 598 2039 «Iesu
618 2012 746 2039 omnes
767 2012 846 2038 esse
867 2007 991 2048 gentes
1015 2001 1208 2037 salvandas
1225 2011 1267 2036 30
1286 2001 1348 2037 be·
1365 1998 1395 2039 C
1417 2013 1490 2048 turi
1507 2018 1627 2048 essent
1645 2013 1706 2058 qui
1723 2020 1825 2048 erant
1845 2014 2030 2049 novissimi
2051 2014 2194 2061 (ΜαιεΙι.
2215 2016 2290 2062 xx).
2311 2016 2384 2051 Nec
2403 2026 2475 2053 non

288 2063 521 2099 nedicendas.
550 2063 631 2098 Iota
652 2063 748 2098 enim
780 2062 874 2108 apud
892 2061 1042 2098 Graecos
1070 2062 1188 2096 decem
1212 2061 1347 2107 sign-ili-

289 2128 363 2166 cat,
391 2132 471 2167 quae
495 2123 613 2168 prima
641 2123 762 2158 littera
792 2123 950 2157 nominis
970 2122 1112 2156 Domini
1132 2120 1218 2157 Jesu
1248 2131 1346 2156 sum-

289 2192 386 2219 mam
409 2182 631 2228 praescripsit
648 2190 657 2215 :
677 2191 757 2226 quae
776 2191 849 2222 res,
869 2187 910 2214 ut
925 2181 1096 2222 diximus,
1116 2190 1243 2215 omnes
1257 2189 1344 2225 gen-

288 2250 343 2280 tes
371 2253 437 2289 per
467 2243 587 2288 ipsum
608 2241 799 2277 salvandas
825 2251 867 2275 ac
887 2239 1151 2275 benedicendas
1177 2249 1257 2274 esse
1289 2240 1346 2274 de-

288 2307 480 2341 monstrat.
515 2300 569 2337 Ne
595 2301 733 2337 dubitet
751 2310 838 2346 ergo
861 2299 1039 2344 quispiam
1067 2299 1158 2341 haec,
1180 2305 1220 2333 nt
1250 2299 1345 2334 dicta

289 2370 387 2408 sunt,
407 2363 572 2406 credere,
604 2371 686 2398 cum
706 2361 826 2397 videat
845 2360 1015 2396 universa
1041 2365 1077 2396 et
1106 2361 1151 2396 ab
1175 2360 1279 2395 initio
1307 2360 1347 2395 fi-

289 2426 388 2472 guris
409 2423 706 2461 antecedentibus
725 2422 976 2468 praecurrisse,
1001 2426 1038 2457 et
1063 2431 1129 2466 per
1152 2421 1345 2457 adventum

290 2484 433 2521 Domini
461 2482 693 2519 manifestata
721 2487 758 2518 et
792 2482 984 2528 adimpleta
1016 2482 1068 2517 sie
1086 2492 1183 2523 esse,
1209 2487 1246 2517 et
1268 2492 1348 2528 quae

290 2557 399 2592 super
420 2551 517 2589 sunt,
533 2546 603 2582 hoc
622 2545 730 2581 modo
746 2544 975 2591 pessicienda,
996 2545 1030 2580 in
1050 2545 1202 2581 veritate
1218 2555 1348 2581 conso-

290 2606 459 2642 nantibus
473 2605 641 2642 omnibus
662 2605 810 2641 vocibus
827 2611 864 2641 et
880 2605 1005 2651 liguris
1024 2612 1229 2642 sanctarum
1250 2605 1348 2642 Scri-

289 2672 492 2711 pturarum‚
519 2670 555 2701 et
571 2664 728 2710 impletis
757 2665 814 2700 his
838 2675 917 2710 quae
936 2665 1118 2711 pollicitus
1143 2670 1198 2701 est
1216 2675 1282 2711 per
1307 2666 1348 2701 fi-

290 2723 378 2759 lium
405 2734 509 2759 suum
529 2723 654 2760 Jcsum
687 2723 885 2768 Christum,
921 2724 1128 2768 Dominum,
1148 2725 1285 2772 Regem
1313 2731 1348 2762 et

291 2784 516 2822 salvatorem
534 2790 711 2821 nostrum.

339 2860 467 2899 Faciat
492 2861 662 2897 Dominus
700 2862 790 2897 lianc
818 2862 1013 2907 mulierem,
1047 2874 1124 2909 quce
1154 2865 1399 2932 ingrediturn

292 2921 433 2960 domum
449 2928 565 2967 tuam,
596 2923 684 2959 sieut
702 2920 834 2958 Rachel
851 2930 883 2959 et
918 2923 1032 2967 Liam,
1053 2936 1130 2971 quae
1154 2925 1347 2970 certificave-

292 2986 374 3017 runt
393 2980 535 3019 domum
546 2980 674 3024 Israel,
691 2987 728 3016 ut
742 2983 788 3016 sit
803 2982 998 3027 exemplum
1012 2984 1151 3018 virtutis
1163 2985 1198 3018 in
1216 2983 1246 3018 E
1246 2985 1350 3029 phra-

292 3037 366 3081 ιΙια,
385 3042 419 3072 et
438 3036 563 3073 habeat
583 3037 713 3071 celebre
734 3048 858 3072 nomen
875 3039 913 3074 in
931 3038 1121 3075 Bethleem.
1137 3040 1269 3079 Omnis
1283 3054 1349 3090 po-

292 3098 398 3145 pulus
415 3102 623 3136 sanctorum
641 3097 861 3144 imprecatur
879 3109 1053 3146 prospera
1072 3101 1245 3140 Ecclesiae
1262 3114 1348 3151 gen-

294 3159 398 3203 tium,
421 3162 600 3204 quatenus
618 3158 782 3194 eamdem
794 3159 948 3204 gratiam
974 3159 1219 3207 fecunditatis,
1240 3174 1348 3210 quam

293 3218 455 3256 habuere
477 3217 587 3269 primi
614 3222 784 3263 parentes
808 3217 932 3265 stirpis
958 3219 1216 3265 Israelitarum‚
1253 3223 1349 3259 hanc

296 3277 367 3314 ista
384 3277 539 3325 pleniter
561 3277 750 3324 pereipiat.
774 3277 819 3313 Et
836 3278 922 3324 quia
950 3279 1010 3314 hic
1032 3285 1157 3326 partus
1178 3282 1349 3328 spiritalis

296 3343 366 3384 est,
385 3339 471 3384 quid
490 3348 556 3385 per
577 3338 643 3374 has
667 3339 858 3386 praedictas
878 3340 1048 3377 mulieres
1071 3341 1222 3388 mystice
1237 3343 1348 3389 signi-

297 3399 441 3443 ficetur,
457 3399 635 3439 dicamus.
663 3399 876 3446 Quanquam
894 3401 991 3436 enim
1011 3401 1090 3437 dune
1110 3401 1233 3438 liberae
1259 3413 1352 3438 uxo-

298 3470 359 3498 res
371 3459 481 3502 {acob
502 3461 548 3497 ad
561 3460 701 3500 Novum
720 3461 1005 3506 Testamentum,
1024 3473 1068 3500 eo
1081 3464 1177 3510 quod
1190 3464 1227 3499 in
1242 3462 1351 3504 liber-

298 3525 376 3561 tate
398 3522 519 3559 ¹uocati
538 3532 677 3567 sumus,
701 3522 956 3561 existimentur
978 3525 1175 3571 pertinere,
1196 3536 1268 3567 non
1294 3531 1352 3568 ta-

299 3591 386 3620 men
401 3581 540 3620 frustra
562 3583 643 3620 duae
673 3588 771 3627 sunt,
799 3584 868 3620 nisi
886 3585 970 3631 quia
999 3585 1078 3622 duae
1092 3586 1175 3623 vitae
1195 3586 1299 3626 nobis
1317 3586 1356 3624 in

301 3640 438 3685 Christi
463 3653 618 3691 corpore
633 3645 879 3691 praedicantur
895 3658 903 3682 ε
921 3656 991 3682 una
1011 3646 1158 3684 uuidem
1175 3653 1356 3699 tempora-

301 3701 350 3739 lis
365 3705 487 3752 inqua
510 3705 746 3766 laboramus}
770 3706 841 3746 alia
869 3713 1018 3753 aeterna,
1039 3719 1077 3747 m
1094 3718 1165 3756 qua
1191 3709 1355 3755 dilectio-

1413 2080 1449 2111 et
1468 2075 1586 2120 ipsum
1606 2085 1737 2111 nomen
1765 2073 1919 2109 Thamar
1939 2075 1983 2108 ad
2010 2073 2104 2109 idem
2136 2075 2349 2122 mysterium
2378 2087 2475 2113 com-

1411 2135 1523 2180 petit,
1542 2145 1627 2169 nam
1647 2135 1807 2168 Thamar
1831 2140 2048 2168 commutans
2081 2134 2341 2179 interpretatur
2356 2162 2366 2179 ,
2398 2136 2475 2174 sive

1414 2193 1636 2234 amaritudo;
1655 2203 1740 2238 ergo
1758 2198 1901 2228 mutans
1927 2193 2103 2237 habitum,
2127 2199 2242 2230 mutat
2262 2201 2298 2230 et
2322 2206 2472 2242 nomem

1414 2253 1497 2298 quia
1509 2263 1588 2298 quae
1602 2251 1670 2287 fuit
1684 2258 1766 2288 ante
1782 2253 1818 2288 in
1834 2253 2034 2289 idololatria
2052 2254 2147 2290 foeda
2163 2260 2198 2291 et
2213 2266 2350 2301 amara,
2368 2257 2475 2295 modo

1414 2312 1452 2348 in
1471 2312 1684 2358 poenitentia
1705 2311 1744 2347 sit
1767 2312 1896 2348 dulcis.
1918 2312 1988 2349 Sed
2012 2314 2106 2358 quod
2125 2313 2162 2350 in
2185 2324 2228 2350 ea
2243 2325 2392 2361 prorsus
2411 2326 2475 2354 no-

1414 2383 1498 2408 men
1518 2373 1768 2409 amaritudinis
1787 2379 1921 2418 manet,
1940 2385 2011 2411 non
2031 2375 2125 2412 illius
2147 2381 2202 2412 est
2225 2377 2474 2415 amaritudinis

1415 2432 1451 2468 in
1475 2443 1546 2478 qua
1564 2422 1715 2469 Domino
1740 2432 1788 2469 fel
1813 2434 2042 2478 ministravit,
2063 2437 2126 2472 sed
2145 2436 2240 2472 illius
2262 2437 2297 2472 in
2320 2431 2475 2484 qua'Pe-

1415 2498 1493 2530 trus
1512 2503 1633 2529 amare
1654 2493 1769 2537 ssevit;
1789 2504 1872 2529 nam
1891 2499 1927 2530 et
1951 2495 2040 2531 tuda
2059 2495 2187 2532 Latine
2207 2497 2378 2542 confessio
2399 2503 2473 2542 est;

1417 2554 1634 2591 confessioni
1654 2565 1739 2602 ergo
1757 2556 1959 2592 amaritudo
1979 2556 2187 2600 misceatur,
2207 2562 2247 2592 ut
2261 2568 2346 2593 vera
2363 2558 2477 2604 poeni-

1417 2616 1530 2652 tentia
1549 2616 1801 2662 praesignetur.
1831 2616 1907 2652 Hac
1928 2617 2140 2663 poenitentia
2170 2616 2382 2654 secundatur
2405 2618 2475 2654 Ec-

1418 2677 1527 2713 clesia
1559 2678 1595 2712 in
1626 2678 1793 2715 omnibus
1827 2677 1993 2724 gentibus
2024 2678 2220 2714 constituta
2246 2690 2254 2714 :
2289 2679 2477 2726 Oportebat

1418 2739 1508 2773 enim
1524 2737 1700 2773 Christum
1714 2739 1788 2785 puli
1804 2744 1836 2774 et
1856 2749 2032 2786 resurqere
2046 2739 2148 2774 tertia
2163 2739 2231 2783 die,
2247 2745 2279 2774 et
2290 2739 2477 2786 proedieari

1417 2801 1455 2835 in
1484 2801 1621 2835 nomine
1643 2799 1720 2846 ejus
1748 2800 1987 2846 poenitentiam
2012 2804 2044 2835 et
2065 2800 2301 2836 remissionem
2319 2804 2478 2845 peccato-

1420 2870 1497 2894 rum
1528 2870 1589 2905 per
1623 2870 1739 2894 omnes
1775 2864 1907 2905 qentes,
1934 2859 2176 2905 incipientibus
2206 2858 2247 2893 ab
2278 2857 2477 2894 Jerusalem

1418 2918 1517 2966 (Luc.
1541 2918 1654 2966 xx1v).
1680 2918 1769 2954 Nam
1789 2925 1824 2954 et
1846 2919 1922 2966 ipse
1945 2918 2087 2955 habitus
2107 2917 2310 2955 meretricis
2333 2917 2478 2954 conses-

1417 2979 1470 3015 sio
1499 2984 1555 3014 est
1580 2984 1834 3025 peccatorum3
1872 2984 1995 3028 typum
2024 2978 2156 3029 quippe
2185 2978 2355 3017 Ecclesiae
2386 2977 2479 3024 gerit

1419 3042 1579 3078 Thamar
1595 3052 1639 3078 ex
1672 3042 1838 3090 gentibus
1854 3047 2012 3080 evocatae
2031 3040 2134 3088 (Gen.
2165 3041 2318 3089 xxxviii)
2350 3041 2479 3078 sedens

2516 783 2526 803 ρ

2519 804 2531 869 3

1419 3112 1501 3138 cum
1534 3103 1603 3139 hoc
1638 3103 1762 3140 habitu
1782 3103 1827 3140 ad
1845 3107 1986 3150 portam
2002 3103 2115 3138 Evam
2133 3102 2190 3139 vel
2206 3101 2363 3144 Enahin‚
2383 3101 2479 3147 quod
2519 3095 2524 3098 ”

1417 3161 1676 3207 interpretatur
1695 3162 1806 3208 sontes
1823 3171 1836 3197 .·
1856 3161 2015 3198 cucurrit
2034 3162 2146 3205 enim,
2167 3161 2265 3197 velut
2287 3170 2415 3196 cervus
2433 3159 2480 3196 ad

1418 3220 1537 3258 fontes
1557 3232 1745 3269 aquarum,
1768 3224 1960 3268 pervenire
1978 3224 2024 3259 ad
2047 3232 2171 3259 semen
2193 3221 2363 3260 Abrahae.
2383 3220 2479 3256 Tha-

1419 3291 1498 3318 mar
1525 3283 1622 3318 enim
1648 3289 1785 3327 nostra,
1811 3284 1902 3322 Juda
1933 3284 2086 3329 mystico
2120 3293 2193 3318 non
2224 3289 2478 3330 cognoscente,

1420 3341 1567 3385 fetatur,
1598 3342 1682 3388 quia
1706 3343 1753 3382 vde
1771 3342 1832 3379 illo
1847 3343 2059 3390 praedictum
2085 3348 2141 3379 est
2159 3356 2166 3378 :
2188 3342 2360 3392 Populus,
2376 3354 2480 3391 quem

1421 3412 1491 3437 non
1511 3402 1667 3448 coqnovi,
1685 3403 1808 3438 serviet
1820 3402 1907 3438 mitat
1927 3401 2041 3450 (Psal.
2063 3403 2183 3452 xvut).
2201 3403 2349 3451 Accepit
2363 3404 2424 3442 illa
2441 3404 2481 3443 in

1423 3463 1566 3500 occulto
1585 3463 1770 3510 annulum,
1795 3469 1832 3506 et
1853 3463 1999 3508 monile,
2021 3470 2058 3505 et
2075 3466 2239 3514 virgam:
2258 3465 2346 3512 quta
2369 3472 2487 3502 vecta

1425 3525 1522 3561 tione
1537 3523 1775 3573 significatur,
1788 3523 2054 3573 justificatione
2073 3527 2278 3570 decoratur,
2292 3523 2478 3572 glorifica-

1427 3587 1539 3624 tione.
1557 3586 1750 3628 exaltatur.
1786 3587 1881 3633 Quos
1914 3589 2006 3624 enim
2034 3587 2307 3638 prmdestimvit,
2331 3587 2413 3625 illos
2445 3593 2480 3625 et

1426 3646 1580 3691 vocavit,·
1610 3657 1696 3698 quos
1722 3652 1837 3683 autem
1863 3649 2008 3694 vocavit,
2031 3644 2110 3689 illos
2134 3651 2168 3684 et
2187 3644 2424 3694 justificavi&
2446 3651 2482 3684 et

1387 3750 1407 3761 ‚,
1423 3707 1741 3763 quotjtbstificavit,
1766 3707 1844 3752 illos
1868 3715 1900 3755 et
1916 3702 2128 3758 glorificavit
2151 3707 2271 3757 (Rom.
2290 3707 2388 3762 vm).
2404 3706 2482 3747 Sed
