2540 4016
29 133 45 150 x·

29 152 47 184 ³.

23 185 46 272 ᾗ
98 189 187 239 1115
690 200 924 240 COMMENT.
949 202 996 241 IN
1019 203 1191 246 LIBRUM
1210 208 1365 247 JOSUE.
1390 231 1437 237 —
1461 212 1545 250 LIB.
1571 214 1631 252 m.
2141 227 2233 268 μω

32 266 154 337 §5013
169 268 344 308 Dominus
358 269 552 318 imputare,
567 282 648 309 cum
665 274 719 311 eis
734 286 800 322 per
815 276 938 313 Jesum
950 279 1143 318 novissima
1161 285 1197 327 Α
1212 285 1277 330 sia,
1296 287 1390 324 inter
1408 293 1536 326 caetera
1556 291 1674 328 divina
1690 293 1887 331 sanctionis
1907 299 2026 345 verba,
2044 311 2066 339 a
2076 304 2236 343 multitu-

22 318 45 393 {1
57 329 320 392 &loqueretur-
337 328 437 367 Unde
453 335 491 367 et
501 331 720 378 Apostolus:
744 346 757 368 ‹
786 334 1002 379 Alexander,
1015 338 1141 384 inquit,
1208 344 1291 382 dine
1326 347 1481 385 filiorum
1514 350 1762 388 ministrorum
1790 352 1924 391 Christi
1954 357 1991 393 in
2018 370 2236 404 sacramento

23 411 44 442 ²4
57 388 248 453 ‘taerarius
270 388 384 425 multa
403 390 497 426 mala
517 390 607 427 mihi
623 393 801 437 ostendit;
821 395 948 431 reddet
963 395 1013 431 illi
1027 398 1146 433 Domi·
1210 409 1328 444 missae
1346 421 1355 445 :
1374 409 1440 446 Hic
1453 417 1508 448 est
1524 413 1616 448 calix
1632 413 1723 450 Novi
1751 413 1968 453 Testamenti
1987 419 2024 455 jn
2054 431 2135 460 meo
2158 435 2238 463 san,

24 451 43 498 ζ
58 457 168 507 ’,ΜΒ
186 448 384 485 secundum
413 459 524 496 opera
552 450 665 496 ipsius
694 452 752 500 (ΙΙ
770 453 859 490 Tim.
878 455 941 503 ιν).
966 469 978 491 »
1002 456 1052 493 De
1076 457 1146 495 illis
1211 467 1332 513 guina,
1348 468 1410 513 qui
1424 479 1489 514 pm
1503 471 1607 507 vobis
1635 476 1672 507 οι
1694 482 1760 518 pro
1778 473 1900 510 multis
1925 475 2170 518 effundetuffin
2185 493 2241 520 m,

31 519 34 524 ·
57 542 87 564 m
98 514 219 546 autem
235 509 297 555 qui
310 519 393 547 eum
405 510 681 557 periclitantem,
691 524 763 551 non
779 516 930 560 malitia,
943 518 1004 554 sed
1020 518 1147 557 timore

30 588 33 589 ν
99 567 348 614 deseruerant,
363 569 415 606 ita
433 570 575 607 locutus
590 577 670 608 est:
696 584 708 606 ‹
728 574 766 609 In
784 575 901 620 prima
928 586 1008 612 mea
1025 577 1147 615 defen-

99 629 200 667 sione
217 640 322 666 nemo
354 631 443 667 mihi
473 631 600 676 adsuit,
619 634 681 669 sed
712 645 838 672 omnes
867 647 925 673 me
952 637 1149 685 derelique-

63 704 68 719 τ
99 696 197 729 runt.
221 691 300 728 Non
319 692 390 729 illis
410 693 607 740 imputetur
625 694 764 745 (laid).
790 710 800 731 ι

483 781 633 818 CAPUT
659 783 766 819 xvn.

99 852 152 892 De
163 860 272 890 morte
285 854 308 889 J
311 866 393 891 osue
410 861 441 891 et
456 855 634 902 sepultura
648 857 736 902 ejus,
756 862 788 892 et
806 858 848 893 de
870 863 979 894 morte
998 857 1149 894 Eleazar

145 907 177 936 et
191 901 368 947 sepultura
377 903 475 948 ejus;
490 914 550 938 uec
566 915 634 938 ηοη
644 912 677 937 ec
694 904 735 938 cle
750 904 882 939 ossibus
896 903 1024 950 Ioseph
1039 911 1149 940 trans-

146 946 226 982 latis
245 948 286 982 de
300 948 454 994 AEyypto
475 955 505 984 et
523 949 663 994 sepultis
684 950 720 984 iu
742 948 891 991 Sichem,
910 950 946 984 iu
964 957 1060 995 parte
1074 952 1149 996 aqri

144 1005 244 1038 quem
264 1001 393 1028 emerat
410 994 519 1030 Jacob
530 995 644 1039 afiliis
664 994 1055 1041 HemorpatrisSichem
1070 1009 1149 1032 cen-

146 1045 220 1074 tum
234 1039 375 1074 novellis
395 1041 527 1075 ovibus.

148 1110 266 1158 (lam.)
290 1124 302 1146 ‹
333 1113 377 1147 Et
395 1114 568 1158 posthaec
583 1119 746 1151 mortuus
759 1121 814 1151 est
827 1115 932 1153 Josue
948 1117 1040 1154 filius
1054 1118 1148 1162 Nun,

1210 527 1421 563 missionem
1432 534 1672 574 peecatorum.
1685 531 1769 568 flaec
1782 533 2060 584 quotiescunque
2074 538 2240 588 feceritis,

1212 586 1251 623 in
1268 587 1343 624 mei
1353 589 1565 625 memoriam
1583 590 1735 628 facietis.

1260 646 1376 695 (lain.)
1396 659 1409 681 ‹
1433 647 1656 696 Servivitque
1669 652 1777 689 lsrael
1799 653 1949 693 Domino
1965 658 2103 695 cunetis
2120 660 2242 699 diebus

1216 717 1231 739 ι
1259 704 1380 750 Josue,
1392 712 1428 742 et
1441 708 1619 745 seniorum
1634 711 1694 756 qui
1710 711 1814 758 longo
1823 713 1987 751 vixerunt
2002 721 2158 764 tempore
2166 728 2245 765 post

1217 777 1232 800 ι
1260 765 1379 810 Josue,
1389 773 1425 803 et
1439 770 1499 813 qui
1512 777 1684 807 noverant
1698 774 1816 809 omnia
1831 785 1938 821 opera
1951 777 2092 814 Domini
2109 790 2186 824 quae
2201 780 2247 816 fc-

1217 841 1230 863 «
1259 835 1358 866 cerat
1375 831 1412 866 in
1429 831 1549 867 lsrael.
1572 847 1583 867 ›
1603 833 1672 880 (Ex
1685 835 1922 884 Adamantio.)
1942 839 2069 875 Beatus
2088 840 2117 875 is
2136 841 2244 886 quiin

1214 889 1339 925 diebus
1354 889 1437 926 Jesu
1457 892 1566 927 servit
1578 893 1738 937 Domino,
1750 897 1808 941 qui
1818 898 1927 933 verbo
1941 904 1977 933 et
1989 900 2159 944 sapientia
2172 899 2246 944 ejus

1214 949 1447 994 illuminatur,
1458 952 1517 997 qui
1531 954 1718 999 praeeeptis
1732 954 1808 999 ejus
1823 956 2032 1001 illustratur,
2047 959 2106 1005 qui
2127 970 2169 994 ex
2186 960 2246 994 do-

1215 1011 1327 1046 ctrina
1337 1011 1411 1056 ejus
1420 1013 1547 1057 accipit
1556 1013 1674 1049 lumen
1683 1015 1850 1051 scientiae.
1867 1016 2027 1054 Secundo
2039 1025 2154 1054 tamen
2169 1018 2244 1054 loco

1215 1077 1251 1105 et
1270 1071 1330 1106 ille
1345 1077 1425 1116 post
1442 1074 1535 1108 hunc
1555 1080 1609 1108 est
1629 1075 1772 1117 heatus,
1791 1077 1851 1120 qui
1869 1078 1903 1112 in
1923 1078 2044 1114 diebus
2067 1080 2244 1115 seniorum

1218 1130 1279 1175 qui
1298 1129 1442 1166 suerunt
1459 1136 1540 1176 post
1559 1131 1678 1167 lesum
1698 1134 1806 1168 servit
1823 1135 1982 1171 Domino.
2005 1137 2170 1173 Senior-es
2187 1140 2248 1183 qui

103 1185 118 1207 ¹
149 1183 274 1210 Sffl'VUS
293 1174 449 1217 Domini,
468 1181 611 1211 centum
630 1182 666 1212 θῑ
686 1178 808 1213 decem
828 1188 1000 1214 {¹¹¹ss01'11ffl
1023 1191 1031 1214 ²
1049 1190 1148 1226 sepe·
1167 1177 1198 1215 B
1217 1189 1272 1224 vel
1298 1199 1378 1225 cum
1394 1188 1477 1224 Jesu
1494 1190 1549 1225 vel
1567 1196 1647 1235 post
1670 1191 1789 1227 Jesum
1812 1192 1966 1237 fuerunt,
1990 1196 2047 1239 qui
2078 1202 2159 1231 sunt
2187 1197 2246 1232 alii

104 1245 117 1268 ι
145 1234 349 1280 lieruntque
382 1245 462 1271 eum
496 1236 532 1271 in
565 1237 696 1273 finibus
728 1239 968 1284 possessionis
999 1250 1072 1275 suae
1085 1267 1094 1283 ‚
1114 1240 1150 1276 in

104 1305 117 1329 ι
148 1294 426 1332 Thannathsare
439 1323 448 1340 ,
466 1306 545 1342 quae
569 1298 636 1333 sita
653 1303 708 1334 est
728 1298 763 1333 in
786 1305 907 1336 monte
923 1301 1112 1346 Ephraim,
1130 1312 1150 1338 a

103 1366 118 1388 ι
147 1355 422 1400 septentrionali
449 1362 551 1402 parte
572 1358 705 1394 montis
718 1357 824 1395 Gaas.
848 1373 860 1393 ι
881 1360 919 1395 In
938 1354 1150 1405 quibusdam

98 1415 190 1451 vivit
206 1414 321 1456 Jesus,
335 1417 371 1451 in
386 1417 598 1461 quibusdam
606 1429 692 1455 vero
705 1419 893 1456 defunctus
901 1426 967 1456 est.
985 1421 1024 1456 ln
1039 1422 1150 1459 Paulo

99 1476 190 1512 vivit
206 1475 323 1518 Jesus,
335 1482 370 1513 et
386 1478 420 1513 in
437 1477 544 1514 Petro
563 1484 600 1515 et
621 1480 656 1514 in
677 1480 746 1516 illis
763 1481 928 1516 omnihus
943 1481 1003 1526 qui
1021 1483 1150 1518 merito

62 1580 68 1586 1
97 1539 250 1582 possunt
282 1535 431 1572 dicere:
462 1548 474 1570 ‹
504 1537 593 1573 Vivo
623 1544 756 1582 autem,
772 1538 847 1584 jam
876 1551 946 1576 non
966 1551 1046 1587 ego,
1063 1541 1151 1577 vivit

98 1604 186 1631 vero
218 1595 384 1632 Christus
413 1597 450 1632 in
479 1608 538 1634 me
571 1597 665 1644 (Gal.
684 1599 740 1646 11).
777 1599 861 1636 Mihi
885 1607 1003 1637 autem
1028 1602 1151 1639 vivere

99 1656 266 1693 Christus
287 1663 355 1701 est,
375 1664 411 1695 et
429 1660 521 1695 mori
538 1659 675 1696 lucrum
695 1659 805 1707 (Phil.
821 1661 862 1709 ι).
885 1675 897 1697 ›
918 1663 956 1698 In
976 1663 1053 1700 istis
1065 1674 1151 1711 ergo

101 1717 235 1754 talibus
255 1716 359 1754 Jesus
377 1720 507 1755 merito
525 1720 647 1756 vivere
666 1721 806 1756 dicitur.
824 1722 863 1757 ln
887 1724 1015 1768 quibus
1030 1729 1150 1759 autem

100 1780 292 1818 defunctus
315 1787 370 1818 est
396 1781 526 1819 Jesus?
558 1783 597 1818 ln
626 1783 697 1819 illis
722 1784 799 1819 sine
831 1785 938 1820 dubio
964 1786 1025 1831 qui
1058 1795 1151 1831 saepe

98 1843 322 1888 poenitendo,
353 1850 389 1880 et
419 1845 550 1880 iterum
577 1845 832 1891 delinquendo,
849 1846 946 1882 velut
979 1847 1152 1882 insultare

58 1936 63 1940 .
99 1905 209 1940 morti
227 1903 311 1941 Jesu
338 1905 521 1949 dicuntur,
534 1907 576 1942 de
595 1907 724 1952 quibus
740 1908 903 1944 scribens
920 1909 964 1944 ad
984 1908 1152 1944 llehroeos

61 1995 63 1998 .
101 1964 189 2000 dicit
200 1965 395 2010 Apostolus
414 1978 422 2001 :
447 1979 459 1999 ‹
480 1967 634 2002 Rursum
651 1968 902 2013 crucifigentes
921 1969 1152 2014 sibimetipsis

60 2063 63 2066 ,
99 2024 229 2061 Filium
249 2026 326 2067 Dei,
346 2031 381 2061 et
399 2027 555 2062 ostentui
571 2027 745 2062 habentes
762 2027 885 2074 (Hebr.
905 2028 970 2074 η).
998 2041 1009 2061 ›
1032 2028 1102 2063 Sed
1117 2034 1153 2064 et

1218 1248 1286 1284 nisi
1309 1249 1545 1295 apostoli‚qui
1573 1255 1608 1285 ct
1635 1250 1702 1295 ipsi
1730 1253 1872 1297 seriptis
1900 1261 1934 1288 et
1962 1256 2146 1300 praeceptis
2178 1257 2251 1292 suis

1218 1309 1420 1344 illuminant
1449 1311 1555 1345 corda
1576 1316 1713 1354 nostra,
1733 1317 1768 1348 et
1788 1312 1921 1348 faciunt
1946 1315 2052 1349 etiam
2082 1316 2147 1360 ipsi
2175 1317 2251 1353 dies

1218 1369 1390 1415 quosdam
1411 1370 1446 1404 in
1465 1370 1566 1406 nobis
1580 1381 1622 1406 ex
1639 1371 1696 1406 illa
1712 1372 1788 1407 luce
1802 1383 1906 1418 quam
1929 1374 1991 1419 ipsi
2013 1385 2054 1409 ex
2075 1386 2156 1410 vera
2172 1376 2250 1412 luce

1216 1430 1416 1476 participati
1435 1435 1531 1473 sunt,
1550 1431 1756 1467 venientes?
1777 1433 1842 1476 Qui
1864 1444 1947 1480 ergo
1974 1435 2190 1472 illuminatur
2214 1443 2250 1473 ct

1217 1490 1404 1525 instruitur
1423 1500 1467 1525 ex
1494 1490 1731 1536 apostolorum
1749 1494 1946 1538 praeceptis,
1958 1499 1992 1529 et
2007 1494 2050 1529 ad
2065 1496 2249 1531 servitium

1217 1550 1357 1586 Domini
1389 1551 1594 1596 apostolicis
1626 1552 1758 1598 regulis
1790 1553 1991 1596 instruitur,
2020 1555 2086 1590 istc
2114 1556 2250 1602 estqui

1217 1612 1353 1648 servire
1371 1612 1502 1648 dieitur
1518 1612 1667 1649 Domino
1688 1612 1724 1648 in
1745 1613 1866 1650 diebus
1884 1615 2063 1651 seniorum
2088 1617 2147 1662 qui
2171 1616 2231 1653 sue
2248 1637 2252 1645 ·

1217 1677 1300 1707 runt
1313 1677 1394 1717 post
1406 1671 1540 1708 lesum.

1265 1731 1379 1779 (lum.)
1405 1745 1417 1765 ‹
1447 1733 1536 1769 Ossa
1562 1743 1703 1779 quoque
1731 1744 1882 1780 oosepn,
1900 1745 1978 1781 quae
2004 1736 2159 1773 tulerant
2191 1738 2254 1774 filii

1221 1803 1233 1825 ‹
1262 1791 1369 1827 lsrael
1390 1794 1432 1829 de
1451 1793 1619 1839 AEgypto,
1635 1794 1848 1839 sepelierunt
1867 1796 1901 1830 in
1923 1796 2078 1838 Sionem,
2097 1797 2130 1832 in
2150 1802 2253 1843 parte

1223 1863 1235 1884 ι
1264 1853 1339 1898 agri
1360 1863 1465 1898 quem
1484 1859 1617 1889 emerat
1641 1853 1749 1890 Jacob
1768 1866 1787 1890 a
1812 1855 1893 1891 filiis
1920 1856 2050 1892 Hemor
2065 1858 2177 1902 patris
2196 1857 2253 1894 Si-

1224 1926 1235 1947 «
1266 1915 1366 1949 chem
1382 1920 1525 1949 centum
1544 1915 1691 1951 novellis
1709 1916 1845 1959 ovibus,
1865 1922 1901 1952 et
1924 1916 1990 1952 suit
2009 1918 2042 1952 in
2057 1918 2253 1963 possessio-

1223 1987 1235 2008 «
1265 1985 1347 2010 nem
1379 1974 1531 2010 liliorum
1556 1974 1697 2021 Joseph.
1734 1989 1745 2010 »
1783 1976 1981 2012 Notandum
2011 1984 2127 2013 autem
2158 1980 2252 2024 quod

1219 2034 1407 2080 Josephus,
1429 2036 1735 2082 historiographus
1763 2037 1979 2081 ludaeorum,
1999 2039 2042 2074 dc
2068 2039 2198 2084 Joseph
2219 2045 2256 2075 et

99 2085 176 2132 ipse
207 2086 382 2122 Dominus
415 2086 453 2122 in
484 2086 688 2133 Evangeliis
708 2088 751 2123 de
785 2089 854 2123 hoc
885 2089 1151 2125 distinctionem
1171 2076 1199 2116 C
1221 2095 1392 2131 fratribus
1412 2095 1488 2140 ejus
1506 2096 1542 2130 in
1560 2094 1822 2140 Antiquitatum
1834 2097 1925 2132 libro
1941 2100 2094 2133 secundo
2118 2098 2167 2132 ita
2182 2108 2255 2132 me-

98 2146 382 2191 pulcherrimam
409 2146 528 2190 dedit,
548 2158 630 2183 cum
654 2148 767 2183 dicit:
793 2160 805 2181 c
830 2148 1041 2194 Quicunque
1072 2160 1154 2185 eon—

58 2237 62 2242 ,
100 2203 217 2240 fessus
233 2215 290 2241 me
305 2204 414 2241 suerit
436 2216 558 2242 coram
581 2208 801 2251 hominibus,
821 2214 857 2243 et
875 2219 940 2254 ego
955 2210 1153 2246 confitebor

62 2310 65 2314 Δ
99 2274 183 2300 eum
204 2276 325 2301 coram
352 2266 458 2302 Patre
475 2277 575 2311 meo,
605 2269 666 2313 qui
691 2268 727 2303 in
746 2269 847 2304 coelis
860 2275 926 2305 est.
949 2270 1015 2313 Qui
1033 2276 1151 2306 autem

100 2327 286 2371 negaverit
307 2338 365 2364 me
383 2338 506 2364 coram
523 2329 747 2372 hominibus,
768 2335 803 2366 et
821 2340 885 2376 ego
908 2331 1047 2376 negabo
1070 2341 1151 2367 eum

52 2411 59 2415 -
100 2397 223 2424 coram
243 2388 350 2425 Patre
377 2400 458 2426 meo
488 2390 632 2437 (Mauh.
652 2390 704 2437 x).
729 2404 741 2424 ›
767 2390 915 2426 Vidistis
935 2392 1018 2436 quia
1037 2391 1151 2428 eonfi-

63 2486 65 2488 .
102 2454 220 2486 tentes
238 2451 275 2486 in
301 2452 495 2496 semetipso
512 2451 603 2487 dixit
619 2452 798 2495 confiteri,
821 2453 923 2497 quasi
946 2453 1022 2498 ipse
1043 2453 1078 2488 in
1100 2452 1152 2489 eis

101 2511 200 2548 vivat
219 2517 256 2548 et
276 2517 445 2558 operetur
463 2523 572 2559 opera
591 2513 687 2549 vitae.
716 2513 757 2548 In
788 2514 844 2548 his
870 2518 989 2548 autem
1009 2513 1069 2558 qui
1095 2523 1153 2550 ne-

101 2576 202 2617 gant,
219 2582 290 2608 non
325 2572 442 2607 tenuit
467 2572 631 2607 eamdem
660 2572 761 2607 verbi
794 2572 1079 2615 similitudinem,
1113 2578 1153 2608 ut

101 2631 252 2674 diceret,
272 2632 357 2677 quia
378 2631 439 2676 qui
463 2632 648 2678 negaverit
668 2632 704 2667 in
724 2641 793 2675 me,
816 2636 852 2667 et
872 2642 938 2677 ego
956 2633 1094 2678 negabo
1115 2633 1152 2668 in

58 2727 64 2731 ,
99 2700 202 2734 euui;
225 2692 288 2727 sed
303 2692 366 2737 qui
383 2692 568 2737 negaverit
582 2703 640 2728 me
657 2703 778 2728 coram
798 2693 1015 2736 hominibus,
1030 2699 1065 2730 et
1086 2703 1152 2740 ego

101 2751 240 2797 negabo
256 2762 338 2787 eum
356 2762 478 2788 coram
497 2752 604 2789 Patre
632 2763 713 2790 meo
726 2780 735 2797 ‚
757 2767 769 2788 ›
789 2758 829 2789 ut
846 2755 1050 2790 ostenderet
1069 2755 1152 2801 quia

62 2851 67 2854 ,
101 2813 161 2859 qui
182 2819 289 2859 negat
308 2814 452 2859 quidem
473 2823 526 2857 se,
546 2818 649 2850 extra
676 2814 797 2859 ipsum
831 2820 905 2857 est;
937 2815 997 2860 qui
1033 2820 1153 2852 autem

101 2872 306 2916 confitetur,
324 2874 360 2909 in
379 2874 456 2920 ipso
479 2880 548 2910 cst.
577 2874 679 2918 Quod
704 2880 825 2910 autem
846 2885 942 2911 mors
968 2874 1051 2911 Jesu
1071 2880 1154 2921 pest

65 2968 67 2973 ,
101 2938 247 2969 centum
270 2938 308 2969 et
321 2934 444 2970 decem
469 2944 583 2970 annos
601 2944 680 2971 esse
697 2940 1014 2979 commemoratur,
1034 2941 1153 2971 osten-

101 2993 155 3029 dit
167 2994 251 3039 quia
270 3004 334 3039 per
345 2999 498 3031 mortem
513 2995 646 3031 Christi
661 3005 786 3031 omnes
801 2995 863 3041 qui
883 2996 1049 3031 mandata
1063 2995 1152 3042 legis

102 3054 171 3090 rite
191 3059 337 3090 servant
355 3055 401 3090 ad
419 3055 677 3092 beatitudinem
706 3061 787 3101 post
816 3055 927 3092 finem·
950 3057 1032 3092 vitae
1062 3067 1153 3102 prae-

60 3154 66 3163 ,
102 3115 216 3151 sentis
233 3116 376 3150 venturi
394 3121 479 3152 sunt
494 3122 717 3163 perpetuam.
739 3117 839 3161 Quod
858 3118 954 3154 enim
970 3117 1153 3164 sepultura

58 3214 69 3224 ι,
102 3175 180 3222 ejus
194 3175 230 3211 in
248 3175 379 3212 finibus
392 3177 628 3222 possessionis
650 3187 735 3220 suae,
761 3177 797 3213 in
813 3177 1102 3221 Thannathsare,
1117 3177 1153 3213 in

65 3271 69 3278 ,
102 3239 224 3271 monte
239 3234 423 3280 Ephraim,
436 3241 470 3271 et
487 3236 523 3270 in
543 3242 646 3282 parte
658 3237 791 3273 montis
806 3236 900 3273 Gaas
921 3247 1000 3273 esse
1017 3237 1152 3274 descri-

57 3288 62 3298 ²
103 3294 220 3340 bitur,
240 3297 419 3343 signifieat
447 3297 543 3343 quod
575 3298 611 3333 in
645 3298 804 3334 Ecclesia
841 3298 1016 3334 catholica
1030 3325 1040 3342 ,
1073 3308 1152 3344 quae

54 3392 71 3405 ¹.
101 3357 281 3400 possessio
303 3356 436 3394 Christi
453 3362 525 3401 est,
540 3363 577 3394 et
597 3358 657 3393 ubi
677 3357 816 3394 fructus
843 3358 1016 3394 virtutum
1045 3357 1155 3405 gigni-

56 3414 58 3417 ’
102 3419 176 3458 tur,
191 3416 351 3462 quotidie
366 3417 544 3463 passionis
556 3417 690 3455 Christi
699 3418 832 3453 mentio
846 3426 1038 3453 numerose
1046 3422 1153 3462 atque

57 3520 60 3522 ,
103 3476 272 3514 nobiliter
290 3478 505 3515 celebratur.
529 3479 723 3515 Thannath
751 3488 836 3514 vero
860 3478 987 3514 civitas
1010 3476 1092 3512 Jesu
1113 3476 1151 3512 in

58 3576 73 3590 7
103 3537 199 3575 tribu
216 3538 388 3585 Ephraim
405 3542 442 3574 et
461 3538 498 3575 in
527 3538 623 3575 Gaas
658 3544 780 3575 monte
807 3538 875 3574 sita
907 3542 976 3581 est,
995 3537 1032 3572 in
1050 3534 1152 3580 cujus

103 3599 373 3644 septentrionali
390 3598 494 3646 plaga
519 3599 680 3644 sepultus
700 3604 757 3635 est
771 3597 876 3634 Jesus
885 3597 977 3633 iilius
990 3595 1100 3639 Nave,
1117 3599 1155 3632 et

104 3666 220 3703 usque
252 3658 359 3695 hodie
385 3658 491 3704 Juxta
517 3658 638 3695 vicum
665 3657 841 3694 Thannan
856 3656 1059 3703 sepulcrum
1077 3653 1154 3700 ejus

104 3715 247 3764 insigne
258 3723 494 3755 monstratur.
519 3718 781 3763 Interpretatur
800 3722 920 3753 autem
948 3715 1155 3752 Thannath-

105 3785 189 3819 sare
203 3781 376 3817 numerus
393 3777 610 3836 operimenti
626 3776 788 3835 novi-‘Et
805 3776 965 3832 quotidie
983 3775 1019 3830 in
1029 3774 1154 3832 *Eccle-

1221 2155 1338 2197 minit,
1359 2155 1479 2190 dicens
1499 2167 1507 2190 :
1529 2154 1687 2191 Mortuus
1706 2161 1761 2191 est
1787 2161 1906 2191 autem
1925 2162 1960 2191 et
1988 2156 2074 2201 ipse,
2095 2166 2177 2192 cum
2204 2156 2256 2191 vi-

1221 2216 1331 2251 xisset
1349 2225 1461 2250 annos
1486 2220 1629 2251 centum
1649 2221 1685 2250 et
1714 2216 1849 2257 decem,
1866 2216 1995 2251 virtute
2014 2215 2199 2258 mirabilis,
2219 2221 2254 2251 et

1220 2274 1338 2309 omnia
1357 2274 1494 2310 ratione
1506 2274 1710 2318 disponens,
1731 2280 2012 2319 potestatemque
2025 2285 2122 2310 suam
2140 2276 2254 2310 humi-

1219 2332 1300 2368 liter
1329 2342 1449 2378 agens.
1483 2333 1583 2375 Quod
1623 2334 1744 2378 utique
1779 2334 1980 2378 hujusmodi
2011 2334 2188 2369 felicitatis
2217 2335 2250 2370 ei

1220 2402 1326 2429 causa
1341 2391 1406 2426 suit
1421 2392 1514 2436 apud
1531 2391 1729 2437 AEgyptios,
1745 2398 1782 2428 et
1800 2392 1940 2428 aliunde
1960 2393 2095 2428 scilicet
2110 2393 2250 2429 venien-

1220 2458 1284 2495 tes,
1307 2457 1342 2487 et
1361 2451 1464 2486 talem
1490 2451 1631 2496 qualem
1649 2450 1778 2486 dudum
1805 2452 1976 2495 diximus,
1993 2462 2097 2498 passo
2117 2452 2252 2488 calum—

1219 2511 1328 2546 niam.
1351 2511 1480 2547 Mortui
1510 2515 1592 2546 sunt
1619 2510 1726 2546 etiam
1759 2510 1834 2556 ejus
1869 2511 1996 2547 iratres
2030 2512 2183 2547 feliciter
2213 2513 2250 2548 in

1219 2571 1372 2618 AEgypto
1392 2571 1661 2614 convenientes,
1681 2581 1831 2616 quorum
1861 2581 2009 2617 corpora
2029 2577 2109 2617 post
2139 2572 2251 2607 vitam

1219 2632 1357 2668 illorum
1377 2636 1599 2676 reportantes
1623 2641 1746 2668 corum
1776 2633 1922 2678 posteri,
1942 2632 1978 2668 in
1994 2631 2135 2668 liebron
2153 2642 2253 2677 sepc-

1219 2693 1362 2729 lierunt.
1393 2693 1480 2730 Ossa
1512 2703 1596 2729 vero
1629 2692 1759 2739 Joseph
1786 2694 1989 2736 novissime,
2009 2694 2150 2738 quando
2186 2694 2254 2729 lle-

1219 2753 1306 2789 braei
1325 2753 1458 2798 egressi
1480 2758 1562 2788 sunt
1577 2762 1618 2788 ex
1639 2752 1806 2800 AEgypto‚
1826 2754 1861 2788 in
1880 2752 2116 2789 Chananaeam
2134 2762 2254 2798 repor-

1220 2820 1398 2851 taverunt.
1419 2814 1479 2850 Sic
1497 2814 1590 2850 enim
1608 2824 1669 2850 eos
1686 2815 1934 2860 conjuraverat
1950 2812 2090 2859 Joseph.
2109 2812 2254 2859 Mystico

1221 2881 1339 2910 autem
1356 2885 1435 2910 ossa
1461 2873 1591 2919 Joscph
1613 2874 1815 2920 significant
1835 2878 1986 2909 mortem
2006 2872 2253 2918 Redemptoris

1222 2934 1348 2977 nostri,
1367 2945 1473 2979 quem
1491 2934 1565 2970 veri
1580 2933 1748 2970 Israelitae
1761 2933 1804 2969 de
1823 2932 1976 2980 AEgypto
1994 2933 2096 2969 istius
2116 2931 2251 2973 mundi,

1220 2995 1280 3031 ubi
1295 2994 1485 3031 crucifixus
1501 2999 1556 3030 est
1571 2994 1764 3030 secuudum
1787 3003 1946 3036 carnem,
1964 2993 2126 3029 tollentes
2141 2998 2255 3028 trans-

1221 3055 1340 3091 ferunt
1364 3055 1400 3090 in
1419 3054 1623 3098 Sichem,in
1638 3059 1775 3100 partem
1795 3055 1869 3100 agri
1886 3064 1990 3100 quem
2002 3059 2136 3090 emerat
2147 3052 2254 3088 Jacob

1221 3121 1367 3152 centum
1386 3114 1537 3151 novellis
1559 3114 1706 3157 ovibus;
1729 3123 1808 3150 cum
1827 3113 1999 3159 passionis
2019 3111 2094 3155 eJus
2122 3119 2252 3146 memo-

1222 3174 1312 3210 riam
1332 3174 1491 3211 condunt
1505 3174 1542 3209 in
1567 3183 1650 3220 agro
1665 3173 1780 3208 cordis
1799 3171 1874 3212 sui;
1909 3174 2082 3215 quatenus
2109 3168 2153 3203 ad
2176 3167 2252 3212 eius

1221 3234 1423 3281 exemplum
1457 3234 1594 3270 discant
1623 3231 1716 3266 ferre
1745 3229 1894 3270 labores.
1911 3228 2092 3264 ethabere
2110 3227 2248 3272 patien-

1219 3297 1318 3338 tiam,
1338 3295 1574 3341 operibusque
1603 3290 1704 3326 bonis
1734 3289 1914 3331 insistere;
1949 3287 2041 3332 quod
2074 3286 2250 3332 signifieat

1220 3354 1384 3397 Sichem,
1417 3353 1477 3398 qui
1511 3351 1765 3394 interpretatur
1809 3348 1992 3384 humerus.
2027 3347 2129 3383 Hunc
2163 3356 2250 3392 ergo

1219 3423 1342 3461 agrum
1358 3411 1467 3446 Jacob
1479 3415 1600 3446 noster
1617 3413 1758 3444 centum
1778 3407 1925 3444 novellis
1948 3406 2072 3444 ovibus
2098 3407 2135 3442 in
2164 3416 2248 3452 pos-

1218 3473 1411 3509 sessionem
1428 3469 1533 3512 emit,
1557 3468 1639 3514 quia
1655 3468 1769 3513 pretio
1793 3467 1974 3513 sanguinis
2009 3467 2064 3504 sui
2093 3466 2249 3513 possedit

1219 3530 1426 3572 Ecclesiam,
1446 3528 1506 3564 ubi
1534 3527 1691 3564 novellas
1724 3537 1808 3563 oves
1842 3537 1921 3572 quoe
1942 3526 2177 3564 ascenderunt
2203 3524 2249 3562 de

1218 3591 1359 3627 lavacro
1374 3588 1491 3632 habet,
1512 3592 1552 3623 ut
1569 3586 1632 3623 flat
1647 3592 1791 3623 centum
1809 3586 1928 3622 ovium
1955 3591 2076 3632 pastor
2088 3594 2168 3622 eum
2186 3594 2249 3620 an-

1221 3650 1352 3698 gelicas
1369 3654 1476 3695 atque
1495 3647 1668 3683 humanas
1686 3646 1723 3683 in
1743 3656 1808 3683 sua
1825 3650 2000 3692 potestate
2013 3646 2141 3682 retinet
2159 3654 2248 3682 eau-

1220 3712 1386 3821 laSilina.)
1404 3780 1422 3823 ἰ
1451 3767 1600 3824 Eleazar
1611 3775 1752 3814 quoque
1766 3764 1860 3804 filius
1872 3764 1989 3803 Aaron
2003 3769 2162 3803 mortuus
2177 3766 2247 3814 est,
