2540 4016
296 229 370 271 919

291 373 427 407 nostrae
454 369 612 407 soedatur
649 372 817 409 sordibus
853 378 1101 419 peecatorum,
1138 372 1355 410 omnimodis

293 432 439 469 studere
471 432 658 475 debemus,
686 438 727 469 ut
745 444 825 469 eam
853 435 1069 470 mundemus
1084 444 1148 481 per
1176 435 1356 481 poeniten-

291 494 381 530 tiam
414 498 451 529 et
483 493 695 530 effusionem
729 495 988 542 lacrymarum,
1019 506 1065 532 ne
1101 495 1246 532 foeditas
1277 495 1354 540 ejus

293 555 372 590 aliis
391 555 615 599 scandalum,
647 561 683 590 et
708 556 811 592 nohis
841 556 960 602 pariat
986 557 1024 593 in
1042 558 1114 593 tine
1137 558 1349 593 cruciatum.

292 616 364 652 Sed
385 615 502 650 oritur
520 615 580 650 hic
599 614 808 652 difficillima
834 617 986 662 quaestio
1007 617 1044 652 in
1063 627 1107 653 eo
1133 616 1229 663 quod
1250 617 1351 659 dicit,

294 687 309 708 ‹-
339 674 550 710 Maledictus
569 685 588 709 a
608 674 682 710 Deo
713 675 831 711 omnis
866 676 928 722 qui
959 676 1092 722 pendet
1127 676 1164 712 in
1190 675 1301 721 ligno.
1334 687 1348 709 ι

291 734 380 778 Quia
401 735 547 780 quidam
571 734 733 771 haeretici
752 735 796 771 ad
813 736 1031 772 calumniam
1045 735 1226 782 passionis
1245 733 1351 770 Chri-

290 795 335 830 sti
363 795 454 831 hanc
471 796 689 832 sententiam
713 796 891 834 tranferre
910 797 1102 840 voluerint,
1125 807 1195 832 non
1216 795 1352 831 intelli-

290 861 415 900 gentes
450 856 545 901 quod
578 866 675 892 mors
711 857 868 893 hominis
897 867 942 893 ex
973 867 1080 902 poena
1110 857 1249 903 peccati
1283 861 1350 899 est,

289 915 383 950 unde
397 921 433 951 et
449 916 524 960 ipsa
539 922 728 962 peccatum
745 917 875 952 dicitur
893 930 900 952 :
918 927 990 952 non
1006 916 1089 962 quia
1104 922 1230 962 peccat
1245 916 1352 953 homo

287 975 372 1011 dum
397 977 562 1021 moritur,
584 977 646 1013 sed
670 978 755 1023 quia
781 988 825 1013 cx
845 984 993 1023 peccato
1012 978 1148 1014 sactum
1172 982 1228 1014 est
1255 977 1352 1023 quod

288 1037 477 1073 moriatur.
513 1038 616 1074 Sicut
651 1039 719 1074 alio
752 1039 858 1075 modo
891 1039 1025 1075 dicitur
1051 1040 1171 1085 lingua
1205 1038 1351 1084 proprie

288 1108 374 1133 caro
390 1109 469 1143 quae
488 1099 582 1134 intra
602 1100 726 1135 dentes
754 1101 820 1134 suh
849 1100 969 1144 palato
1000 1105 1189 1143 movetur;
1215 1105 1251 1135 et
1282 1099 1351 1134 alio

287 1156 394 1192 inodo
423 1158 555 1193 dicitur
585 1158 719 1204 lingua,
747 1159 841 1204 quod
865 1169 928 1204 per
959 1160 1117 1206 linguam
1137 1160 1203 1195 fit:
1224 1170 1351 1196 secun-

286 1219 372 1254 dum
406 1230 514 1265 quem
541 1220 688 1255 modum
721 1221 853 1255 dicitur
885 1212 1003 1266 ling‘3ua
1023 1221 1162 1263 G1²aeca‚
1187 1221 1257 1256 alia
1282 1220 1352 1255 La·
1370 1215 1402 1254 B
1421 1229 1504 1255 cere
1529 1232 1540 1252 ‹
1564 1220 1810 1262 maledictum,
1833 1231 1845 1252 ι
1865 1220 1960 1264 quod
1978 1218 2112 1254 Paulus
2131 1231 2142 1252 ι
2161 1223 2349 1264 peceatum
2370 1232 2382 1252 ι
2412 1227 2475 1255 no

285 1278 377 1312 tina.
397 1278 441 1315 Et
461 1289 589 1314 manus
606 1279 677 1314 alio
695 1280 800 1314 modo
820 1281 951 1315 dicitur
969 1281 1086 1325 ipsum
1106 1282 1253 1326 proprie
1271 1291 1352 1316 cor-

283 1339 384 1384 poris
403 1339 606 1374 membrum
624 1341 720 1384 quod
738 1341 956 1375 movendum
971 1347 1026 1376 est
1049 1342 1094 1376 ad
1113 1343 1350 1386 operandum,

285 1404 322 1434 et
348 1399 418 1434 alio
453 1401 559 1436 modo
592 1412 719 1438 manus
757 1403 887 1438 dicitur
920 1404 1100 1448 scriptura
1122 1415 1201 1450 quae
1225 1404 1265 1440 fit
1287 1415 1353 1451 per

284 1469 446 1495 manum.
476 1460 636 1497 Dicimus
667 1462 777 1505 enim,
811 1463 970 1499 Probata
1002 1470 1059 1500 est
1091 1475 1220 1501 manus
1258 1465 1350 1510 ejus,

286 1519 408 1557 Habeo
432 1522 528 1557 enim
553 1534 699 1558 manum
723 1530 834 1567 tuam,
867 1525 1000 1572 Recipe
1030 1538 1176 1562 manunt
1213 1533 1311 1563 tuam
1340 1540 1348 1563 :

284 1593 412 1619 manus
434 1585 561 1629 utique
584 1586 728 1631 proprie
760 1588 962 1623 membrum
990 1594 1044 1624 est
1072 1589 1242 1625 hominis.
1272 1589 1352 1626 Non

283 1649 405 1678 autem
427 1645 556 1690 opinor
581 1646 679 1680 illam
703 1647 919 1693 scripturam
946 1659 1025 1684 esse
1047 1649 1218 1693 hominis,
1241 1655 1277 1685 et
1296 1655 1352 1685 ta-

282 1714 364 1739 men
395 1705 528 1740 dicitur
558 1717 700 1750 manus,
721 1718 763 1744 eo
783 1710 878 1754 quod
908 1710 1101 1746 manifesta
1128 1711 1186 1746 sit.
1221 1711 1282 1747 Sic
1313 1716 1351 1748 et

282 1771 486 1810 peccatum,
523 1778 595 1803 non
635 1774 775 1804 tantum
807 1781 897 1815 opus
926 1771 1042 1816 ipsum
1079 1772 1213 1807 malum
1253 1773 1350 1818 quod

281 1836 388 1871 poena
413 1827 559 1874 dignum
581 1835 655 1873 cst;
691 1832 753 1867 sed
786 1832 894 1867 ctiam
925 1833 1000 1879 ipsa
1026 1844 1139 1877 mors,
1167 1844 1247 1880 quae
1263 1845 1349 1881 pec-

280 1893 362 1923 cato
392 1887 487 1925 facta
520 1896 588 1934 est,
606 1898 798 1936 peccatum
817 1893 994 1939 appellata
1025 1900 1091 1930 est.
1112 1895 1200 1931 Illud
1225 1896 1349 1942 itaque

280 1953 486 1993 peccatum,
521 1961 591 1996 quo
630 1962 713 1988 reus
749 1958 846 1989 esset
885 1955 1029 1998 mortis,
1062 1966 1134 1991 non
1165 1957 1349 1992 commisit

281 2009 469 2055 Ciiristus;
495 2012 582 2049 illud
607 2020 726 2051 autem
744 2015 912 2059 alterum,
936 2016 971 2052 id
997 2022 1066 2061 est,
1093 2022 1248 2053 mortem
1269 2029 1349 2064 qua]

282 2078 430 2116 peccato
462 2073 597 2110 inflicta
625 2081 681 2111 est
715 2077 881 2112 humanae
909 2083 1060 2122 naturae,
1097 2080 1255 2125 suscepit
1282 2089 1347 2125 pro

283 2130 400 2166 nobis.
423 2131 501 2168 Hoc
522 2135 709 2179 suspendit
739 2136 775 2170 in
808 2136 921 2183 ligno,
944 2138 1013 2173 hoc
1031 2139 1263 2174 maledictum
1293 2144 1349 2175 est

283 2202 348 2238 per
367 2192 512 2240 Moysen
533 2207 540 2229 z
569 2196 630 2231 uhi
651 2206 749 2232 mors
770 2197 940 2233 damnata
968 2204 1024 2234 est
1042 2209 1087 2234 ne
1112 2206 1294 2246 regnaret,
1313 2205 1350 2235 et

283 2254 477 2290 maledieta
503 2260 559 2291 est
588 2261 627 2291 ut
666 2257 817 2302 periret.
853 2258 1078 2304 Quapropter
1114 2269 1179 2304 per
1215 2259 1350 2296 Christi

283 2313 354 2349 tale
373 2321 560 2359 peccatum
582 2318 789 2353 damnatum
812 2324 867 2354 est
890 2325 1054 2355 nostrum
1086 2324 1286 2365 peccatum,
1310 2326 1350 2356 ut

283 2384 349 2410 nos
368 2375 619 2421 liberaremur,
640 2388 685 2413 ne
709 2384 884 2424 regnante
910 2386 1059 2424 peccato
1089 2391 1155 2416 nos
1189 2381 1349 2416 damnati

282 2445 567 2476 remaneremus.
596 2437 689 2482 Quid
719 2450 804 2486 ergo
834 2441 987 2477 miratur
1018 2442 1174 2479 Faustus
1201 2442 1351 2479 maledi-

281 2502 380 2534 ctum
401 2509 479 2535 csse
499 2505 702 2546 peccatum,
721 2502 950 2538 maledictam
979 2513 1059 2540 esse
1079 2508 1247 2548 mortem,
1269 2514 1351 2541 ma-

282 2558 452 2596 ledictam
468 2571 549 2598 csse
571 2562 829 2599 mortalitatem
848 2565 970 2601 carnis
985 2565 1063 2600 sine
1080 2570 1230 2611 peccato
1245 2564 1351 2606 Chri-

283 2622 343 2664 sti,
369 2631 413 2657 ex
442 2628 593 2668 peccato
614 2628 737 2660 tamen
756 2624 914 2661 hominis
947 2626 984 2661 in
1013 2625 1157 2662 Christo
1190 2625 1350 2662 factam?

283 2679 337 2714 Ex
351 2681 466 2716 Adam
487 2683 619 2728 quippe
637 2694 768 2729 corpus
800 2686 1012 2732 assumpsit,
1045 2687 1131 2732 quia
1163 2697 1208 2723 ex
1234 2687 1351 2723 Adam

283 2741 384 2786 virgo
408 2741 520 2777 Maria
548 2753 628 2787 quae
658 2746 798 2789 peperit
824 2746 1020 2782 Christum.
1053 2747 1202 2783 Dixerat
1229 2754 1352 2783 autem

284 2799 381 2836 Deus
398 2801 432 2836 in
452 2802 622 2847 paradiso
643 2815 651 2837 :
681 2816 693 2836 ‹
718 2803 796 2847 Qua
817 2805 875 2841 die
893 2806 1098 2852 tetigeritis,
1130 2812 1247 2843 morte
1273 2818 1351 2843 mo-

285 2855 429 2898 riemini
449 2860 549 2910 (Gen.
586 2863 641 2910 ιι).
671 2877 682 2897 i
707 2863 783 2900 Hoc
816 2870 872 2900 cst
902 2866 1133 2902 maledictum
1166 2868 1262 2913 quod
1288 2878 1351 2914 pe-

285 2922 411 2967 pendit
439 2925 476 2959 in
510 2924 620 2970 ligno.
656 2925 718 2960 Ille
743 2932 850 2970 negat
883 2926 1070 2962 Christum
1100 2927 1348 2971 maledictum,

286 2983 348 3028 qui
368 2987 475 3028 negat
497 2989 533 3018 et
554 2989 750 3020 mortuum.
780 2986 849 3028 Qui
880 2991 999 3021 autem
1035 2987 1229 3022 confitetur
1253 2999 1351 3024 mor-

287 3047 404 3085 tuum,
421 3047 457 3078 et
478 3053 611 3088 negare
628 3054 700 3079 non
717 3050 836 3088 potest
853 3051 1006 3081 mortem
1026 3046 1070 3082 de
1087 3053 1235 3092 peccato
1253 3059 1346 3093 esse,

287 3108 325 3138 ct
355 3104 400 3139 oh
431 3104 501 3140 hoc
529 3104 639 3139 etiam
671 3104 788 3150 ipsum
820 3111 1009 3150 peccatum
1046 3108 1187 3150 vocari,
1227 3110 1351 3146 audiat

287 3163 499 3210 Apostolum
517 3164 696 3201 dicentem
717 3175 727 3200 :
750 3178 762 3199 ι
786 3165 962 3210 Quoniam
980 3173 1084 3204 vetus
1101 3169 1209 3206 homo
1225 3176 1351 3207 noster

290 3226 397 3262 simul
422 3237 504 3263 cum
526 3226 587 3263 illo
621 3227 816 3264 crucifixus
842 3234 900 3265 est
917 3228 1012 3275 (Gal.
1040 3229 1112 3277 ιιι),
1138 3244 1150 3266 ι
1178 3236 1215 3268 et
1241 3232 1348 3267 intel-

290 3288 376 3334 ligat
394 3299 502 3334 quem
521 3289 754 3325 maledictum
772 3299 852 3326 esse
870 3289 1012 3336 Moyses
1031 3290 1177 3327 dixerit.
1196 3290 1352 3338 Ideoque

290 3355 438 3386 secutus
461 3349 658 3396 Apostolus
676 3350 727 3386 ait
748 3350 793 3387 de
818 3350 987 3387 Christo:
1009 3349 1143 3387 Factus
1170 3362 1232 3398 pro
1253 3351 1352 3387 nobis

291 3410 497 3447 maledictus
518 3411 665 3460 (Ibid.);
686 3412 780 3449 sicut
794 3422 868 3449 non
888 3413 1008 3449 timuit
1021 3414 1142 3450 dicere
1161 3425 1175 3448 ι
1196 3423 1262 3460 pro
1275 3423 1353 3449 om-

292 3470 398 3506 nibus
422 3476 587 3508 mortuus
603 3477 673 3517 est,
695 3486 708 3508 »
726 3474 822 3520 quod
838 3478 894 3510 est
908 3473 1134 3517 maledictus,
1153 3473 1239 3521 quia
1251 3483 1352 3510 mors

292 3532 371 3579 ipsa
398 3543 443 3569 ex
461 3534 652 3572 maledieto
672 3540 743 3582 est,
762 3540 799 3572 et
817 3535 1049 3573 maledictum
1066 3541 1123 3572 est
1139 3545 1246 3572 omne
1265 3544 1354 3582 pec-

291 3598 428 3639 catum,
446 3595 524 3631 sive
543 3596 658 3642 ipsum
678 3597 774 3643 quod
790 3597 845 3641 fit,
864 3603 904 3634 ut
929 3602 1102 3644 sequatur
1124 3596 1354 3644 supplicium,

293 3653 371 3691 sive
387 3655 506 3702 ipsum
525 3657 754 3703 supplicium,
771 3658 868 3704 quod
888 3657 960 3695 alio
975 3658 1083 3695 modo
1103 3662 1254 3695 vocatur
1271 3666 1356 3705 peo-

294 3720 428 3758 eaturn‚
447 3718 543 3762 quod
576 3717 615 3754 tit
645 3729 690 3755 ex
719 3723 883 3765 peccato.
915 3718 1225 3765 Suscepit²autem
1251 3716 1356 3756 chri-

297 3778 374 3808 stus
391 3777 468 3812 sine
488 3784 591 3814 reatu
607 3780 822 3826 supplicium
841 3785 1022 3822 nostrum,
1042 3785 1083 3815 ut
1100 3779 1185 3818 inde
1193 3777 1358 3823 ¹solveret

295 3829 444 3871 beatum
465 3842 642 3885 nostrum,
663 3844 707 3875 ut
727 3839 830 3878 tieret
847 3838 1068 3888 supplicium
1087 3830 1271 3878 vositum·
1300 3836 1356 3877 Ex

725 232 765 269 Β.
794 232 964 270 RABANI
989 233 1137 272 MAURI
1159 232 1375 272 ARCHIEP.
1398 231 1606 272 MOGUNT.
1634 231 1826 272 OPERUM
1849 231 1972 271 PARS
1993 231 2021 268 1.
2410 207 2414 219 ²
2432 218 2452 260 1:

291 308 489 348 taminabis
518 312 654 347 terram
681 316 795 348 tuam.
822 325 835 347 ι
858 313 954 360 Ergo
986 314 1068 359 quia
1102 316 1202 348 terra
1233 312 1356 350 carnis
1373 312 1410 353 A
1424 312 1568 360 ingenio
1587 322 1669 348 meo
1686 311 1756 348 ista
1771 310 1940 351 dixerim,
1956 308 1987 343 si
2003 316 2076 344 non
2089 302 2280 352 Apostolus
2295 291 2402 342 toties
2438 321 2453 337 ‹

1424 375 1592 418 inculcat,
1614 380 1654 411 ut
1680 379 1716 410 et
1748 372 1971 409 dormientes
1990 370 2136 414 excitet,
2165 374 2203 407 et
2221 369 2429 408 calumnian
2446 408 2453 414 ,,

1422 436 1585 474 suffocet.
1613 448 1625 469 ‹
1648 434 1745 471 Misit
1762 434 1870 477 Deus,
1891 432 2021 480 inquit,
2041 432 2175 470 Filium
2203 443 2310 469 suum
2333 433 2371 469 in
2388 439 2446 470 siu

1422 496 1611 533 litudinem
1637 494 1757 531 carnis
1784 494 1946 540 peceati,
1977 499 2017 530 ut
2046 494 2090 530 de
2116 498 2264 539 peccato
2297 494 2418 530 damn

1421 562 1611 604 peccatum
1631 555 1668 591 in
1686 564 1796 591 carne
1814 554 1936 602 (Rom.
1954 553 2050 602 viu).
2073 567 2085 588 ι
2104 554 2183 590 Non
2203 564 2288 601 ergo
2312 558 2403 597 erat,
2423 553 2435 590 i
2461 559 2464 562 '

1422 627 1507 653 caro
1522 615 1676 662 peccati,
1702 615 1787 661 quia
1818 625 1889 651 non
1916 615 1960 652 de
1998 614 2148 651 traduce
2180 614 2414 651 mortalitatis

1421 675 1574 710 Mariam
1590 684 1655 721 per
1668 674 1870 711 masculum
1889 679 2050 711 venerat.
2072 673 2143 710 Sed
2173 680 2294 711 tamen
2327 675 2411 721 quia
2449 679 2464 706 ν

1421 742 1571 783 peccato
1603 742 1660 773 est
1690 747 1806 781 mors,
1842 737 1902 772 illa
1937 747 2034 781 caro,
2067 736 2230 782 quamvis
2260 745 2304 771 ex
2331 735 2461 782 virgin

1420 797 1584 832 mortalis
1605 802 1725 832 tamen
1755 795 1850 833 suit:
1871 808 1915 833 eo
1934 797 2012 842 ipso
2043 807 2115 843 quo
2147 796 2311 832 mortalis
2329 801 2408 832 erat
2433 795 2463 832 s⁰

1420 856 1659 892 militudinem
1686 857 1808 893 carnis
1846 857 1986 903 peccati
2019 856 2186 893 hahebat.
2220 856 2297 892 Hoc
2330 855 2483 902 appell

1420 916 1530 953 etiam
1557 923 1746 963 peccatum
1766 922 2030 963 consequenter
2053 916 2203 953 dicens:
2228 928 2240 949 c
2265 916 2312 952 Ut
2341 916 2384 952 de
2400 926 2486 962 peu

1421 983 1501 1014 cato
1535 978 1723 1015 damnaret
1754 983 1943 1024 peccatum
1974 978 2010 1013 in
2038 987 2160 1013 carne.
2188 989 2201 1011 ›
2224 976 2314 1012 Item
2349 977 2387 1012 in
2416 975 2468 1012 a*

1420 1037 1524 1074 loco:
1551 1050 1562 1072 ι
1595 1038 1701 1082 Eum,
1736 1038 1865 1083 inquit,
1900 1037 1959 1084 qui
1991 1048 2063 1073 non
2098 1042 2250 1074 noverat
2281 1042 2431 1084 peccatu
2456 1047 2485 1069 i.»

1419 1105 1609 1144 peccatum
1625 1109 1691 1144 pro
1709 1099 1813 1135 nobis
1832 1099 1928 1141 fecit,
1952 1104 1992 1134 ut
2007 1109 2074 1134 nos
2089 1108 2251 1135 essemus
2265 1096 2407 1142 Justitia
2421 1098 2473 1135 De

1421 1159 1456 1194 in
1477 1160 1553 1205 ipso
1579 1159 1635 1206 (II
1656 1159 1738 1195 Cor.
1760 1159 1811 1206 v).
1834 1173 1846 1193 »
1875 1159 1948 1194 Cur
1974 1169 2059 1205 ergo
2088 1159 2231 1195 timeret
2259 1158 2400 1205 Moyses
2431 1157 2468 1194 di

1421 1280 1541 1315 timuit
1562 1280 1710 1314 dicere?
1726 1279 1836 1314 Plane
1866 1279 1936 1314 hoc
1960 1279 2135 1324 propheta
2154 1284 2190 1314 et
2206 1279 2405 1325 praevidere
2425 1280 2460 1316 d·
2473 1312 2485 1326 ἶ

1419 1340 1498 1374 buit
1522 1346 1558 1375 et
1579 1339 1791 1385 praedicere,
1823 1344 1972 1384 paratus
2004 1339 2049 1375 ab
2077 1339 2258 1375 haereticis
2287 1350 2370 1375 cum
2386 1339 2483 1386 Apo'

1420 1398 1514 1434 stolo
1540 1399 1771 1445 reprehendi.
1793 1397 1964 1445 Quisquis
1981 1399 2079 1435 enim
2103 1400 2379 1445 reprehenderit
2403 1410 2486 1447 pro-

1419 1459 1566 1504 phetam
1599 1459 1734 1495 dixisse
1764 1472 1776 1493 ‹
1806 1460 2051 1503 maledictum,
2077 1473 2089 1494 ›
2116 1466 2264 1506 cogetur
2294 1462 2463 1507 reprehe·

1420 1518 1505 1554 dere
1534 1518 1747 1563 Apostolum
1776 1519 1910 1556 dixisse
1939 1531 1950 1552 ‹
1971 1524 2187 1565 peccatum:
2216 1533 2228 1554 ›
2251 1530 2335 1555 nam
2361 1521 2488 1566 unqu·-

1419 1579 1650 1615 maledictum
1671 1589 1793 1616 comes
1814 1585 1868 1616 est
1887 1580 2039 1625 peccati.
2066 1579 2141 1616 Nec
2159 1580 2238 1616 ideo
2256 1581 2372 1627 maj0r
2395 1581 2486 1629 invi]

1419 1643 1477 1678 dia
1507 1648 1562 1678 est
1586 1644 1681 1688 quod
1708 1643 1888 1679 addiderit
1911 1656 1923 1676 ι
1946 1643 2031 1687 Deo,
2057 1656 2069 1677 ›
2094 1648 2136 1679 ut
2150 1642 2311 1678 diceret:
2338 1655 2351 1677 ‹
2373 1643 2474 1682 Mal:

1419 1702 1536 1738 dictus
1560 1703 1634 1738 Deo
1667 1704 1784 1739 omnis
1815 1703 1874 1748 qui
1918 1703 2128 1749 pependerit
2161 1703 2197 1739 in
2224 1703 2334 1749 ligno.
2365 1717 2378 1738 ›
2410 1703 2489 1742 Nm

1418 1765 1516 1800 enim
1549 1766 1644 1801 Deus
1667 1766 1804 1802 odisset
1836 1772 2027 1812 peccatum
2058 1772 2095 1803 et
2122 1772 2277 1803 mortem
2309 1773 2487 1804 nostram·

1419 1836 1490 1862 non
1522 1827 1567 1862 ad
1598 1837 1679 1863 eam
1709 1828 1974 1873 suscipiendam
2004 1834 2114 1875 atque
2142 1829 2330 1865 delendam
2355 1828 2474 1865 Filius.

1419 1899 1522 1926 suum
1541 1889 1716 1925 mitteret.
1736 1889 1827 1932 Quid
1853 1899 1938 1936 ergo
1959 1890 2091 1926 mirum
2115 1890 2145 1926 si
2172 1889 2404 1926 maledictum
2431 1899 2489 1926 e==

1417 1948 1492 1984 Deo
1512 1949 1607 1995 quod
1624 1949 1700 1984 odit
1719 1949 1843 1985 Deus?
1862 1949 1976 1986 Tanto
1990 1949 2087 1985 enim
2107 1949 2279 1986 libentius
2298 1948 2402 1985 nobis
2420 1948 2488 1997 dofq

1418 2015 1481 2045 nat
1496 2010 1819 2051 immortalitatem,
1841 2020 1920 2056 quse
1934 2010 2055 2046 futura
2070 2016 2125 2046 est
2140 2010 2285 2046 Christo
2300 2010 2488 2060 veniente4

1418 2074 1556 2115 quanto
1571 2069 1846 2105 misericordius
1875 2069 1951 2105 odit
1978 2075 2132 2106 mortem
2151 2075 2327 2113 nostram,
2351 2079 2431 2115 quae
2448 2070 2475 2105 i

1417 2129 1516 2175 ligno
1536 2130 1705 2175 pependit
1725 2129 1871 2166 Christo
1894 2130 2084 2165 moriente.
2107 2129 2210 2174 Quod
2237 2135 2357 2166 autem
2387 2129 2489 2166 add’

1420 2196 1494 2226 tum
1523 2196 1592 2233 est,
1619 2203 1631 2224 ι
1658 2191 1789 2234 omnis,
1815 2205 1826 2225 ι
1851 2196 1892 2226 ut
1919 2191 2104 2227 videretur
2125 2203 2138 2224 ‹
2167 2191 2380 2234 maledictus
2408 2201 2430 2227 o
2475 2239 2477 2243 Ι

1418 2251 1474 2286 nis
1493 2252 1553 2297 qui
1574 2251 1611 2286 in
1631 2251 1729 2297 ligno
1746 2252 1931 2298 pependit,
1958 2266 1969 2286 ι
1994 2262 2065 2288 non
2087 2262 2174 2289 sane
2197 2252 2339 2299 Moyses
2365 2252 2490 2290 minu

1417 2311 1592 2357 praevidet
1605 2311 1715 2347 etiam
1726 2310 1844 2356 justos
1864 2311 1899 2347 in
1920 2321 2026 2348 cruce
2045 2313 2199 2356 suturoe,
2215 2313 2278 2349 sed
2290 2313 2381 2348 hene
2396 2323 2463 2359 pr·

1417 2374 1515 2410 videt
1534 2374 1724 2409 haereticos
1744 2382 1868 2409 veram
1888 2379 2042 2410 mortem
2061 2373 2203 2410 Domini
2221 2379 2428 2421 negaturos,
2445 2383 2489 2410 e

1418 2435 1500 2471 ideo
1531 2435 1693 2471 volentes
1713 2435 1758 2470 ab
1780 2435 1849 2471 hoc
1865 2434 2056 2471 maledicto
2080 2434 2263 2471 Christum
2281 2434 2483 2481 sejungere,

1419 2499 1458 2530 ut
1477 2504 1497 2529 a
1513 2494 1641 2530 mortis
1660 2494 1771 2530 etiam
1800 2493 1954 2530 veritate
1982 2494 2226 2541 sejungerent.
2252 2494 2291 2530 Si
2311 2495 2407 2530 enim
2424 2494 2474 2531 ill

1418 2567 1505 2593 vera
1534 2567 1634 2593 mors
1665 2566 1738 2592 non
1771 2561 1863 2599 erat,
1903 2555 2042 2591 nullum
2078 2556 2308 2592 maledictum
2341 2555 2488 2604 Christi⁴

1419 2617 1594 2654 crucifixo
1617 2617 1788 2663 pependit
1820 2616 1858 2652 in
1889 2616 2000 2663 ligno,
2022 2616 2107 2663 quia
2127 2626 2194 2653 nec
2212 2617 2407 2654 crucifixus
2429 2626 2463 2653 e
2482 2622 2494 2665 j

1418 2690 1517 2717 vere.
1540 2679 1611 2716 Sed
1639 2685 1766 2716 contra
1786 2679 1892 2726 longe
1917 2677 2057 2715 futuros
2075 2679 2277 2722 haereticos,
2299 2689 2408 2725 quam
2440 2677 2478 2714 d

1419 2742 1524 2788 louge
1538 2741 1671 2777 clamat
1684 2740 1825 2787 Moyses
1844 2753 1852 2775 :
1876 2752 1889 2773 ‹
1914 2739 2002 2776 Sine
2020 2749 2129 2776 causa
2148 2738 2450 2786 tergiversamini,
2464 2749 2481 2775 ι

1420 2803 1550 2848 quibus
1574 2801 1737 2847 displicet
1756 2802 1890 2837 veritas
1915 2800 2043 2837 mortis
2065 2799 2213 2843 Christi,
2238 2811 2250 2832 ‹
2272 2798 2487 2835 Maledictu

1419 2863 1537 2898 omnis
1567 2862 1627 2908 qui
1653 2862 1825 2908 pependit
1840 2863 1877 2897 in
1896 2862 2006 2909 ligno.
2030 2874 2043 2896 ι
2064 2861 2143 2897 Νοιι
2161 2860 2221 2896 ille
2238 2865 2301 2896 aut
2319 2860 2391 2905 ille,
2419 2870 2485 2897 se

1419 2923 1537 2958 omnis
1564 2922 1732 2958 omnino!
1762 2922 1929 2959 Etiamne
1946 2927 1983 2958 et
1999 2921 2112 2958 Filius
2132 2920 2222 2956 Dei?
2238 2920 2359 2956 Etiam
2377 2929 2465 2968 pror

1421 2993 1495 3018 sus.
1527 2982 1619 3018 Nam
1646 2984 1715 3019 hoc
1738 2983 1909 3028 estquod
1927 2991 1999 3018 non
2027 2981 2161 3018 vultis:
2186 2980 2271 3017 inde
2301 2980 2488 3035 satagitis.

1421 3043 1506 3080 inde
1527 3044 1712 3080 seducitis.
1743 3044 1915 3091 Displicet
1935 3044 2031 3080 enim
2058 3043 2162 3080 vobis
2184 3042 2396 3080 maledictus
2415 3053 2439 3089 p
2468 3051 2488 3073 ss

1421 3105 1537 3149 nohis,
1559 3105 1643 3151 quia
1666 3105 1832 3151 displicet
1849 3110 2011 3141 mortuus
2027 3115 2094 3152 pro
2119 3104 2238 3142 nobis.
2261 3103 2363 3141 Tunc
2383 3103 2482 3157 ι’,ιιίι1

1421 3171 1524 3201 extra
1539 3166 1772 3202 maledictum
1785 3166 1880 3203 illius
1895 3167 2025 3209 Adam,
2041 3166 2071 3203 si
2087 3171 2192 3203 extra
2203 3166 2298 3203 illius
2311 3171 2465 3204 mortem

1421 3225 1513 3262 Cum
1531 3235 1616 3262 vero
1640 3236 1684 3261 ex
1704 3226 1850 3262 homine
1875 3231 1912 3262 et
1937 3236 2003 3271 pro
2022 3227 2168 3262 homine
2187 3232 2342 3262 mortem
2360 3237 2422 3263 sus
2451 3241 2460 3258 ι

1420 3284 1486 3329 pit,
1505 3294 1550 3319 ex
1570 3284 1630 3320 iilo
1653 3288 1688 3319 et
1712 3294 1778 3329 pro
1806 3284 1868 3320 illo
1885 3285 1995 3320 etiam
2018 3284 2249 3320 maledictum
2269 3286 2367 3331 quod
2383 3296 2443 3323 mo
2478 3322 2482 3330 ,

1423 3353 1493 3384 tem
1511 3347 1718 3390 comitatur,
1739 3347 1924 3392 suscipere
1953 3356 2026 3382 non
2056 3346 2270 3394 dedignatus
2295 3353 2351 3385 est
2370 3349 2469 3385 etia

1421 3408 1495 3451 ille,
1515 3417 1667 3454 prorsus
1694 3406 1804 3442 etiam
1829 3406 1890 3442 ille
1914 3405 2028 3443 Filius
2051 3406 2130 3451 Dei,
2153 3417 2296 3454 semper
2313 3409 2418 3445 vivus
2442 3409 2455 3446 i

1421 3479 1487 3505 sua
1510 3466 1665 3514 justitia,
1694 3473 1858 3504 mortuus
1876 3470 1997 3503 autem
2024 3472 2175 3514 propter
2205 3468 2334 3506 delicta
2354 3474 2437 3506 nost

1422 3530 1460 3566 in
1478 3538 1589 3566 carne
1601 3532 1770 3575 suscepta
1785 3537 1830 3564 ex
1847 3536 1956 3575 poena
1971 3532 2108 3564 nostra.
2128 3527 2189 3566 Sic
2204 3533 2242 3565 et
2260 3539 2403 3576 semper
2420 3529 2466 3568 ba.

1422 3589 1588 3628 nedictus
1610 3589 1649 3626 in
1671 3599 1735 3626 sua
1755 3587 2153 3635 justitia„maledictus
2181 3594 2302 3626 autem
2330 3599 2421 3636 prop
2446 3604 2460 3620 ιι

1422 3650 1554 3688 delicta
1570 3654 1709 3694 nostra,
1739 3649 1776 3685 in
1800 3654 1916 3687 morte
1934 3654 2101 3697 suscepta
2129 3657 2174 3686 ex
2198 3657 2308 3696 poena
2337 3654 2462 3687 nostr

1421 3712 1474 3749 Ac
1492 3708 1638 3759 per'hoc
1655 3709 1815 3747 additum
1830 3715 1896 3752 est,
1918 3723 1930 3745 ‹
1949 3710 2106 3756 omnis.»
2120 3719 2166 3746 ne
2178 3709 2345 3749 Christus
2359 3710 2407 3748 ad
2438 3744 2442 3750 ,

1422 3782 1501 3809 ram
1524 3776 1676 3809 mortem
1695 3781 1764 3808 non
1782 3772 1964 3818 pertinere
1982 3767 2177 3823 diceretur,
2197 3770 2229 3808 si
2247 3781 2268 3808 a
2286 3769 2452 3822 maledi

1423 3833 1519 3885 quod
1535 3832 1644 3874 morti
1663 3832 1896 3882 conjunctum
1916 3837 1985 3883 est,
2006 3827 2190 3883 insipienti
2203 3828 2425 3872 honoriam

2489 2535 2498 2562 t
