2540 4016
33 195 106 234 595

34 339 98 376 bat
130 338 353 380 immundas;
392 340 428 372 et
473 334 614 370 lavatus
649 342 741 379 aqua
769 331 995 380 poenitentiae
1029 335 1091 366 aut

36 399 276 446 baptismatis,
297 402 384 434 tunc
400 395 604 433 necessarie
623 393 870 437 mundabitur,
894 402 980 428 nam
1003 395 1042 428 et
1060 391 1090 427 si

37 463 212 499 mundum
233 471 315 498 eum
345 460 510 507 superius
537 457 757 500 nominavit,
784 456 836 492 ait
854 456 951 492 enim
973 466 982 490 ι
1002 453 1091 490 Cum

37 524 130 558 visus
156 523 264 569 fuerit
289 533 361 558 esse
395 520 601 563 mundatus,
637 518 755 564 efferet
791 517 879 552 duos
917 525 1090 563 passeres,

38 583 102 620 sed
125 593 208 619 eum
230 583 292 628 qui
310 587 415 628 aptus
447 586 527 617 erat
556 580 602 616 ad
631 579 903 615 mundationem
933 575 1090 612 dicebat.

37 642 129 678 Nam
145 643 326 688 quomodo
343 642 374 678 is
390 641 450 687 qui
464 640 539 686 jam
562 639 718 675 mundus
734 643 792 674 est
809 637 926 674 adhuc
946 645 1094 672 necesse

37 702 146 738 habet
178 702 368 737 mundari?
396 702 498 738 Tunc
519 701 610 736 etin
646 704 766 736 castra
799 697 1024 745 ingredietur
1054 699 1095 731 ut

37 763 230 800 conventui
254 768 379 798 nostro
401 763 557 805 intersit,
581 768 690 808 atque
709 759 990 806 intelligibilium
1007 767 1094 792 con-

37 826 218 858 tractuum
237 822 371 865 socius,
395 827 431 857 et
454 821 601 858 alterius
629 819 890 856 commistionis
911 826 990 862 quae
1011 825 1094 851 cum

37 880 202 918 fidelibus
232 883 400 925 habetur,
432 882 641 928 acquiratur
674 879 828 922 fructus,
858 888 879 913 a
911 888 981 923 qua
1010 877 1094 922 quia

37 943 302 988 prohibeantur
328 943 366 978 hi
381 943 443 989 qui
463 942 617 977 necdum
643 939 806 975 mundati
826 943 910 973 sunt
927 944 1095 983 peccato-

28 1015 108 1047 τρε,
143 1005 226 1041 andi
245 1005 456 1050 Apostolum
483 1003 662 1038 dicentem
681 1013 689 1036 ε
716 1000 756 1036 Si
775 1000 804 1036 is
824 1000 882 1046 qui
902 999 1012 1045 frater
1033 1011 1095 1035 no-

35 1066 204 1106 minatur,
238 1070 298 1098 aut
318 1063 458 1098 adulter
473 1068 538 1104 est,
564 1067 624 1096 aut
659 1070 800 1100 avarus.
819 1065 879 1094 aut
904 1059 1092 1103 detractor,

33 1131 95 1160 aut
126 1124 298 1166 ebriosus,
322 1129 383 1158 aut
404 1134 528 1169 rapax,
550 1133 630 1158 cum
648 1121 854 1168 hujusmodi
889 1131 950 1156 nec
981 1121 1095 1156 cibum

26 1245 304 1281 itabernaculum
341 1255 444 1281 suum
468 1250 599 1288 manet,
633 1244 750 1280 adhuc
768 1248 977 1279 sanctorum
998 1254 1095 1280 com-

27 1306 204 1342 tmunione
220 1311 370 1352 propter
387 1306 614 1342 subtiliorem
633 1306 851 1350 custodiam,
872 1311 909 1342 et
921 1306 1095 1352 paulatim

29 1368 80 1403 *ad
118 1367 267 1406 meliora
307 1373 518 1413 provectum
566 1373 766 1414 separatus.
803 1368 1095 1404 Tabernaculum

35 1429 130 1465 enim
157 1429 443 1475 uniuscujusque
463 1435 626 1466 nostrum
662 1431 920 1477 mysteriorum
954 1430 1097 1475 adeptio

37 1495 102 1532 est,
125 1490 395 1526 tabernaculum
420 1501 439 1526 a
458 1491 539 1538 gelu
560 1496 685 1537 tegens
711 1501 777 1526 nos
803 1497 838 1526 et
859 1491 903 1526 ab
920 1497 1025 1534 aestu,
1043 1495 1096 1526 ta-

37 1552 268 1587 bernaculum
285 1552 322 1587 in
344 1562 414 1598 quo
436 1559 557 1588 coenat
575 1562 657 1587 cum
677 1553 762 1594 Deo,
779 1552 873 1587 sicut
896 1562 978 1587 cum
995 1556 1098 1597 patre

38 1611 111 1654 tilii,
136 1618 199 1647 aut
216 1623 298 1648 cum
319 1623 451 1658 sponso
470 1623 614 1659 sponsa,
638 1613 695 1648 vel
716 1613 745 1648 si
765 1613 901 1658 aliquid
921 1612 1018 1648 aliud
1044 1613 1097 1648 di-

39 1671 130 1706 eitur
150 1672 246 1717 quod
278 1673 392 1720 magis
416 1674 462 1709 ad
488 1673 756 1718 proximitatem
774 1673 1000 1719 cognationis
1015 1683 1097 1719 pcr-

39 1731 150 1768 tinct:
172 1732 218 1767 Et
236 1733 291 1768 die
317 1734 462 1779 septima
485 1733 587 1768 rades
608 1733 753 1780 capillos
774 1734 912 1780 capitis,
935 1733 1096 1768 barbam-

41 1802 100 1836 que
135 1798 166 1827 el
188 1792 390 1838 supercilia,
411 1803 452 1826 ac
473 1793 580 1827 totius
618 1793 773 1838 corporis
804 1792 908 1838 pilos.
942 1792 1012 1828 Sed
1037 1793 1096 1829 hic

35 1863 107 1888 uon
132 1853 246 1888 solum
267 1858 387 1898 caput,
416 1852 478 1888 sed
506 1857 542 1887 et
561 1853 728 1895 barbam,
759 1858 796 1888 ct
827 1853 1037 1898 supercilia,
1061 1859 1096 1888 et

36 1924 178 1950 omnem
211 1913 427 1959 simpliciter
454 1913 567 1959 pilum
602 1913 663 1958 qui
683 1913 719 1948 in
738 1913 836 1948 omni
854 1923 1007 1958 corpore
1025 1918 1093 1956 est,

26 1985 77 2010 uc
98 1985 163 2021 per
194 1975 264 2010 hoc
294 1980 330 2010 et
362 1973 589 2010 occultarum
616 1974 772 2020 partium
798 1974 875 2009 radi
909 1975 1093 2020 praecepit.

33 2034 175 2070 Nullam
191 2045 231 2070 et
233 2047 277 2081 go
292 2035 324 2070 ei
340 2034 596 2082 cogitationem
617 2041 776 2071 veterem
791 2045 981 2071 remanere
996 2046 1016 2070 v
1021 2035 1092 2070 ult.

29 2174 42 2187 ι
39 2157 124 2200 tali,
146 2163 182 2193 et
212 2156 324 2192 multa
343 2157 387 2193 de
408 2157 561 2192 diversis
579 2156 797 2202 disceptanti
812 2157 991 2202 praebent,
1012 2156 1095 2192 illas

47 2219 133 2253 :uim
152 2229 216 2263 per
248 2223 370 2263 caput,
395 2224 543 2264 propter
564 2224 732 2255 ornatum
762 2224 798 2254 et
825 2218 1095 2254 multitudinem

46 2279 237 2324 ⁴‚igniticau
271 2279 333 2314 sed
356 2289 424 2315 nec
442 2279 508 2314 has
538 2289 618 2324 quae
637 2279 821 2315 hominem
846 2278 1095 2324 contemplati-

47 2348 121 2373 Jum
136 2339 378 2381 constituunt,
396 2338 439 2373 de
455 2338 669 2375 sublimibus
684 2344 721 2374 et
735 2339 976 2375 divinioribus
987 2340 1096 2374 rebus

49 2400 252 2447 :ogitantem
270 2427 278 2443 ,
302 2400 370 2435 hoc
386 2400 482 2435 enim
504 2400 706 2446 superciliis
720 2401 943 2446 designatur,
964 2401 1095 2446 quaein

38 2461 224 2497 altioribus
251 2467 337 2497 sunt
361 2462 428 2496 sita
453 2467 489 2497 et
521 2462 617 2497 circa
638 2462 1002 2507 contemplativorum
1020 2473 1096 2497 ma-

39 2523 158 2558 dentia
187 2532 357 2558 sensuum
377 2532 526 2567 organa,
543 2524 606 2559 sed
622 2533 688 2559 nec
707 2523 786 2559 illas
801 2533 880 2568 quae
904 2523 1096 2559 discretio-

38 2583 118 2618 nale
151 2584 394 2626 continentes,
421 2594 486 2628 per
515 2585 666 2619 barbam
698 2589 796 2619 recte
816 2583 1093 2629 significantur:

48 2644 121 2688 1uia
148 2644 300 2679 barbam
319 2642 476 2679 maxime
498 2644 591 2679 inter
611 2644 715 2679 virile
734 2653 846 2689 genus
866 2649 902 2678 et
919 2643 1097 2680 muliebre

48 2705 187 2741 lividat.
203 2705 287 2741 Haec
308 2710 442 2749 autem,
467 2715 538 2741 non
560 2707 738 2751 quomodo
755 2714 882 2741 carere
898 2715 981 2741 eum
1000 2706 1092 2752 cogi-

55 2766 176 2802 atione
193 2767 342 2812 cupiens
358 2767 545 2812 praecepit,
566 2767 629 2802 sed
644 2776 778 2802 novum
796 2771 929 2810 totum,
944 2771 980 2802 et
995 2767 1097 2812 quasi

51 2829 144 2866 nodo
165 2829 327 2875 genitum
359 2829 438 2864 fieri
471 2828 610 2873 volens,
636 2833 672 2864 et
708 2828 910 2874 exspoliare
935 2835 1096 2863 veterem

42 2889 237 2932 nominem,
262 2894 302 2925 ut
334 2889 454 2935 capiat
471 2899 603 2925 novum
628 2900 638 2924 :
659 2889 838 2935 quomodo
862 2889 959 2925 enim
980 2889 1013 2925 ei
1034 2890 1095 2935 qui

63 2949 227 2995 ntiquum
246 2951 337 2986 rasit
367 2949 496 2995 pilum,
520 2949 611 2986 alius
631 2959 746 2986 novus
765 2958 800 2986 ct
819 2960 946 2986 recens
975 2951 1096 2986 nasci-

45 3019 115 3054 tur,
144 3010 196 3047 sic
219 3016 255 3046 et
291 3010 376 3046 huic
402 3010 585 3046 veteribus
622 3010 760 3046 carenti
797 3010 1090 3057 cogitationibus,

62 3069 119 3106 11ae
134 3080 234 3106 novae
249 3071 294 3106 ad
308 3070 457 3107 meliora
474 3070 663 3117 pullulant.
685 3071 823 3107 Lavare
840 3072 950 3107 etiam
965 3083 1092 3110 rursus

62 3131 253 3168 estimenta
272 3142 350 3176 sua,
371 3132 407 3168 id
439 3138 508 3176 cst,
531 3133 692 3169 actiones
711 3134 862 3170 mundas
882 3133 1037 3179 efficere,
1057 3142 1093 3172 et

54 3215 63 3237 3
85 3191 171 3229 abit
203 3192 336 3228 iterum
365 3203 497 3239 corpus
536 3203 644 3240 aqua,
679 3194 836 3230 secundo
860 3195 983 3241 utique
1004 3196 1094 3232 illud

60 3262 79 3281 e*
98 3257 176 3310 ant,
208 3252 314 3289 nobis
338 3259 460 3289 autem
479 3263 550 3289 non
569 3258 625 3290 est.
656 3254 854 3291 secundum
880 3255 1058 3302 baptisma
1080 3270 1088 3293 :

43 3322 54 3340 ¹-
124 3363 137 3368 Ἰ.
175 3314 266 3350 enim
303 3314 487 3359 Dominus,
534 3326 606 3352 una
639 3315 741 3362 fides,
775 3328 885 3352 unum
922 3317 1094 3365 baptisma

44 3378 45 3386 ¹
216 3375 281 3422 iv).
311 3374 358 3411 Et
383 3375 563 3421 quomodo
602 3377 759 3413 secundo
790 3377 989 3422 lavabitur,
1023 3379 1095 3415 nisi

142 3451 156 3483 p
187 3449 204 3485 j.
229 3444 296 3482 per
317 3436 520 3484 lacrymas?
553 3436 629 3474 Hoc
657 3438 755 3475 enim
787 3448 860 3474 non
879 3439 993 3475 semel
1026 3449 1095 3476 nec

182 3570 210 3605 7‚-
239 3572 267 3588 ·-
284 3562 315 3606 t
331 3570 340 3594 :
362 3557 477 3596 Facta
493 3566 574 3596 sunt
594 3561 680 3597 milii
699 3559 865 3608 lacrymae
884 3571 971 3597 meae
985 3571 1093 3608 panes

219 3634 281 3669 ’ς-
273 3615 516 3669 Qffltur:

165 3718 171 3726 ,
348 3690 486 3735 agnos
504 3681 764 3728 immaculatos,
780 3689 813 3720 et
832 3695 929 3721 ovem
947 3684 1095 3720 annicu-

174 3760 177 3764 ’
256 3739 349 3789 ’,
343 3758 351 3774 τ
387 3766 428 3785 ,,,
447 3746 481 3778 et
499 3748 568 3779 tres
585 3742 739 3800 decimas
754 3744 910 3782 similae'
897 3756 935 3782 tn
953 3745 1095 3790 sacrifi-

70 3796 115 3842 'o‚
127 3806 206 3850 quie
221 3770 404 3846 conspersa
421 3801 467 3837 sit
484 3801 574 3842 oleo.
589 3809 623 3839 et
635 3804 782 3841 seorsim
797 3804 865 3842 olei
877 3806 1092 3843 sextarium-
1078 3832 1090 3849 ,

261 3896 265 3900 ,
308 3858 492 3904 ennon.
523 3860 671 3907 cvm.

643 187 981 228 EXPOSITIONES
1005 188 1051 225 IN
1078 186 1346 226 LEVlTICUM.
1368 205 1418 214 —
1438 186 1528 224 un.
1551 187 1613 224 lv.

23 285 180 313 =omuem
194 274 448 322 cogitationem
465 255 622 318 deponit,
648 269 734 316 quia
753 279 880 307 omnes
901 278 965 305 eas
980 267 1088 305 habe·
1106 272 1142 312 Α
1158 277 1304 314 cumque
1321 249 1485 302 sacerdos
1501 263 1695 311 purificans
1731 261 1907 298 hominem
1931 265 2092 302 statuerit
2120 277 2213 311 eum,

2139 188 2211 227 594

1156 335 1191 365 et
1204 330 1279 365 hoec
1293 329 1413 365 omnia
1427 338 1548 363 coram
1561 326 1714 362 Domino
1728 325 1767 361 in
1784 325 1874 360 ostio
1891 324 2109 362 tabernaculi
2125 328 2218 364 testi-

1155 388 1278 433 monii,
1294 388 1391 424 tollet
1405 398 1536 435 aqnum
1547 391 1579 422 et
1596 386 1719 432 offeret
1731 384 1835 420 illum
1847 395 1911 431 pro
1928 383 2070 429 delicto,
2085 385 2218 433 oleique

1157 450 1364 485 sextarium.
1383 448 1432 484 Et
1452 447 1579 484 oblatis
1599 453 1679 483 ante
1692 446 1885 483 Dominum
1902 445 2080 489 omnibus,
2095 446 2220 482 immo-

1158 508 1244 545 labit
1264 519 1410 555 aqnum,
1425 508 1486 544 ubi
1501 507 1682 544 immolari
1701 508 1788 544 solet
1803 508 1918 544 hostia
1937 519 2001 555 pro
2016 513 2172 556 peccato,
2188 516 2220 546 et

1159 570 1420 615 holocaustum,
1453 571 1491 606 id
1508 576 1576 615 est,
1605 571 1644 606 in
1673 571 1750 606 loco
1779 577 1915 607 sancto.
1934 569 2034 606 Sicut
2050 573 2143 607 enim
2157 581 2222 617 pro

1159 638 1316 680 peccato,
1349 633 1400 668 ita
1428 637 1463 667 et
1491 643 1555 678 pro
1590 630 1717 667 delicto
1753 631 1800 668 ad
1830 631 2044 667 sacerdotem
2076 632 2224 678 pertinet

1160 694 1287 739 hostia,
1317 693 1449 731 Sancta
1472 700 1676 731 sanctorum
1704 702 1769 739 est,
1792 706 2042 742 assumensque
2059 695 2223 730 sacerdos

1160 755 1204 791 de
1227 756 1397 802 sanquine
1412 756 1535 792 hostiae
1552 767 1630 803 quoe
1649 755 1834 792 immolata
1848 762 1897 792 est
1917 768 1979 804 pro
1998 755 2141 800 delicto,
2163 768 2225 803 po-

1162 823 1219 851 net
1235 827 1338 862 super
1352 821 1544 852 extremum
1564 817 1736 852 auricalae
1750 816 1884 852 dextroe
1901 816 1978 862 ejus
1994 816 2055 863 qui
2074 816 2227 851 munda-

1163 884 1235 922 tur,
1254 885 1286 914 et
1311 890 1416 924 super
1443 878 1586 925 pollices
1616 890 1742 914 manus
1762 878 1895 914 dextroe
1923 884 1955 913 et
1975 878 2096 925 pedis;
2129 884 2161 915 et
2184 878 2227 913 de

1164 938 1233 974 olei
1261 942 1414 975 sextario
1435 942 1547 976 mittet
1563 940 1600 975 in
1620 951 1765 976 manum
1797 951 1899 976 suam
1927 941 2122 983 sinistram,
2158 940 2228 976 tin-

1163 1005 1285 1045 θείᾳ-ηε
1310 1001 1460 1046 diqitum
1486 1001 1650 1036 dextrum
1674 1002 1710 1037 in
1744 1013 1797 1046 eo,
1836 1008 1869 1037 et
1909 1008 2066 1049 asperyet
2101 1004 2227 1049 septies

1164 1067 1287 1096 contra
1311 1061 1512 1096 Dominum.
1545 1062 1648 1105 Quod
1669 1068 1787 1098 autem
1806 1063 1981 1110 reliquum
2008 1070 2061 1114 est
2092 1064 2172 1108 olei,
2190 1065 2229 1100 in

1164 1122 1250 1158 laeva
1273 1134 1381 1158 manu
1401 1123 1524 1169 fundet
1551 1135 1656 1170 super
1674 1130 1867 1160 extremum
1893 1124 2065 1160 auriculoe
2095 1125 2229 1162 dextrae

27 1195 170 1220 sumere
195 1183 229 1231 (I
250 1184 332 1220 Cor.
354 1183 405 1231 v).
434 1184 691 1220 Verumtamen
717 1188 856 1226 septem
889 1182 966 1218 dies
993 1187 1095 1217 extra
1114 1182 1146 1221 B
1165 1183 1239 1230 ejus
1258 1185 1317 1230 qui
1334 1184 1540 1227 mundatur,
1568 1190 1601 1219 et
1623 1196 1728 1231 super
1746 1184 1887 1231 pollices
1907 1196 2033 1220 manus
2060 1197 2101 1220 ac
2131 1186 2231 1231 pedis

1164 1243 1279 1279 dextri
1289 1255 1301 1286 ,·
1321 1249 1353 1279 et
1379 1255 1485 1290 super
1503 1245 1711 1291 sanquinem
1733 1244 1794 1292 qui
1810 1245 1911 1292 fusus
1930 1251 1981 1281 est
1999 1257 2062 1293 pro
2087 1245 2229 1292 delicto,

1165 1312 1196 1340 et
1211 1317 1316 1352 super
1331 1312 1433 1352 caput
1447 1306 1546 1352 ejus,·
1567 1306 1771 1353 roqabitque
1784 1318 1847 1353 pro
1867 1319 1906 1342 eo
1927 1319 2047 1343 coram
2063 1308 2228 1354 Domino,

1165 1371 1197 1401 et
1226 1366 1329 1411 faciet
1350 1366 1566 1411 sacrificium
1582 1377 1645 1412 pro
1672 1372 1834 1412 peccato,
1858 1374 1940 1403 tunc
1957 1368 2153 1404 immolabit
2168 1370 2232 1405 Ιιο-

1166 1422 1374 1467 locaustum,
1406 1431 1437 1459 et
1463 1431 1565 1471 ponet
1588 1425 1677 1461 illud
1705 1427 1742 1462 in
1778 1426 1885 1462 altari
1916 1439 1995 1463 cum
2032 1429 2230 1466 libamentis

1166 1486 1251 1529 suis,
1263 1493 1293 1521 et
1302 1487 1403 1522 homo
1414 1488 1478 1522 rite
1489 1487 1727 1525 mundabitur.
1740 1488 2021 1538 (Exllesyclzio.)
2032 1491 2229 1537 Postquam

1166 1547 1263 1582 enim
1279 1547 1395 1593 prima
1414 1548 1472 1584 die
1494 1559 1564 1594 qua
1584 1550 1770 1596 egreditur
1784 1553 1955 1588 sacerdos
1969 1557 2072 1588 extra
2093 1559 2227 1597 castra,

1166 1606 1347 1643 immolari
1373 1609 1418 1644 ad
1447 1611 1741 1646 emundationem
1770 1610 1901 1657 leprosi
1923 1614 2110 1659 praecepit,
2144 1625 2230 1650 ecce

1166 1677 1293 1703 rursus
1327 1679 1425 1705 nunc
1443 1676 1572 1706 octava
1594 1671 1651 1706 die
1685 1671 1755 1707 alia
1776 1682 1842 1718 pro
1870 1682 1914 1708 eo
1938 1673 2119 1710 sacrificia
2152 1674 2230 1710 fieri

1162 1727 1348 1773 jubentur.
1388 1729 1523 1766 Octava
1553 1731 1648 1767 enim
1682 1732 1758 1768 dies
1786 1732 1950 1768 eamdem
1978 1744 2087 1779 quam
2113 1734 2230 1780 prima

1165 1789 1239 1824 vim
1256 1791 1360 1837 gerit,
1385 1791 1470 1837 quia
1501 1802 1609 1828 omne
1626 1803 1786 1838 praesens
1814 1799 1958 1839 tempus
1978 1793 2012 1829 in
2034 1795 2230 1830 hebdoma-

1167 1849 1272 1885 dibus
1306 1851 1512 1887 conciditur
1538 1858 1620 1899 post
1653 1864 1744 1899 quas
1777 1859 1906 1890 octava
1936 1861 2006 1898 est,
2026 1866 2167 1900 aequam
2192 1862 2231 1892 ut

1167 1909 1323 1945 diximus
1350 1911 1522 1947 virtutem
1542 1913 1668 1957 primae
1698 1923 1841 1959 gerens,
1865 1914 1923 1950 vel
1950 1916 2098 1952 omnino
2112 1917 2228 1962 ipsam

1167 1981 1277 2007 ιοιιοι
1281 1983 1358 2007 ms.
1381 1972 1445 2008 Est
1463 1979 1584 2010 autem
1616 1975 1723 2011 haec
1714 1987 1750 2011 in
1770 1986 1840 2022 qua
1862 1977 2030 2014 Salvator
2049 1980 2227 2024 surrexit;'

1166 2033 1203 2068 in
1220 2044 1291 2079 qua
1309 2035 1344 2068 in
1359 2039 1478 2070 castra
1494 2035 1751 2082 ingrediemur.
1769 2037 1855 2073 Post
1870 2039 1946 2074 dies
1961 2040 2057 2075 enim
2074 2047 2227 2087 septem,

38 2106 106 2132 uon
134 2096 250 2132 solum
283 2096 362 2131 illas
380 2106 460 2141 quae
477 2101 646 2131 ornatum
673 2095 812 2131 homini
833 2100 956 2141 utpote
981 2095 1095 2130 ratio·
1113 2083 1142 2124 C
1165 2107 1247 2131 cum
1262 2097 1324 2142 qui
1347 2098 1542 2134 mundatus
1556 2104 1612 2134 est
1629 2099 1806 2144 leprosus,
1828 2100 1886 2136 die
1912 2101 2081 2138 videlicet
2102 2109 2229 2139 octavi

1163 2158 1200 2192 in
1217 2158 1347 2194 castiis
1362 2158 1503 2205 ingredi
1518 2161 1704 2205 piaecepit,
1724 2162 1784 2197 sed
1798 2167 1919 2197 castra
1934 2162 2073 2208 qualia.
2063 2164 2078 2188 θ
2098 2163 2229 2209 Utique

1164 2219 1224 2254 illa
1244 2230 1324 2266 quae
1343 2219 1456 2256 Jacob
1473 2222 1685 2266 patriarcha
1708 2223 1811 2267 vidit,
1833 2225 1977 2269 quando
1996 2225 2134 2272 angelis
2158 2227 2227 2262 sibi

1163 2280 1438 2318 occurrentibus
1469 2282 1588 2318 locum
1618 2289 1734 2318 castra
1755 2283 1820 2319 Dei
1841 2284 2049 2330 appellavit.
2074 2285 2130 2322 Ad
2150 2286 2228 2322 haec

1163 2341 1358 2377 mundatus
1378 2345 1544 2388 leprosus
1564 2349 1689 2389 utpote
1708 2345 1794 2380 olim
1821 2344 2043 2389 justificatus
2067 2351 2230 2391 tempore

1163 2403 1441 2438 resurrectionis
1479 2404 1592 2447 veuit,
1627 2405 1662 2440 in
1714 2405 1816 2451 cujus
1853 2405 2017 2451 liguram,
2062 2412 2227 2443 octavam

1165 2461 1275 2504 diem,
1302 2462 1396 2497 sicut
1416 2462 1587 2505 diximus,
1624 2463 1810 2508 legislator
1830 2465 1981 2509 accepit.
2004 2465 2090 2507 Quae
2108 2472 2229 2502 autem

1165 2522 1200 2556 iu
1219 2522 1345 2557 cadem
1375 2527 1504 2558 octava
1537 2523 1595 2558 die
1622 2523 1679 2568 agi
1696 2530 1876 2569 praecepta
1907 2531 2006 2568 sunt,
2034 2526 2228 2573 imaginem

1165 2581 1241 2626 ejus
1259 2582 1321 2628 qui
1338 2582 1535 2618 secundum
1555 2593 1621 2619 nos
1651 2589 1706 2619 est
1734 2585 1899 2630 mysterii
1926 2592 2069 2631 gerunt.
2089 2586 2229 2624 Praece-

1164 2644 1217 2689 pit
1233 2645 1411 2690 siquidem
1431 2645 1521 2682 duos
1541 2656 1656 2692 agnos
1686 2647 1939 2684 immaculatos
1958 2651 2148 2687 anniculos
2166 2663 2227 2688 su-

1165 2705 1229 2747 mi,
1262 2710 1300 2740 et
1327 2714 1431 2740 ovem
1451 2706 1655 2742 anniculam
1672 2707 1944 2744 immaculatam
1965 2721 2074 2747 unam
2102 2724 2109 2747 :
2138 2723 2228 2758 quo-

1165 2774 1245 2799 rum
1265 2765 1410 2810 quidem
1442 2776 1554 2801 unum
1572 2777 1637 2812 pro
1651 2773 1817 2813 peccato,
1836 2768 1947 2804 alium
1962 2775 2083 2806 autem
2099 2772 2135 2808 in
2155 2773 2222 2808 ho-

1164 2825 1365 2862 locaustum
1385 2828 1558 2872 praecepit
1575 2827 1768 2872 immolari,
1800 2830 1922 2865 onmia
1943 2836 2063 2867 autem
2090 2832 2166 2870 haec
2187 2834 2227 2869 fi-

1165 2896 1291 2931 guram
1306 2892 1436 2932 gerunt
1451 2888 1619 2924 sacrificii
1642 2888 1854 2926 Salvatoris.
1872 2890 1952 2937 Ipse
1966 2893 2061 2928 enim
2079 2900 2228 2940 propter

1165 2954 1314 2994 peccata
1346 2955 1486 2992 nostra,
1506 2955 1542 2986 et
1561 2950 1692 2987 delicta
1710 2951 1747 2987 in
1776 2953 1947 2997 hostiam,
1974 2955 2103 3002 ipsein
2125 2958 2227 2995 holo-

1166 3015 1332 3046 caustum
1359 3009 1438 3047 suit.
1462 3011 1515 3046 Ex
1540 3018 1695 3059 utroque
1729 3019 1851 3050 autem
1878 3025 2011 3062 genere
2031 3024 2226 3064 propterea

1166 3071 1385 3107 sacrificium
1421 3070 1544 3108 offerri
1574 3079 1762 3119 praecepit,
1802 3079 1842 3110 ut
1877 3077 2087 3113 ostenderet
2140 3079 2224 3124 quia

1165 3131 1332 3168 Christus
1354 3142 1422 3178 pro
1450 3133 1556 3170 nobis
1587 3134 1744 3178 occisus,
1764 3135 1871 3171 simul
1898 3137 2097 3172 masculum
2121 3137 2224 3173 semi-

1165 3204 1322 3240 namque
1342 3194 1495 3231 salvavit
1518 3208 1526 3231 :
1549 3206 1620 3232 non
1653 3195 1790 3231 frustra
1807 3202 1928 3232 autem
1958 3197 2164 3233 anniculum
2185 3198 2222 3234 in

1165 3261 1321 3302 utroque
1339 3257 1526 3302 praecepit,
1543 3257 1606 3292 sed
1623 3255 1824 3302 perfectum
1841 3265 1907 3302 per
1920 3257 1988 3293 hoc
2003 3257 2222 3295 sacrificium

1163 3318 1331 3365 figuravit
1362 3331 1371 3354 z
1407 3318 1569 3364 perfecta
1601 3318 1699 3354 enim
1724 3318 1761 3353 in
1792 3317 1973 3362 praedictis
2004 3317 2221 3357 animalibus

1164 3387 1248 3414 sunt
1278 3378 1446 3414 annicula
1463 3378 1644 3420 animalia,
1669 3378 1720 3414 ita
1742 3382 1782 3412 ut
1811 3378 1856 3413 ad
1881 3377 1975 3414 tilios
1993 3380 2220 3424 generandos

1163 3440 1238 3476 sint
1254 3440 1398 3484 idonea,
1419 3439 1484 3476 sed
1507 3439 1591 3484 quia
1609 3448 1693 3474 eum
1719 3437 1781 3484 qui
1802 3438 2011 3483 mundatur,
2033 3450 2143 3487 super
2157 3452 2218 3478 sa-

1163 3498 1341 3534 crificinm
1370 3497 1569 3543 Unigeniti,
1599 3496 1709 3532 etiam
1746 3494 1855 3532 tidem
1889 3497 2001 3535 totius
2032 3498 2220 3537 Trinitatis

1164 3557 1300 3604 signari
1318 3562 1474 3604 oportet,
1503 3562 1580 3592 tres
1605 3556 1765 3593 decimas
1783 3556 1926 3603 similae,
1950 3559 1987 3596 id
2005 3567 2076 3605 est,
2099 3560 2220 3598 Trini-

1164 3624 1275 3655 tatem
1287 3616 1421 3660 Patris,
1439 3621 1476 3652 et
1484 3615 1580 3660 Filii,
1598 3620 1636 3653 et
1649 3615 1805 3662 Spiritus
1818 3618 1950 3663 sancti,
1971 3619 2165 3657 habentem
2178 3620 2218 3659 in

1163 3687 1378 3726 unaquaque
1400 3686 1556 3724 persona
1574 3675 1834 3724 perfectionem
1854 3689 1865 3714 τ
1885 3677 2068 3725 perfectus
2084 3680 2220 3730 quippe

1162 3746 1219 3778 est
1248 3739 1419 3778 denarius
1448 3749 1636 3783 numerus,
1668 3746 1817 3786 propter
1844 3741 1940 3787 quod
1973 3746 2010 3778 et
2044 3741 2218 3782 Dominus

1162 3802 1307 3840 dicebat
1329 3813 1338 3839 ε
1362 3801 1482 3854 Simile
1505 3807 1555 3840 est
1582 3812 1725 3850 reanum
1764 3801 1934 3850 ncoelorum
1966 3803 2106 3842 nitalieri
2136 3816 2217 3853 quoe

1876 3862 1926 3907 13
