2540 4016
91 175 155 214 ¹ss

731 182 1068 223 comsummata
1095 187 1139 224 IN
1164 190 1376 230 ExontJM.
1404 215 1451 222 —
1476 197 1564 235 Lm.
1593 199 1651 238 tn.

2212 221 2284 258 tta

89 253 314 290 tabernaculi
357 255 467 299 illius,
504 255 654 302 singutae
682 267 836 305 quaeque
870 266 956 297 sunt
979 272 1144 308 personae
1163 267 1198 307 Α
1215 266 1356 312 111111113,
1374 271 1529 308 necdum
1550 281 1658 320 prout
1673 277 1825 325 dignum
1844 288 1944 328 erat,
1963 296 2095 335 capere,
2121 295 2278 337 valebat,

85 313 280 359 spirituum
295 316 497 359 beatorum,
514 325 558 353 ex
573 317 704 362 quibus
715 320 885 358 omnibus
904 322 982 368 ipsa
995 322 1146 360 Jerusa-

84 371 157 408 lem
172 383 252 419 quae
270 379 327 411 est
350 378 468 410 mater
486 381 652 413 nostrum
669 379 845 424 omnium,
874 381 911 417 111
942 393 1027 419 vera
1055 395 1146 431 pace

84 438 121 470 01
138 434 276 470 unitate
295 434 472 470 consistit.
494 434 775 485 Notandumque
800 441 1021 488 diligentius,
1047 446 1143 491 quod

82 495 327 532 sanctuarium
346 495 498 532 Domino
509 496 630 534 faeere
649 499 713 535 filii
731 500 840 539 lsrael
859 502 1045 549 jubentur,
1069 518 1142 544 non

81 563 123 588 ex
143 557 247 599 parte
265 552 394 596 simile,
419 555 482 591 sed
494 554 599 601 juxta
622 567 766 596 omnem
794 561 1068 602 similitudinem
1088 573 1142 603 ta·

79 613 275 656 bernaculi,
304 616 400 660 quod
435 619 593 655 ostendit
620 620 746 667 Moysi,
771 625 1006 672 omniumque
1035 638 1140 666 vaso-

78 684 157 710 rum
176 674 213 710 in
245 675 382 712 cultum
407 676 497 722 ejus.
516 679 620 723 Quod
650 682 680 718 si
714 682 810 720 forte
829 686 986 731 requiris
1010 688 1045 724 111
1067 699 1139 735 quo

75 734 146 771 11οο
163 735 433 773 tabernaculum
459 740 622 785 coeleste,
643 754 665 779 o
684 744 792 781 homo
811 747 1009 794 terrigena,
1030 750 1137 796 spiri-

76 794 220 831 tualiter
240 796 375 833 imitari
393 799 529 844 valeas,
547 802 730 850 diligendo
747 807 860 842 Deum
877 814 914 846 et
929 811 1134 856 proximos,

71 853 143 891 hoe
161 855 324 900 imitare;
348 859 594 898 subveniendo
617 864 775 908 miseris,
794 868 877 903 etsi
899 878 971 904 non
997 872 1134 918 angelis

69 916 132 961 qui
151 927 279 953 omnes
295 918 393 955 beati
411 926 510 965 sunt,
525 930 624 960 certe
640 924 861 970 hominihus,
884 928 952 965 hoc
973 930 1131 969 imitare.

71 973 235 1012 Humiles
259 985 356 1022 sunt,
378 980 484 1016 mites
500 989 598 1026 sunt,
627 984 781 1021 invicem
807 987 938 1033 placati
958 998 1055 1035 sunt,
1078 994 1133 1029 di-

69 1034 163 1071 vinis
202 1044 330 1082 parent
349 1037 462 1082 jussis
490 1042 588 1078 :hoe
622 1045 657 1080 in
687 1053 862 1091 quantum
892 1051 991 1088 vales
1010 1079 1019 1095 ‚
1052 1053 1131 1090 imi-

69 1099 160 1130 tare.
180 1095 275 1131 Nihil
290 1098 389 1142 mali,
408 1100 497 1136 nihil
513 1103 634 1147 otiosi,
658 1106 748 1142 nihil
765 1108 964 1154 loquuntur
979 1112 1125 1159 injuste,

67 1159 190 1200 agunt,
209 1156 380 1203 cogitant,
408 1160 540 1198 divinis
565 1164 736 1202 indefessi
756 1167 936 1214 laudibus,
958 1174 1070 1211 verbo
1089 1182 1126 1213 et
1146 1174 1177 1214 Β

64 1221 186 1252 11101110
213 1219 400 1256 assistunt.
438 1221 514 1260 Hoc
547 1232 722 1271 quantum
754 1236 871 1276 potes,
900 1232 1065 1278 imitare;
1092 1242 1130 1273 et

63 1278 310 1314 sanctuarium
342 1281 496 1320 Domino
515 1285 618 1330 juxta
651 1292 858 1336 exemplum
891 1296 986 1340 quod
1015 1297 1127 1345 Moysi

63 1338 99 1374 in
131 1347 252 1376 monte
284 1350 525 1383 monstratum
558 1356 627 1393 est,
663 1353 864 1390 aedificasti.
897 1357 1127 1406 veniensque

61 1399 234 1438 Dominus
253 1409 289 1439 et
310 1404 478 1444 Salvator
499 1417 623 1448 noster
646 1424 728 1450 cum
750 1415 872 1461 Patre,
895 1421 1125 1459 mansionem

60 1463 155 1507 apud
177 1469 209 1499 te
239 1463 346 1509 facit3
375 1469 462 1513 quin
493 1477 629 1517 etpost
661 1475 755 1513 113110
781 1478 893 1515 vitam
912 1481 949 1516 in
971 1482 1057 1518 illud
1089 1489 1125 1520 te

62 1524 339 1563 tabernaculum
359 1532 455 1575 quod
477 1532 692 1579 imitaberis,
710 1546 886 1586 perpetuo
904 1542 1049 1580 beatum
1068 1545 1124 1580 111-

60 1586 240 1622 troducet.
264 1587 455 1634 Sequitur:

478 1653 630 1693 CAPUT
658 1659 702 1694 Χ.

56 1706 252 1755 Descriptio
276 1722 369 1747 arca:
394 1717 568 1759 quomodo
598 1718 762 1763 facienda
786 1729 860 1759 erat
881 1736 893 1760 .·
914 1728 1121 1773 propitiato-

225 1757 535 1806 rium,cl1crubim,
556 1775 616 1799 nec
641 1777 710 1802 nou
736 1775 767 1803 et
793 1771 952 1808 vectium.

103 1830 229 1877 Sicque
244 1833 379 1878 facietis
398 1836 487 1873 illud
503 1848 515 1872 .·
535 1840 663 1876 Arcam
688 1843 731 1879 de
750 1844 855 1891 liquis
879 1850 1003 1885 sethim
1022 1863 1117 1888 cont-

51 1891 194 1936 piuqite.
225 1893 320 1930 Arca
351 1906 431 1941 qum
459 1899 576 1944 primo
609 1904 771 1940 omnium
805 1906 841 1941 iu
879 1909 1115 1949 tabernaculo

52 1950 130 1986 fieri
143 1951 304 1998 ¹iubetur,
323 1966 394 1992 11011
413 1958 611 2006 incongrue
626 1963 740 2008 ipsam
769 1966 912 2004 Domini
930 1974 966 2004 ct
988 1969 1114 2008 Salva-

51 2011 141 2047 toris
160 2014 275 2050 nostri
305 2016 591 2057 incarnationem
621 2023 786 2071 designat
820 2036 829 2062 ε
860 2028 895 2063 111
921 2040 992 2075 quo
1027 2038 1112 2068 sunt

49 2081 175 2110 omncs
188 2075 347 2113 thesauri
362 2080 546 2125 sapientiae
565 2089 600 2118 et
620 2085 783 2122 5010111130
794 2089 1011 2127 absconditi.
1024 2092 1110 2137 Quae

48 2136 218 2174 videlicet
234 2149 318 2176 arca
341 2142 433 2179 bene
450 2145 494 2180 de
524 2145 631 2192 lignis
650 2150 781 2186 sethim
803 2156 982 2202 compingi
1001 2158 1109 2203 jube-

47 2201 118 2231 tur.
156 2196 268 2244 Ligna
295 2201 426 2248 quippe
455 2206 586 2242 sethim
616 2208 705 2245 levis
735 2217 844 2258 atque
877 2214 1110 2261 imputribilis

46 2254 215 2292 feruntur
230 2268 311 2295 esse
329 2267 467 2299 naturae
481 2291 490 2307 ,
511 2276 582 2302 non
604 2269 758 2306 multum
781 2282 802 2307 a
826 2275 1002 2319 qualitate
1018 2278 1108 2316 albae

45 2314 156 2359 spina*¹
175 2317 359 2355 distantia.
375 2322 469 2359 Arca
488 2335 574 2372 ergo
594 2328 637 2364 de
656 2329 762 2376 lignis
779 2335 909 2370 sethim
924 2336 1020 2374 facta
1036 2346 1104 2384 cst,

44 2375 129 2419 quia
151 2387 282 2423 corpus
303 2381 530 2421 Dominicum
551 2397 594 2422 ex
616 2392 789 2429 membris
801 2398 992 2434 constabat
1006 2402 1105 2437 omni

41 2435 212 2474 vitiorum
230 2439 310 2477 labe
332 2447 553 2483 carentibus.
574 2449 618 2485 Et
637 2451 714 2488 haec
732 2456 859 2492 eadem
887 2466 972 2495 sunt
1005 2461 1104 2508 ligna

41 2495 156 2541 spinis
179 2499 388 2539 simillima:
409 2507 493 2551 quia
515 2514 551 2544 et
587 2511 619 2545 si
654 2523 723 2548 nou
752 2515 788 2550 in
818 2528 924 2554 carne
954 2523 1100 2566 peccati,

39 2561 155 2594 tamen
180 2560 217 2595 iu
245 2563 476 2602 similitudine
503 2571 593 2606 venie
628 2574 745 2609 caruis
771 2579 927 2622 peccati,
946 2587 986 2616 ut
1009 2582 1103 2628 Apo-

39 2617 152 2653 stolus
174 2620 225 2654 ait
247 2621 367 2667 (Rom.
386 2625 438 2671 v).
460 2626 660 2674 Sequitur:
680 2632 791 2679 Cujus
821 2635 1002 2683 lonqitudo
1033 2646 1100 2676 Ιια-

38 2674 128 2710 bebit
147 2677 236 2713 duos
258 2683 362 2717 semis
386 2685 520 2721 cubitos
541 2698 554 2723 .·
575 2688 725 2726 latitudo
756 2694 910 2730 cubitum
933 2704 963 2732 et
996 2699 1100 2735 dimi-

37 2735 134 2772 dium
150 2749 162 2773 :
187 2739 336 2777 altitudo
351 2744 504 2781 cubitum
524 2749 687 2786 similiter
709 2764 750 2788 oc
774 2757 965 2794 semissem.
987 2759 1098 2807 Cujus

36 2802 155 2833 autem
176 2801 390 2846 quantitatis
406 2805 453 2841 sit
475 2807 619 2846 cubitus
645 2811 716 2855 ille,
735 2813 913 2861 Josephus
934 2819 969 2854 in
990 2820 1093 2857 Anti-

16 2857 211 2902 ·quitatum
230 2859 322 2897 libro
344 2864 536 2903 manifeste
553 2872 713 2908 ostendit
733 2873 859 2911 dicens
879 2889 888 2912 ε
908 2877 1019 2915 Facta
1038 2887 1094 2917 051

17 2923 154 2955 1111110111
172 2926 208 2956 01
227 2932 311 2959 3103
327 2923 564 2971 longitudinis
583 2931 742 2978 quinque
773 2936 990 2983 palmorum,
1012 2940 1093 2976 lati-

16 2977 165 3015 ttudinis
184 2981 306 3018 trium.
331 2983 434 3021 Unde
463 2993 565 3032 patet
582 2991 788 3037 manifeste,
808 2996 893 3041 quia
911 2997 1012 3034 illum
1031 3000 1090 3036 de·
1108 2981 1143 3020 D

0 3037 148 3090 „signat
166 3043 341 3088 cubitum,
363 3057 470 3092 quem
486 3049 557 3087 duo
581 3052 690 3097 palmi
710 3056 906 3101 complent.
937 3059 1088 3107 Mystice

14 3103 151 3137 tantem
167 3101 353 3149 longitudo
379 3116 487 3151 arcae,
507 3109 751 3157 longanimem
770 3114 913 3153 Domini
942 3129 986 3156 ae
1013 3120 1080 3158 Re-

11 3156 223 3208 ttlemptoris
242 3168 357 3204 nostri
373 3170 602 3215 patientiam,
620 3183 689 3219 qua
708 3175 803 3212 inter
822 3178 989 3217 homines
1002 3192 1086 3219 eon-

14 3227 190 3269 tvprsatus
209 3231 277 3270 est,
290 3228 462 3266 insinuat.
485 3231 665 3277 Latitud0‚
677 3237 952 3283 amplitudinem
967 3243 1082 3289 ipsam

9 3273 227 3329 ockaritatis,
243 3295 314 3331 qua
340 3289 385 3324 ad
405 3300 470 3327 nos
488 3293 614 3330 venire
635 3301 671 3332 et
696 3297 792 3334 iuter
820 3311 889 3338 nos
922 3303 1088 3343 hahitare

10 3339 150 3393 tvgduit.
177 3344 351 3393 Altitudo,
367 3360 468 3397 spem
498 3353 628 3393 suturae
655 3359 908 3406 sublimitatis,
932 3375 1003 3411 qua
1029 3372 1086 3406 vel

7 3396 182 3457 “Qum
210 3412 294 3451 post
320 3412 528 3455 passionem
558 3426 660 3453 suam
693 3419 974 3465 glorificandum
990 3454 1000 3470 ,
1025 3429 1084 3465 vel

99 3498 103 3502 ,
140 3470 304 3505 catarum
320 3480 401 3509 esse
421 3476 600 3519 praevidit.
616 3478 717 3517 Unde
739 3487 776 3518 01
795 3489 878 3529 apte
895 3485 1080 3532 longitudo

20 3531 37 3547 ⁹·
65 3541 114 3578 '›.‘
131 3523 286 3569 ,duorum
302 3537 382 3568 erat
405 3535 625 3583 cubitorum,
641 3547 791 3587 propter
819 3545 988 3584 videlicet
1014 3549 1079 3586 do-

58 3588 95 3626 ³2]
127 3593 177 3634 ῳ
193 3591 231 3625 et
245 3599 356 3635 opera
371 3594 504 3639 quibus
531 3598 732 3647 refulgebat
751 3604 787 3639 in
803 3606 952 3643 mundo.
974 3607 1079 3652 Quod

175 3650 208 3701 7⁸
219 3647 319 3693 duos
329 3653 486 3700 cubitos,
501 3659 610 3696 etiam
630 3663 819 3702 semissem
839 3677 924 3705 arca
944 3668 982 3705 in
997 3670 1078 3707 lon-

48 3708 261 3791 Ί“”-’,;»ῑ.·
278 3715 367 3755 fitt-
386 3719 506 3759 potest
525 3717 572 3754 ad
591 3719 759 3760 humanae
775 3726 983 3765 tarditatem
1000 3729 1075 3767 fra-

48 3766 85 3792 11
153 3766 174 3796 n

191 3758 330 3822 κῖᾺῃί
343 3781 358 3813 2,
369 3780 453 3826 quie
464 3774 564 3827 (ficta
589 3780 647 3816 vel
665 3791 775 3828 opera
792 3784 992 3826 Salvatoris
1013 3799 1074 3827 su-

1218 326 1321 364 Unde
1337 335 1376 366 01
1393 330 1439 366 de
1456 333 1674 378 quibusdam
1692 340 1858 386 mysticis
1883 343 1962 390 ejus
1990 350 2130 389 actibus
2156 365 2282 403 aperte

1214 385 1352 424 dictum
1372 395 1441 426 est.
1465 391 1553 429 Haec
1574 406 1644 431 non
1671 407 1907 444 coqnoverum
1931 404 2097 454 discipuli
2111 412 2187 458 ejus
2202 419 2280 463 pri.

1214 458 1326 492 mum,
1353 451 1415 486 sed
1433 455 1576 499 quando
1595 456 1812 505 glorificatus
1835 469 1886 499 est
1918 465 2023 504 lesus
2055 468 2178 518 (loun.
2196 479 2277 526 xn).

1214 507 1391 547 Similiter
1410 519 1448 549 et
1476 515 1521 551 de
1552 516 1658 555 dictis
1679 519 1775 558 illius
1800 524 2073 567 sublimioribus
2093 543 2102 568 :
2122 532 2172 570 Et
2202 545 2280 574 erat

1210 569 1352 607 verbum
1379 573 1475 609 istud
1493 575 1737 616 absconditum
1755 584 1798 618 ab
1819 584 1883 629 eis,
1896 593 1930 622 et
1949 598 2020 626 non
2037 591 2279 641 intelligebam

1209 640 1288 676 quoe
1307 632 1517 671 dicebantur
1535 637 1638 685 (Luc.
1659 641 1715 689 11).
1736 642 1902 684 Habebat
1920 658 2006 687 area
2027 653 2118 690 duos
2137 657 2279 695 cubitos

1208 690 1460 740 longitudinis,
1483 699 1567 744 quia
1589 702 1764 742 Dominus
1778 706 1815 744 in
1835 718 1946 747 carne
1965 711 2088 751 clarus
2107 718 2220 756 verbo
2241 728 2279 760 et

1208 752 1349 790 actibus
1367 759 1580 802 apparebat.
1602 761 1766 801 Habebat
1786 773 1823 803 et
1842 769 2031 810 dimidium
2050 775 2276 826 cubiti‚quia

1205 813 1313 849 etiam
1339 818 1545 856 tarditatem
1568 823 1825 871 discipulorum
1838 856 1848 873 ,
1866 832 1927 877 qui
1946 834 2103 873 necdum
2119 839 2275 885 perfecti

1206 874 1300 910 dieta
1323 877 1379 913 vel
1397 885 1478 916 aeta
1508 882 1622 928 ipsius
1651 897 1782 933 capere
1810 897 1999 939 poterant,
2020 896 2277 945 longanimiter

1203 933 1354 972 ferebat.
1380 939 1492 977 Unius
1512 950 1592 980 erat
1611 947 1723 984 cubiti
1744 949 1897 989 latitudo
1927 965 2022 994 arcae
2051 959 2099 996 ob
2127 962 2274 1010 dispen-

1202 995 1379 1034 sationem
1411 1001 1524 1046 ipsius
1552 1005 1749 1047 Dominicae
1784 1013 1998 1062 charitatis,
2033 1031 2105 1067 qua
2136 1024 2273 1063 electos

1200 1065 1285 1093 suos
1307 1058 1343 1094 in
1367 1059 1440 1096 Deo
1461 1063 1621 1103 adunare
1643 1071 1795 1107 curavit.
1830 1073 1914 1112 Ilaec
1944 1086 2030 1126 ergo
2054 1091 2138 1119 arca
2158 1096 2272 1124 unum

1198 1117 1359 1154 cubitum
1390 1120 1499 1159 habet
1529 1130 1565 1160 et
1593 1127 1783 1167 dimidium
1806 1141 1815 1168 :
1840 1135 1925 1180 quia
1962 1139 2137 1179 Dominus
2159 1146 2269 1184 unica

1195 1186 1262 1213 nos
1285 1179 1420 1225 pietate
1447 1184 1515 1220 sibi
1544 1196 1586 1223 ac
1603 1187 1702 1226 Patri
1726 1194 1963 1234 associandos
1982 1199 2114 1248 diligit,
2132 1210 2170 1241 et
2201 1217 2269 1243 no-

1197 1242 1283 1275 strae
1312 1250 1455 1288 quoque
1497 1249 1736 1292 capacitatem
1768 1254 1986 1303 dilectionis,
2002 1263 2267 1315 qualiscunque

1196 1297 1231 1333 in
1250 1299 1318 1336 hac
1338 1302 1412 1339 vita
1431 1314 1513 1342 esse
1530 1314 1669 1355 potest,
1690 1306 1792 1359 acque
1821 1316 1879 1362 pia
1911 1319 2138 1369 benignitate
2167 1339 2267 1365 com-

1193 1358 1379 1407 plectitur,
1401 1364 1516 1404 donec
1531 1370 1576 1405 ad
1597 1371 1675 1417 ejus
1695 1374 1885 1422 visionem,
1906 1382 1966 1417 ubi
1990 1393 2073 1421 eum
2108 1397 2154 1424 ex
2189 1395 2264 1428 1010

1194 1421 1317 1464 corde,
1340 1428 1413 1460 tota
1440 1427 1582 1474 anima,
1606 1437 1680 1468 tota
1708 1436 1844 1475 virtute
1877 1441 2070 1489 diligamus
2086 1474 2096 1490 ,
2125 1449 2263 1489 intrare

1193 1490 1413 1521 mereamur.
1435 1488 1598 1528 Altitudo
1618 1504 1762 1542 quoque
1779 1508 1873 1537 areae
1890 1504 2078 1550 aptissime
2099 1516 2178 1547 erat
2197 1522 2261 1548 cu-

1191 1540 1257 1577 biti
1277 1543 1384 1581 unius
1410 1552 1446 1583 et
1474 1549 1614 1588 dimidii
1634 1568 1641 1588 2
1664 1555 1832 1595 videlicet
1847 1568 1997 1608 propter
2021 1566 2260 1614 significatio-

1190 1611 1274 1638 nem
1295 1605 1411 1642 unicae
1427 1606 1518 1655 s'pei,
1539 1621 1610 1657 qua
1629 1614 1685 1650 vel
1703 1616 1878 1656 Dominus
1895 1622 1972 1668 ipse
1991 1635 2074 1662 eum
2100 1635 2196 1666 05501
2222 1632 2258 1668 111

1189 1672 1299 1701 earne
1319 1667 1507 1707 nobiscum
1532 1672 1664 1712 futurae
1693 1682 1974 1720 resurrectionis
1992 1691 2028 1722 et
2043 1691 2256 1733 posterioris

1188 1723 1311 1770 glorioe
1331 1731 1612 1774 praestolabatur
1629 1744 1812 1785 eventum,
1835 1743 1890 1779 vel
1905 1754 1971 1782 nos
1990 1746 2087 1784 inter
2099 1749 2253 1789 adversa

1186 1786 1479 1836 saeculi‚propter
1499 1793 1703 1834 futurorum
1724 1802 1872 1846 praemia
1894 1803 2255 1857 bonorum,gaudere

1187 1855 1333 1893 semper
1351 1851 1536 1891 admonet.

1232 1906 1278 1941 Et
1299 1908 1488 1948 deaurabis
1506 1926 1583 1950 eam
1602 1929 1705 1963 auro,
1725 1923 1955 1961 traundissImo
1975 1928 2070 1965 inlus
2088 1937 2120 1966 et
2145 1932 2248 1979 [oris.
2299 1943 2301 1946 ’

1183 1964 1312 2003 Facies
1328 1970 1470 2018 insuper
1488 1985 1654 2013 coronam
1680 1991 1824 2018 auream
1845 1995 1908 2030 per
1929 1987 2127 2026 circuitum.
2153 1993 2249 2033 Arca

1183 2026 1280 2065 intus
1304 2036 1340 2067 et
1361 2031 1449 2070 foris
1475 2046 1564 2072 auro
1585 2041 1824 2079 mundissimo
1845 2046 2059 2095 deauratur,
2084 2054 2166 2099 quia
2186 2067 2247 2095 as-

1130 2079 1159 2120 C
1181 2096 1323 2136 sumpta
1348 2103 1368 2128 a
1389 2093 1481 2131 Filio
1502 2097 1566 2134 Dei
1590 2098 1749 2137 humana
1775 2110 1918 2149 natura,
1937 2114 1972 2144 ct
1992 2109 2090 2149 intus
2111 2114 2247 2154 virtuto

1179 2153 1295 2187 sancti
1315 2151 1472 2199 Spiritus
1493 2158 1599 2204 plena
1621 2167 1700 2197 erat
1714 2169 1749 2199 ct
1767 2163 1868 2209 foris,
1892 2168 2098 2210 hominibus
2119 2184 2245 2222 aperte

1179 2209 1338 2256 Spiritus
1358 2217 1472 2252 sancti
1492 2228 1602 2265 opera
1633 2228 1949 2267 praemonstrabat.
1982 2231 2046 2269 Cui
2071 2235 2245 2275 nimirum

1176 2279 1271 2309 arcae
1287 2274 1379 2312 bene
1395 2288 1528 2316 corona
1547 2292 1656 2319 aurea
1667 2294 1774 2331 supra
1787 2288 2004 2329 circumdari
2019 2297 2243 2344 praecipitur,

1175 2335 1258 2380 quia
1276 2347 1455 2383 apparens
1474 2341 1510 2378 in
1529 2353 1657 2389 carne,
1680 2353 1789 2394 atque
1809 2352 1853 2387 ad
1873 2354 2157 2402 redemptionem
2179 2362 2244 2398 hu-

1175 2398 1270 2432 maui
1289 2401 1434 2444 generis
1453 2404 1601 2442 veniens
1617 2406 1730 2444 Filius
1751 2410 1831 2455 Dei,
1850 2420 1987 2451 certum
2006 2422 2242 2464 exspectabat

1175 2459 1317 2502 tempus
1332 2460 1512 2497 ethoram
1529 2467 1674 2509 quando
1694 2477 1898 2516 susceptam
1922 2485 1988 2520 pro
2007 2478 2113 2515 nobis
2142 2491 2252 2518 mor-.

1173 2521 1259 2560 tem,
1281 2529 1362 2554 cum
1385 2521 1463 2566 ipso
1493 2527 1621 2562 mortis
1648 2535 1796 2566 auctore
1826 2543 2031 2580 superaret,
2053 2544 2161 2587 atque
2191 2544 2238 2580 ad

1171 2575 1314 2612 Patrem
1333 2578 1451 2615 victor
1467 2581 1503 2616 in
1520 2584 1632 2620 coelos
1651 2589 1876 2626 ascenderet.
1888 2592 1936 2627 Et
1953 2602 2106 2641 quatuor
2123 2600 2234 2637 circu-

1170 2634 1221 2670 los
1239 2648 1364 2673 aureos
1386 2651 1471 2686 quos
1485 2653 1594 2687 pones
1614 2656 1677 2692 per
1694 2654 1849 2694 quatuor
1862 2663 1956 2689 arca.»
1973 2656 2134 2702 anyulos.
2153 2659 2233 2698 Duo

1169 2697 1293 2732 circuli
1318 2700 1388 2735 sint
1409 2702 1444 2736 in
1463 2702 1571 2740 latere
1593 2717 1673 2750 nno,
1697 2715 1729 2744 et
1761 2710 1831 2746 duo
1864 2713 1901 2748 in
1927 2714 2052 2752 altero.
2071 2718 2234 2764 Quatuor

1168 2757 1292 2794 circuli
1312 2757 1414 2798 311101
1435 2770 1590 2809 quatuor
1609 2775 1693 2805 sunt
1720 2770 1999 2820 Evangeliorum
2028 2769 2126 2817 libri.
2161 2783 2231 2827 Qui

1166 2820 1296 2856 merito
1312 2823 1412 2859 aurei
1430 2832 1515 2861 sunt
1531 2834 1679 2875 propter
1710 2831 1911 2871 claritatem
1943 2839 2131 2885 sapientiae
2155 2854 2228 2890 qua

1164 2878 1314 2926 fulgent.
1338 2883 1467 2922 Merito
1495 2888 1643 2928 circulis
1660 2897 1876 2941 comparati,
1899 2899 1982 2945 quia
2014 2907 2152 2941 aeterna
2171 2914 2229 2944 est

1162 2939 1241 2986 ipsa
1268 2943 1333 2980 Dei
1349 2946 1526 2997 sapientia
1545 2961 1654 2997 quam
1677 2956 1899 3002 praedicant,
1916 2970 2032 3007 neque
2047 2963 2226 3012 incipiens

1160 3013 1204 3039 ex
1233 3010 1411 3053 tempore,
1433 3021 1551 3057 neque
1568 3024 1649 3051 esse
1674 3016 1845 3055 desinens
1873 3027 2009 3059 aeterna
2038 3026 2224 3074 divinitas,

1158 3072 1265 3108 quam
1283 3066 1393 3104 bomo
1412 3069 1578 3109 Christus
1595 3077 1747 3122 aceepit.
1770 3078 1872 3116 Unde
1890 3081 2104 3123 imminente
2123 3087 2224 3126 horae

1155 3134 1230 3162 suae
1244 3129 1436 3173 passionis,
1456 3139 1628 3178 precatur
1646 3136 1791 3175 Patrem
1811 3141 1936 3180 dicens
1951 3155 1960 3180 :
1976 3144 2023 3181 Et
2041 3157 2134 3184 nunc
2148 3150 2222 3186 cla-

1154 3185 1255 3230 rifica
1275 3199 1342 3232 me,
1363 3196 1401 3225 tu
1418 3191 1546 3238 Pater,
1562 3197 1658 3242 apud
1676 3201 1907 3246 temetipsum,
1932 3203 2095 3243 claritate
2109 3219 2218 3254 quam

1152 3245 1275 3292 habui,
1289 3251 1493 3297 priusquam
1514 3257 1667 3293 mundus
1684 3265 1773 3295 esset
1795 3263 1891 3308 apud
1914 3269 1948 3300 te
1966 3263 2088 3311 (Joan.
2108 3268 2214 3315 xvii).

1157 3305 1322 3351 Quatuor
1338 3313 1489 3359 angulos
1508 3321 1628 3353 autem
1649 3318 1759 3356 babet
1776 3331 1881 3366 arca,
1898 3324 1982 3368 quia
2006 3335 2217 3364 sacramen·

1157 3370 1233 3402 tum
1251 3367 1450 3409 Dominicae
1466 3373 1727 3414 incarnationis
1745 3389 1811 3425 per
1835 3390 1961 3418 omnes
1984 3384 2108 3421 mundi
2134 3386 2213 3433 pla-

1152 3438 1216 3474 gas
1235 3430 1273 3466 in
1302 3433 1434 3478 quibus
1463 3442 1590 3473 sancta
1621 3438 1785 3474 Ecclesia
1821 3439 2006 3484 dilatatur,
2026 3443 2212 3484 celebrare

1149 3499 1223 3526 non
1241 3491 1376 3528 desinit
1395 3507 1404 3529 ε
1425 3501 1463 3530 01
1482 3505 1549 3541 per
1575 3497 1721 3533 eosdem
1751 3498 1902 3544 angulos
1931 3507 2101 3549 quatuor,
2119 3515 2210 3554 qua·

1147 3553 1233 3586 tuor
1251 3551 1376 3589 circuli
1399 3560 1483 3590 sunt
1502 3556 1635 3599 positi,
1659 3557 1744 3601 quia
1763 3557 1801 3593 in
1821 3561 1964 3598 cunctis
1978 3566 2106 3604 mundi
2126 3567 2210 3606 tini-

1144 3607 1213 3644 bus
1232 3609 1464 3658 Evangelium
1482 3613 1619 3650 Christi
1637 3615 1820 3655 salvandis
1839 3618 2000 3660 fidelium
2017 3626 2204 3673 cordibus,

1143 3668 1374 3713 praedicatur.
1402 3670 1481 3708 Duo
1498 3679 1619 3710 autem
1636 3674 1765 3714 circuli
1788 3677 1826 3715 in
1849 3679 1965 3720 latere
1987 3695 2062 3722 uno
2079 3691 2116 3723 et
2130 3688 2204 3727 duo

1144 3730 1282 3765 suntin
1301 3730 1442 3768 altero:
1465 3733 1521 3770 vel
1535 3735 1621 3780 quia
1650 3737 1723 3774 duo
1739 3742 1972 3789 evanget'ntae
2003 3746 2215 3795 discip-u-.

1142 3789 1194 3827 tui
1219 3789 1420 3828 salvatoris
1437 3791 1479 3857 111
1494 3803 1606 3832 carne
1622 3797 1857 3844 praedicantis
1884 3805 2135 3848 &minutia-³
2147 3808 2200 3848 fia
