2540 4016
117 175 189 215 509

732 164 1067 213 exposmomzs
1087 175 1133 212 IN
1159 162 1423 212 Ln‘vrncu‘u.
1451 193 1498 200 -
1522 174 1608 211 Lm.
1636 166 1696 213 vr.

2213 188 2282 226 510

114 237 306 290 ειιίἶαηὶεη
322 264 401 291 eum
418 263 488 291 non
514 258 716 300 receperunt
736 252 856 300 (Joan.
874 253 916 300 1).
951 252 1043 290 Huic
1074 262 1161 300 ergo
1179 253 1215 292 A
1229 250 1324 286 vobis
1347 250 1383 285 in
1413 249 1546 285 cunctis
1573 250 1852 295 yenerationibus
1877 257 1910 286 et
1931 253 2202 298 habitationibus
2229 275 2284 301 ve-

114 323 176 349 eas
191 313 386 360 relinque&
404 313 502 350 solus
514 318 636 350 autem
654 313 721 349 scit
738 323 819 359 quae
836 314 940 350 nobis
961 319 1162 356 remanent,

112 378 262 419 propter
289 372 386 420 quod
410 382 478 410 nec
502 371 669 419 colligere
696 382 902 418 possumus,
923 382 1003 418 quae
1029 378 1070 408 ut
1087 372 1164 418 ipse

114 432 273 479 colligat,
304 437 471 478 separata
490 436 594 476 sunt,
616 437 707 468 teste
735 431 863 476 Paulo,
895 432 955 478 qui
991 432 1108 468 dicit:
1133 431 1163 468 O

114 490 261 528 altitudo
290 491 693 539 divitiarum'sapientiae
723 498 754 527 et
785 492 938 527 seientioe
959 491 1036 534 Dei,
1058 503 1165 538 quam

112 550 472 597 incomprehensibilia
489 558 569 588 sunt
579 551 721 597 judicia
745 551 838 598 ejus,
857 559 889 588 et
906 552 1165 598 ininvestiqabi-

113 611 163 647 les
177 613 240 648 vioe
257 612 348 658 ejus.
370 612 542 658 Sequitur
562 626 570 648 :

158 669 380 717 Luctatusque
406 679 456 708 est
487 673 659 708 Dominus
687 673 733 708 ad
755 672 900 719 Moysen
919 672 1037 707 dicens
1058 681 1070 705 :
1091 670 1163 707 Lo-

110 741 214 777 quere
244 731 326 777 filiis
357 731 472 767 Israel
494 744 505 768 :
532 733 650 769 Mense
676 733 820 779 septimo
839 733 954 779 prima
983 732 1039 766 die
1068 742 1164 767 men-

110 794 159 831 sis
179 795 245 829 erit
273 794 365 829 vobis
394 795 576 830 sabbatum
604 794 820 837 memoriale,
842 792 1081 839 clangentibus
1107 799 1163 828 tu-

110 854 175 898 bis,
193 860 224 889 et
243 854 422 889 vocabitur
437 862 608 890 sanctum.
631 854 741 890 Omne
761 864 846 898 opus
867 850 988 887 servile
1008 862 1078 886 non
1109 852 1163 897 sa-

110 914 206 949 cietis
221 915 258 949 in
274 925 326 957 eo,
349 920 379 949 et
405 914 556 960 offeretis
585 913 826 948 holocaustum
840 911 1006 946 Domino.
1036 911 1163 956 Septe-

108 974 251 1009 narium
264 983 453 1009 numerum
473 973 675 1008 evidentem
694 981 819 1018 gerere
836 976 872 1007 et
887 970 1162 1007 indubitabilem

108 1031 426 1068 consummationis
463 1029 637 1077 figuram,
662 1031 738 1066 sive
774 1030 1057 1077 uuiuscujusque
1093 1042 1161 1067 uo-

105 1096 234 1134 stram,
256 1091 331 1127 sive
351 1092 571 1137 generalem,
589 1091 700 1126 multa
727 1091 872 1137 quidem
891 1096 927 1126 et
943 1092 1013 1126 alia
1039 1098 1160 1127 osten-

1230 309 1334 352 stris,
1369 307 1621 355 sabbatumque
1649 309 1873 354 requietionis
1909 317 1982 355 est,
2018 316 2173 362 affligetis
2206 324 2285 359 ani.

1229 379 1306 404 mas
1335 376 1480 405 vestras.
1517 368 1586 404 Die
1612 379 1704 404 nono
1723 370 1866 413 mensis,
1898 382 1920 406 a
1957 382 2093 418 vespere
2115 383 2285 424 usquead

1229 439 1410 475 vesperum
1426 455 1436 473 ,
1474 427 1692 464 celebrabitis
1733 428 1880 465 sabbata
1923 437 2051 467 vestra.
2089 432 2287 477 Ostendem

1229 486 1523 533 propitiationem
1541 488 1662 532 nobis,
1681 498 1702 524 a
1719 489 1880 534 peccatis
1907 489 2076 527 videlicet
2103 491 2287 534 liberatio-

1215 542 1313 585 nem
1332 549 1368 584 in
1386 548 1590 585 humilitate
1617 554 1654 584 et
1677 547 1869 586 afflictione
1900 550 2030 587 animae
2054 554 2218 600 acquiri,
2237 556 2287 593 le-

1230 608 1379 656 gislator
1393 608 1588 645 desiderat.
1610 607 1713 644 Hanc
1737 614 1861 645 autem
1885 619 1993 656 agere
2011 621 2033 647 a
2055 622 2209 658 vespera
2228 615 2289 651 de-

1229 667 1371 711 bemus,
1390 668 1427 704 id
1456 673 1523 712 est,
1547 678 1593 705 ex
1623 668 1701 714 ipsa
1732 669 1947 715 poenitentia
1981 670 2034 706 sic
2058 671 2288 719 incipientes,

1230 729 1314 775 quia
1331 734 1366 765 et
1383 728 1550 766 Christus
1566 729 1709 765 initium
1725 740 1798 766 suae
1821 730 2091 776 praedicationis
2110 734 2290 779 poeniten-

1231 790 1318 826 tiam
1335 790 1445 834 secit3
1463 791 1525 826 sed
1540 791 1762 836 poenitentiae
1782 791 1893 827 vitam
1921 791 2052 828 bonam
2071 793 2290 839 superaedifi-

1229 860 1328 894 care,
1365 850 1638 897 perfectamque
1651 878 1660 894 ,
1694 857 1730 887 et
1762 851 1954 888 virtutibus
1993 861 2285 890 consummatum

1230 921 1379 946 necesse
1396 911 1583 954 habemus,
1596 917 1633 947 et
1648 918 1839 958 propterea
1863 912 2022 949 subdidit
2041 923 2050 948 ε
2072 912 2118 949 Ει
2138 914 2290 960 offeretis

1229 969 1470 1005 holocaustum
1485 971 1774 1007 Domino:omne
1797 983 1884 1018 opus
1904 984 1974 1008 non
1991 974 2128 1020 facietis
2148 975 2186 1010 in
2203 980 2290 1011 tem-

1228 1041 1311 1076 pore
1326 1030 1396 1065 αἰεὶ
1412 1030 1532 1074 hujus.
1548 1030 1588 1066 In
1608 1031 1919 1068 holocaustomate
1949 1034 2096 1078 quidem
2112 1045 2284 1071 consum-

1231 1098 1365 1129 matam
1382 1094 1494 1129 vitam
1515 1098 1551 1129 et
1581 1094 1743 1139 perfecte
1778 1094 2016 1131 inhaerentem
2046 1095 2133 1139 Deo,
2154 1096 2191 1131 in
2218 1107 2290 1132 non

105 1153 217 1197 dunt„
227 1153 314 1189 illud
328 1159 449 1189 autem
472 1154 642 1196 maxime,
659 1154 743 1198 quia
757 1153 852 1188 Deus
872 1153 908 1188 in
931 1153 988 1188 die
1008 1154 1160 1199 septima
1179 1153 1211 1191 B
1230 1156 1395 1193 faciendo
1411 1162 1534 1192 autem
1553 1167 1659 1193 omne
1674 1167 1764 1204 opus
1781 1162 2015 1193 terrenorum
2035 1167 2188 1204 operum
2207 1157 2289 1194 abs-

105 1214 260 1249 cessavit
296 1214 340 1249 ab
375 1214 543 1259 operibus
565 1214 652 1256 suis,
676 1214 766 1250 dans
804 1214 909 1250 nobis
927 1219 963 1249 et
996 1215 1071 1260 ipsa
1106 1223 1161 1248 re-

102 1275 224 1320 quiem
251 1280 413 1311 nostram
432 1276 628 1322 conjicere,
654 1275 699 1312 de
723 1286 794 1322 qua
829 1276 962 1312 Paulus
989 1276 1038 1311 ait
1060 1288 1067 1311 :
1092 1275 1160 1319 Qui

102 1335 194 1370 enim
211 1335 388 1381 inpressas
419 1342 468 1371 est
489 1336 525 1371 in
545 1336 642 1371 illam
664 1337 837 1382 requiem,
867 1337 1047 1381 requievit
1084 1336 1160 1382 ipsc

100 1393 147 1429 ab
168 1395 335 1431 omnibus
353 1395 522 1441 operibus
553 1396 643 1439 suis,
665 1396 969 1441 quemadmodum
988 1400 1025 1430 et
1044 1406 1064 1430 a
1084 1395 1159 1430 suis

100 1455 209 1491 Deus.
236 1455 308 1493 Sed
337 1458 481 1493 initium
512 1459 835 1494 consummationis
855 1463 1058 1503 temporum
1090 1459 1160 1494 Do-

101 1515 190 1551 mini
225 1522 281 1552 est
304 1518 491 1561 adventus,
512 1525 659 1565 propter
691 1520 787 1565 quod
809 1520 896 1555 illud
925 1520 1159 1556 novissimam

100 1576 227 1613 horam
260 1577 417 1615 Joannes
453 1580 681 1626 Evangelista
715 1582 921 1626 appellavit,
943 1582 992 1617 ait
1023 1582 1119 1617 enim
1147 1594 1154 1616 ι

101 1635 233 1681 Filioli,
254 1640 439 1675 novissima
468 1641 555 1676 hora
582 1648 643 1678 est.
680 1642 750 1678 Sed
782 1648 820 1678 et
849 1642 1007 1679 Jacobus
1036 1656 1043 1678 :
1067 1643 1158 1678 Ecce

94 1701 207 1747 judex
230 1708 310 1738 ante
324 1704 489 1749 januam
511 1711 593 1739 stat.
634 1704 710 1741 Hoc
732 1710 886 1750 tempus,
918 1707 1069 1751 primam
1100 1717 1157 1743 se-

98 1760 202 1805 ptimi
215 1761 364 1804 mensis,
376 1763 469 1797 sicut
483 1763 699 1808 principium
721 1767 1043 1802 cousummationis
1058 1772 1157 1803 recte

97 1819 156 1857 lex
182 1821 385 1867 appellavit.
419 1822 484 1858 Est
517 1828 637 1859 autem
662 1825 766 1860 nobis
797 1827 958 1870 requies,
981 1828 1065 1873 quia
1090 1838 1155 1864 nos

96 1881 264 1925 operibus
275 1881 380 1917 malis
397 1892 521 1918 carere
540 1882 640 1926 fecit,
660 1889 695 1919 et
710 1895 729 1919 a
742 1883 830 1931 jugo
846 1886 947 1931 gravi
971 1886 1150 1922 liberavit.

102 1938 223 1977 Venite
242 1943 349 1986 enim,
372 1943 502 1989 inquit,
526 1956 642 1980 omnes
674 1947 734 1992 qui
755 1946 925 1982 laboratis
959 1954 991 1982 et
1017 1949 1153 1984 onerati

93 2003 190 2048 estis,
205 2010 238 2039 et
248 2015 310 2051 eqo
323 2016 383 2041 vos
399 2006 554 2051 reficiam
565 2006 707 2053 (Manli.
721 2006 786 2055 x1).
798 2008 843 2043 Et
862 2018 986 2045 rursus
1000 2009 1154 2046 :Discite

1228 1217 1419 1253 tinentiam
1439 1217 1609 1253 ostendit.

1275 1279 1369 1325 Ergo
1400 1284 1435 1314 et
1461 1279 1569 1314 nimis
1596 1283 1860 1323 consequenter
1887 1278 2024 1314 addidit
2048 1290 2058 1314 ε
2091 1278 2185 1322 Quia
2214 1279 2287 1315 dies

1227 1339 1483 1386 propitiationis
1501 1345 1564 1381 est,
1584 1344 1621 1373 ut
1636 1338 1845 1384 propitietur
1874 1339 1967 1374 vobis
1993 1338 2164 1374 Dominus
2191 1337 2285 1373 Deus

1227 1405 1348 1441 vester,
1368 1404 1520 1444 utraque
1540 1399 1618 1434 haec
1639 1398 1850 1441 ostendens,
1873 1398 1956 1443 quia
1972 1405 2007 1434 et
2026 1399 2096 1435 hoc
2120 1404 2176 1435 est
2193 1405 2284 1434 tem-

1226 1469 1293 1504 pus
1310 1459 1353 1493 ad
1372 1458 1664 1504 propitiationem
1681 1457 1787 1493 nobis
1807 1467 1827 1493 a
1857 1458 1931 1494 Deo
1949 1459 2136 1502 donatum,
2155 1459 2192 1495 in
2214 1469 2287 1505 quo

1225 1523 1375 1563 peccata
1409 1523 1532 1553 nostra
1559 1517 1708 1553 veniens
1740 1517 1916 1554 Dominus
1937 1518 2056 1562 diluit,
2072 1523 2108 1554 et
2136 1519 2222 1565 quia
2248 1520 2286 1555 in

1226 1590 1297 1625 quo
1317 1579 1393 1614 haec
1418 1584 1670 1624 exspectamus
1704 1583 1879 1624 tempore,
1909 1580 1998 1615 nihil
2019 1580 2191 1616 debemus
2212 1586 2284 1616 ter-

1225 1649 1398 1691 renorum
1413 1648 1533 1684 agere.
1549 1638 1685 1675 Deinde
1699 1638 1814 1684 legem
1831 1639 2064 1685 protrahens,
2086 1645 2123 1675 et
2138 1639 2286 1677 Christo

1225 1699 1498 1736 advocationem
1519 1699 1699 1746 praebens,
1717 1699 1779 1745 qui
1796 1699 1889 1735 dixit
1910 1711 1917 1734 :
1938 1699 2071 1734 Discite
2090 1710 2111 1735 a
2131 1711 2185 1736 me
2204 1701 2285 1747 quia

1224 1749 1318 1795 mitis
1334 1770 1410 1796 sum
1431 1766 1462 1795 et
1482 1759 1624 1796 humilis
1640 1759 1758 1803 corde,
1777 1766 1808 1796 et
1836 1760 2019 1796 invenietis
2038 1761 2190 1807 requiem
2210 1761 2285 1796 ani-

1223 1821 1346 1856 mabus
1363 1821 1485 1856 restris
1501 1820 1644 1868 (Malta.
1661 1820 1730 1867 xl),
1753 1820 1803 1856 ait
1825 1833 1833 1856 z
1857 1819 1979 1858 Omnis
2000 1822 2118 1856 anima
2136 1832 2214 1868 quoe
2231 1821 2284 1867 as·

1221 1882 1318 1927 [licta
1348 1893 1416 1917 non
1447 1881 1609 1927 fueritin
1639 1882 1694 1917 die
1724 1882 1789 1917 hoc
1820 1881 1944 1928 peribit
1966 1882 2008 1917 de
2027 1882 2163 1928 populis
2189 1882 2282 1925 suis,

1222 1952 1340 1987 neque
1367 1942 1463 1977 enim
1495 1942 1658 1987 sequitur
1690 1942 1873 1978 Christum
1904 1943 1966 1988 qui
1988 1943 2066 1978 haec
2100 1942 2283 1985 sancivit,

1224 2007 1260 2038 et
1293 2003 1330 2038 in
1360 2008 1502 2038 tautum
1522 2002 1758 2049 semetipsum
1777 2003 1995 2046 humiliavit,
2016 2008 2058 2039 ut
2081 2002 2214 2038 Paulus
2242 2003 2282 2039 de

94 2076 116 2101 a
129 2076 183 2102 me
196 2068 279 2113 quia
299 2069 392 2104 mitis
406 2080 483 2104 sum
501 2075 533 2104 et
553 2069 694 2106 lauinilis
720 2071 837 2115 corde,
854 2077 887 2107 et
903 2073 1083 2110 invenietis
1099 2086 1152 2111 re-
1172 2050 1201 2092 C
1223 2074 1268 2100 00
1292 2063 1429 2099 diceret
1453 2075 1460 2098 ²
1494 2061 1703 2099 Humiliavii
1731 2063 1954 2109 semetipsum
1982 2063 2098 2108 factus
2123 2062 2282 2097 0b0d2⁰0¹¹5

93 2127 208 2172 quiem
234 2130 420 2166 animabus
449 2132 581 2167 vestris.

141 2186 218 2223 Hoc
236 2193 273 2223 et
287 2190 497 2226 memoriale
534 2193 703 2229 tubarum
720 2199 778 2230 est
802 2206 810 2229 τ
843 2195 1018 2241 praedicat
1053 2196 1151 2232 enim

96 2245 296 2285 Salvatoris
312 2252 629 2296 resurrectionem,
650 2264 729 2300 quae
750 2256 961 2293 memoriale
980 2265 1035 2293 est
1048 2268 1149 2295 com-

94 2307 213 2343 munis
233 2315 459 2346 mortuorum
479 2314 769 2359 resurrectionis,
791 2326 870 2361 quae
890 2317 926 2352 in
944 2327 1032 2354 voce
1050 2319 1151 2355 tuba-

93 2376 173 2423 rum
188 2377 401 2415 magnarum
417 2377 452 2406 et
471 2372 687 2409 terribilium
706 2374 882 2411 efficietur
900 2377 935 2412 in
955 2376 1059 2422 jussu
1079 2379 1149 2414 Do-

92 2425 226 2462 minico
239 2429 276 2463 in
295 2439 376 2464 voce
396 2431 610 2478 archangeli,
631 2433 667 2469 in
687 2435 769 2470 tuba
790 2434 875 2480 Dei,
896 2436 990 2473 sicut
1017 2438 1149 2474 Paulus

93 2484 228 2522 docuit.
245 2487 323 2524 Hoc
336 2494 479 2536 tempus
494 2494 683 2529 vocabitur
694 2502 858 2531 sanctum
879 2496 1046 2540 Domino,
1065 2498 1149 2543 quia

93 2547 318 2583 vocationem
339 2559 419 2594 quae
440 2551 476 2586 in
510 2554 796 2591 sanctificatione
824 2562 879 2591 est
898 2557 1073 2602 possidet,
1102 2569 1147 2594 ex

92 2616 163 2651 qua
194 2607 339 2654 adoptio
370 2619 450 2654 quae
471 2610 517 2646 ad
542 2621 624 2647 eum
646 2614 803 2658 pertinet
823 2616 961 2652 vocatis
981 2615 1146 2654 efficitur.

94 2664 204 2702 Omne
218 2678 304 2714 opus
321 2668 443 2705 servile
463 2681 531 2707 non
552 2671 688 2717 facietis
702 2673 739 2708 in
757 2685 809 2719 eo,
826 2679 858 2711 et
872 2676 1026 2721 offeretis
1045 2676 1146 2713 holo-

91 2733 252 2763 caustum
271 2727 437 2765 Domino.

137 2787 217 2841 Non
225 2793 281 2824 est
295 2789 391 2825 enim
406 2788 482 2835 jam
494 2793 634 2838 tempus
651 2803 761 2840 opera
774 2795 917 2832 servilia
928 2807 1049 2844 agere,
1061 2799 1145 2845 quia

89 2844 221 2884 sufficit
249 2849 475 2895 praeteritum
495 2857 637 2900 tempus
656 2853 702 2890 ad
727 2855 947 2894 voluntatem
968 2860 1143 2905 gentium,

89 2905 125 2943 in
139 2918 211 2954 quo
226 2914 328 2956 gesta
347 2916 432 2947 sunt
446 2922 556 2958 opera
590 2915 749 2958 servilia,
780 2921 815 2952 et
832 2918 1003 2954 dehemus
1024 2932 1144 2966 quem-

89 2966 279 3022 admodum
295 2970 515 3008 exhibuimus
532 2974 688 3009 membra
715 2982 834 3012 nostra
858 2990 958 3015 arma
977 2981 1146 3028 iniquita-

89 3025 149 3071 t'is,
170 3026 216 3062 ad
233 3027 470 3075 iniquitatem,
494 3031 544 3066 ita
559 3032 719 3070 exhibere
733 3034 888 3072 membra
904 3045 1023 3076 nostra
1043 3051 1144 3075 arma

85 3085 234 3136 Justitiae
266 3087 304 3123 in
335 3089 649 3135 sanctificationem
678 3103 689 3128 :
712 3094 780 3131 hoc
812 3101 868 3132 est
902 3098 998 3134 enim
1017 3109 1142 3136 verum

87 3145 351 3186 holocaustum.
373 3150 546 3199 Sequitur
562 3155 670 3193 etiam
694 3170 701 3193 :

133 3205 286 3245 Locutus
313 3221 449 3259 quoque
469 3220 519 3250 est
550 3215 722 3255 Dominus
747 3220 793 3255 ad
814 3219 960 3268 Moysen
989 3224 1108 3262 dicens
1130 3237 1141 3261 :

84 3263 311 3330 Decimodie
340 3273 470 3310 mensis
495 3272 601 3322 hujus
630 3280 781 3325 septimi,
802 3282 876 3318 dies
902 3285 1141 3330 expiationum

83 3325 410 3376 eruceteberrtmus,
420 3340 452 3369 et
465 3335 646 3372 vocabitur
660 3345 815 3385 sanctus,
827 3342 1052 3391 affliqetisque
1066 3346 1142 3381 ani-

84 3395 160 3424 mas
182 3394 314 3427 vestras
333 3391 371 3428 i'n
389 3404 442 3438 eo,
471 3401 504 3431 et
530 3397 681 3443 offeretis
705 3399 950 3440 holocaustum
970 3405 1136 3442 Domino.

87 3439 196 3518 Πέῆω
215 3462 302 3499 opus
323 3455 394 3491 non
410 3454 545 3501 societis
567 3458 606 3494 in
630 3466 782 3508 tempore
814 3463 883 3499 diei
906 3455 1033 3511 nitius,
1055 3467 1139 3513 quia

86 3504 160 3546 dui
184 3513 439 3560 propitiationis
469 3523 534 3562 est,
564 3525 602 3555 ut
621 3522 828 3569 propitietur
852 3523 947 3561 vobis
962 3525 1136 3563 Dominus

86 3556 180 3608 hit·
195 3574 317 3634 ociter.
339 3574 460 3613 Omnis
479 3579 598 3616 anima
627 3593 706 3627 quae
724 3583 851 3631 afflicta
874 3596 944 3622 non
973 3586 1080 3632 fuerit
1098 3588 1136 3624 in

87 3615 150 3697 «1ξὸ4
159 3627 224 3668 Soc
240 3633 365 3682 peribit
386 3634 429 3672 de
462 3639 600 3686 populis
627 3643 723 3688 suis,·
746 3651 778 3680 et
802 3657 879 3693 quoe
900 3648 1014 3694 operis
1037 3648 1136 3694 quip-

87 3698 183 3735 piam
211 3683 343 3749 federit,
374 3695 493 3735 delebo
511 3710 589 3739 eam
618 3702 662 3739 de
689 3705 818 3752 populo
838 3718 918 3751 suo,
941 3707 1028 3744 nihil
1053 3720 1135 3756 erqo

88 3753 201 3802 operis
237 3741 372 3802 ficietis
403 3757 442 3795 tn·
472 3759 535 3806 eof
563 3757 754 3810 legitimum
790 3760 1036 3813 sempiternum
1069 3769 1134 3805 erit

1218 2137 1327 2172 usque
1347 2125 1392 2161 ad
1426 2130 1588 2169 mortem,
1613 2131 1759 2160 mortem
1782 2130 1898 2160 autem
1917 2125 2029 2159 crucis
2049 2122 2197 2170 (Philip.
2217 2123 2282 2170 ιι),

1218 2187 1282 2223 sed
1302 2191 1338 2223 et
1357 2186 1419 2233 qui
1437 2186 1559 2232 operis
1592 2185 1777 2233 quippiam
1798 2183 1939 2229 fecerit,
1970 2183 2098 2222 delebo
2128 2193 2213 2220 cum
2239 2184 2281 2221 de

1216 2245 1351 2294 populo
1372 2255 1450 2282 suo.

1266 2307 1366 2343 Nihil
1397 2318 1477 2353 erqo
1503 2306 1615 2353 operis
1636 2306 1772 2352 facietis
1796 2307 1833 2341 in
1855 2316 1917 2349 eo,
1944 2304 2138 2351 leqitimum
2155 2306 2279 2351 sempi-

1216 2373 1354 2404 ternum
1371 2367 1437 2402 erit
1456 2366 1551 2401 vobis
1566 2366 1603 2401 in
1621 2366 1754 2401 cunctis
1780 2364 2061 2411 generationibus
2083 2369 2115 2398 et
2135 2363 2275 2399 babita-

1216 2427 1367 2462 tionibus
1382 2426 1517 2461 vestris.
1537 2426 1597 2462 Sic
1613 2426 1682 2461 hoc
1699 2425 1810 2468 dixit,
1830 2429 2003 2469 tanquam
2023 2423 2053 2459 si
2069 2421 2202 2468 populo
2218 2420 2277 2457 Ju-

1217 2489 1376 2525 daeorum
1410 2491 1632 2532 praeceptum
1664 2485 1730 2528 sit;
1765 2485 1818 2520 sic
1850 2489 1970 2519 autem
2001 2492 2040 2519 se
2060 2491 2132 2518 non
2152 2481 2277 2525 habet,

1216 2548 1383 2584 omnibus
1407 2547 1502 2583 enim
1521 2546 1579 2583 lex
1596 2545 1799 2582 communis
1820 2550 1896 2587 est,
1915 2544 1998 2589 quia
2015 2547 2052 2579 et
2076 2543 2120 2579 ad
2152 2552 2277 2579 omnes

1217 2610 1393 2647 Dominus
1412 2608 1555 2645 dicebat
1577 2620 1585 2643 :
1615 2606 1818 2654 Operamini
1846 2617 1915 2642 non
1933 2605 2048 2641 cibum
2073 2604 2134 2652 qui
2164 2604 2276 2650 perit;

1215 2670 1305 2707 nihil
1324 2669 1448 2706 volens
1469 2678 1535 2705 nos
1556 2668 1700 2714 operari
1719 2672 1917 2703 terrenum.
1942 2665 2040 2701 Bene
2057 2674 2146 2711 ergo
2165 2669 2203 2700 et
2221 2673 2276 2700 sa-

1214 2732 1354 2779 pienter
1372 2730 1573 2767 custodiam
1592 2727 1791 2765 vocationis
1810 2727 2012 2773 perducere
2038 2725 2084 2761 ad
2098 2723 2276 2770 majorem

1214 2792 1554 2838 contemplationem
1573 2790 1710 2833 volens,
1726 2788 1863 2825 addidit
1886 2800 1895 2823 :
1930 2787 2125 2824 Sabbatum
2146 2786 2277 2833 requie-

1214 2855 1317 2891 tionis
1331 2860 1394 2897 est,
1406 2853 1463 2889 vel
1481 2853 1574 2890 sicut
1591 2851 1827 2899 Septuaginta
1844 2862 1851 2885 ε
1871 2849 2025 2885 Sabbata
2045 2848 2272 2884 sabbatorum

1213 2920 1314 2952 erunt
1336 2914 1444 2958 vobis,
1458 2919 1499 2950 ut
1515 2924 1580 2960 per
1599 2914 1666 2949 hoc
1687 2911 1913 2958 intelligibile
1939 2910 2182 2956 intelligamus
2197 2910 2277 2946 sal)-

1213 2976 1336 3012 batum
1349 3003 1358 3018 ‚
1397 2975 1491 3022 quod
1521 2974 1727 3010 Judoeorum
1761 2971 1960 3010 excedebat
1995 2970 2244 3007 infirmitatem
2261 2998 2272 3015 ,

1212 3039 1515 3086 quemadmodum
1540 3042 1577 3072 et
1606 3035 1740 3072 Sancta
1772 3039 1992 3076 sanctorum,
2012 3037 2161 3079 propter
2177 3031 2273 3077 quod

1211 3100 1264 3136 eis
1292 3110 1359 3136 nec
1379 3100 1527 3136 sabbata
1555 3103 1680 3140 erant,
1701 3096 1764 3132 sed
1786 3102 1822 3132 et
1848 3095 2078 3131 Cantieorum
2100 3093 2240 3130 cantica
2259 3104 2269 3129 :

1211 3171 1298 3204 non¹
1316 3156 1520 3208 intelligunt
1552 3161 1648 3197 enim
1672 3169 1797 3196 eorum
1829 3169 1909 3204 quae
1928 3157 1979 3193 ibi
2009 3156 2141 3200 scripta
2183 3160 2269 3191 sunt

1210 3222 1394 3259 virtutem.
1416 3222 1460 3257 Et
1474 3232 1581 3258 omne
1600 3221 1695 3266 quod
1718 3219 1914 3255 secundum
1938 3217 2054 3262 legem
2073 3214 2267 3260 Anagogen

1211 3283 1351 3329 recipit,
1378 3283 1446 3318 hoc
1461 3282 1637 3319 excedere
1654 3280 1858 3315 Judaeorum
1877 3285 2067 3312 mensuras
2088 3274 2265 3321 intelliga-

1210 3355 1303 3381 mus.
1325 3344 1405 3380 Jam
1428 3349 1548 3380 autem
1569 3342 1650 3377 vide
1669 3340 1798 3386 quibus
1817 3336 2043 3374 sermonibus
2062 3345 2149 3372 usus
2173 3340 2231 3372 est
2251 3345 2261 3371 :

1208 3405 1255 3442 Et
1270 3406 1426 3453 affligetis
1440 3405 1575 3440 animas
1595 3407 1741 3442 vestras,
1760 3398 1817 3433 die
1835 3407 1926 3432 nono
1943 3396 2072 3432 mensis
2084 3406 2106 3431 a
2123 3405 2263 3444 vespero

1206 3478 1315 3514 usque
1332 3466 1378 3501 ad
1392 3474 1568 3511 vesperum
1588 3459 1802 3496 celebrabitis
1826 3457 1972 3494 sabbata
1988 3462 2114 3495 vestra.

1253 3524 1481 3570 Recapitulat
1514 3521 1610 3558 enim
1643 3518 1856 3556 humilitatis
1883 3517 2048 3562 verbum,
2067 3517 2154 3565 quia
2186 3515 2261 3554 rre-

1204 3589 1357 3631 quenter
1377 3581 1465 3618 illud
1481 3580 1646 3618 Christus
1667 3578 1804 3623 docuit,
1820 3578 1924 3626 quasi
1945 3587 2118 3615 coronam
2135 3581 2261 3614 autem

1203 3645 1300 3682 illam
1318 3650 1354 3680 et
1380 3643 1496 3680 hasim
1519 3641 1704 3678 virtutem.
1726 3645 1836 3686 atque
1868 3637 2141 3676 subsistentiam
2171 3644 2278 3684 apo-¹

1203 3705 1303 3743 stolis
1325 3702 1524 3742 constituit.
1551 3701 1747 3748 Inquisitus
1766 3700 1878 3745 enim,
1898 3700 1976 3747 quis
1993 3699 2112 3747 maJ'or
2141 3702 2192 3735 est
2219 3697 2256 3734 in

1202 3777 1308 3814 reqno
1326 3764 1503 3810 coelorum,
1518 3760 1717 3810 respondit,
1741 3761 1937 3810 quicunque
1952 3754 2254 3808 humiliaberit—se,
