2540 4016
633 59 685 117 Ω

100 178 170 225 tuit

480 184 540 247 ,a

721 179 1053 220 communia
1076 180 1126 218 ΙΝ
1149 179 1356 219 monuit.
1381 201 1430 209 ——
1453 181 1541 221 ΠΒ.
1565 181 1637 225 Ποῖ

2195 188 2265 229 too

67 260 73 266 .
99 258 289 300 flliilsrnet
299 256 487 297 oleum&
502 255 686 296 lucernam
707 255 773 293 Dei
788 267 861 294 non
881 256 1143 303 qualecunque,
1163 257 1199 298 A
1215 256 1378 302 sequitur
1398 267 1407 291 ε
1428 254 1473 297 Et
1503 254 1731 298 collocabunt
1763 263 1844 291 eam
1877 255 1999 300 Aaron
2017 264 2054 303 gg
2083 260 2147 305 (3155
2171 261 2263 310 eju,

99 322 162 359 sed
192 322 237 358 de
265 321 371 368 lignis
396 318 594 360 olivarum,
623 321 660 353 et
697 318 767 354 hoc
793 318 1026 363 purissimum
1057 318 1146 365 pilo-

98 394 168 430 que
187 387 388 419 contusum.
409 379 572 420 Offerant
591 379 676 416 boni
692 380 879 416 auditores
898 369 1146 426 spiritualibus

98 444 315 486 doctoribus,
340 440 601 478 conscientiam
619 451 747 486 puram
780 445 817 476 et
845 440 1037 476 charitatis
1063 450 1145 486 gra-

97 505 183 540 tiam
200 503 402 545 secundam,
424 501 568 547 piloque
587 501 718 537 sedulae
740 501 967 546 probationis
986 502 1030 536 ab
1045 501 1145 537 omni

97 565 263 611 nequitiae
282 563 532 600 commistione
559 563 849 608 permundatam,
877 573 956 607 quie
987 562 1061 598 sola
1090 562 1145 598 vi-

96 627 222 663 delicet
258 626 454 661 intentione
486 625 648 671 placendi
686 629 722 660 et
750 624 928 660 serviendi
969 624 1141 666 Domino,

93 689 201 723 verba
219 688 295 734 ejus
315 687 438 723 audire
462 687 627 722 delectet.
655 685 790 722 Offerat
816 685 935 721 Aaron
957 696 1038 721 cum
1062 685 1143 721 liliis

94 748 182 790 suis,
207 748 324 794 ignem
347 759 416 784 non
447 747 616 790 alienum,
641 747 702 782 sed
733 746 885 791 desuper
915 745 1063 781 missum
1099 744 1143 779 ad

93 808 359 844 accendendam
399 808 581 844 lucernam
615 820 624 843 :
652 807 746 843 sicut
781 806 888 842 etiam
925 804 969 840 ad
1009 814 1141 839 consu-

90 868 218 903 menda
252 868 462 903 holocausta
486 877 528 903 ac
559 866 752 902 redolenda
771 864 1021 910 thymiamata.
1042 864 1140 899 Prae-

89 929 209 964 dicent
228 931 375 965 verbnm
392 930 556 964 doctores
573 939 643 963 non
664 937 781 969 sunm,
799 927 860 961 sed
883 926 1035 967 Domini,
1057 935 1142 970 pro-

89 996 260 1026 testantes
278 1001 359 1025 cum
391 989 532 1024 fiducia.
555 987 632 1023 Non
653 988 749 1022 enim
785 997 910 1022 sumus
943 987 1035 1021 sicut
1062 987 1140 1031 plu-

85 1051 178 1090 rimi,
205 1050 446 1085 adulterantes
473 1049 635 1091 verbum,
658 1048 719 1083 sed
754 1057 798 1082 ex
833 1047 1051 1090 sinceritate,
1076 1047 1138 1082 sed

83 1120 127 1145 ex
144 1111 235 1151 Deo,
259 1110 352 1145 sicut
385 1119 506 1145 coram
528 1109 599 1144 Dea
622 1109 656 1144 in
678 1108 824 1143 Christo
841 1108 1034 1153 loquimur.
1061 1108 1137 1143 Hoc

1216 318 1305 362 Quia
1326 329 1396 355 non
1425 318 1586 355 omnium
1616 322 1671 354 est
1706 323 1933 359 sacramenta
1957 319 2039 362 fidei
2068 325 2265 367 praedicar·

1214 379 1250 415 in
1269 379 1412 425 populo,
1437 379 1500 416 sed
1522 389 1647 418 eornm
1681 379 1920 423 solummodo,
1939 380 2002 425 qui
2034 386 2071 421 et
2099 387 2265 424 castitate

1213 439 1310 483 fidei,
1330 446 1366 476 et
1400 441 1629 477 exsecutione
1662 440 1747 477 boni
1776 441 1910 486 operis,
1935 441 1980 479 ad
2012 440 2105 482 filios
2133 447 2264 484 summi

1213 501 1424 544 sacerdotis,
1458 501 1603 541 nomini
1633 501 1800 538 videlicet
1830 506 1868 539 et
1901 500 2100 542 Salvatoris
2132 506 2264 549 nostri,

1211 562 1393 608 pertinere
1424 563 1635 608 probantur.
1655 561 1752 599 Bene
1787 567 1908 599 autem
1939 562 2057 601 adhuc
2084 563 2262 601 subditur.

1212 623 1256 658 Et
1289 633 1402 668 usquc
1424 632 1528 657 mane
1556 622 1674 659 luceat
1694 632 1816 658 eoram
1849 622 2015 659 Domino.
2044 621 2133 659 Cum
2167 625 2263 660 enim

1211 689 1394 719 transacta
1428 688 1533 718 nocte
1554 682 1670 718 saecuti
1693 682 1811 727 liuius,
1832 693 1937 719 mane
1957 683 2116 718 futurum
2141 685 2262 720 saeculi

1210 744 1392 786 claruerit,
1422 744 1466 779 de
1497 753 1569 788 quo
1598 743 1686 779 dicit
1714 742 1914 788 Propheta,
1938 743 2043 779 Mane
2064 744 2184 780 astabo
2202 746 2262 780 tibi

1209 813 1240 840 et
1256 806 1373 841 videbo
1391 804 1540 852 (Psatm.
1555 804 1615 852 v),
1635 815 1704 840 non
1724 805 1798 851 jam
1815 805 1908 843 ultra
1923 805 2069 842 lucerna
2087 806 2261 846 librorum

1210 868 1420 913 indigemus.
1447 873 1644 912 apparente
1662 871 1697 901 et
1727 866 1932 903 illustrante
1968 876 2034 903 nos
2058 877 2145 905 vera
2178 867 2258 902 luce

1207 929 1343 969 mundi,
1374 929 1417 964 de
1436 938 1507 973 quo
1537 928 1623 963 dicit
1654 933 1690 963 et
1715 927 1919 972 Propheta:
1946 926 2048 964 Vobis
2077 935 2192 964 autem
2213 929 2259 963 ti-

1207 987 1376 1022 mensibus
1397 999 1522 1022 nonum
1552 987 1680 1030 maffia,
1713 988 1845 1023 orietur
1862 987 1914 1023 sol
1931 988 2091 1032 justitian
2127 988 2259 1034 Perpe-

1205 1054 1285 1082 tuus
1305 1048 1368 1081 crit
1392 1046 1505 1081 cultu-s
1536 1056 1597 1091 per
1613 1047 1844 1081 successiones
1866 1057 1986 1081 eorum
2001 1059 2022 1082 a
2040 1048 2123 1092 liliis
2146 1046 2260 1086 Israel

1206 1107 1318 1155 (Mal.
1353 1106 1425 1154 tv).
1462 1107 1645 1150 Quomodo
1685 1106 1779 1141 enim
1812 1106 1915 1151 juxta
1946 1106 2102 1141 litteram
2133 1116 2259 1152 perpe-

83 1169 163 1216 igne
183 1176 332 1206 utantur
360 1171 403 1205 ad
431 1170 640 1206 illustranda
666 1170 872 1214 cognitione
910 1169 989 1204 lidci
1024 1170 1133 1204 corda
1154 1170 1183 1208 B
1205 1177 1286 1205 tuus
1327 1179 1407 1205 csse
1438 1169 1571 1214 poterit
1605 1168 1723 1203 cultus
1758 1166 1865 1203 officii
1906 1166 2161 1210 sacerdotalis,
2196 1167 2257 1201 ubi

81 1231 303 1267 audientium
316 1244 323 1266 z
337 1232 417 1273 hoc,
436 1231 480 1266 ad
498 1230 715 1276 perficienda
736 1241 778 1264 ac
795 1230 867 1265 Deo
888 1230 1132 1265 consecranda

82 1291 288 1327 holocausta
307 1293 479 1327 bonorum
497 1301 644 1337 operum
664 1302 828 1333 suorum;
851 1291 987 1333 hoc,ad
1009 1291 1132 1326 incen-

79 1352 192 1387 denda
210 1353 440 1398 tltyininnata
455 1353 656 1387 orationum
669 1357 889 1386 sanctarum.
905 1351 999 1385 Bene
1010 1356 1131 1384 antem

79 1414 210 1450 dicitur
225 1426 232 1448 ε
248 1414 293 1448 Ut
311 1414 435 1449 ardeat
461 1413 604 1449 lucerna
622 1413 807 1458 semperin
827 1412 1057 1447 tabernaculo
1079 1418 1130 1445 te-

79 1474 343 1518 stimonii,quia
356 1484 538 1519 nunquam
555 1474 590 1508 in
609 1479 733 1508 sancta
746 1473 905 1507 Ecclesia
926 1472 984 1507 lux
1003 1471 1128 1516 praedi-

79 1534 244 1575 cationis,
269 1544 449 1577 nunquam
465 1534 570 1568 debet
591 1533 774 1567 humilitas
796 1532 999 1566 auditorum
1023 1540 1125 1575 pura,

78 1604 157 1639 quae
182 1595 274 1629 banc
304 1594 456 1629 libenter
491 1594 659 1638 excipiat,
692 1593 762 1627 imo
782 1598 816 1627 et
838 1592 989 1627 solerter
1011 1592 1128 1636 inqui-

78 1661 146 1697 rat,
170 1655 306 1691 deesse.
331 1655 426 1690 Bene
455 1655 598 1691 additur
623 1667 632 1689 2
660 1654 771 1688 Extra
788 1653 905 1688 velum
939 1653 1032 1697 qnod
1061 1662 1126 1697 op-

78 1727 227 1763 pansum
245 1722 299 1752 est
319 1716 536 1752 testimonio.
557 1715 634 1750 Non
655 1716 748 1750 enim
782 1715 874 1749 intra
906 1714 1024 1749 velum
1044 1714 1126 1750 coeli

76 1788 166 1823 opus
197 1778 370 1813 babemus
403 1777 548 1812 lucerna
569 1776 844 1821 scripturarum,
872 1775 931 1809 ubi
954 1785 1037 1810 arca
1070 1781 1125 1809 est

78 1837 230 1880 Domini,
250 1842 287 1872 et
309 1836 496 1872 cherubim
529 1835 650 1882 gloriae
673 1834 964 1879 propitiatorium
995 1835 1123 1869 obum-

75 1897 193 1941 brant,
215 1898 250 1933 id
274 1903 342 1940 est,
371 1897 513 1944 agmina
532 1895 692 1933 coelestis
711 1895 861 1937 milium,
888 1894 1038 1941 gloriam
1071 1895 1126 1930 in-

74 1959 212 1995 carnati
235 1959 298 1995 lilii
318 1959 393 2000 Dei,
427 1968 532 2004 quem
553 1958 675 2003 posuit
706 1956 800 1992 Deus
829 1956 1124 2002 propitiationem

73 2030 138 2066 pro
153 2021 310 2066 peccatis
331 2020 477 2064 nostris,
499 2029 656 2056 consona
684 2028 773 2055 voce
797 2018 1008 2064 praedicant.
1027 2017 1124 2053 Bene
1141 2042 1171 2083 C

1204 1235 1238 1265 et
1254 1230 1320 1275 ipsi
1340 1230 1375 1264 in
1395 1229 1637 1265 sacerdotium
1657 1234 1691 1263 et
1709 1228 1981 1269 tabernaculum
1999 1228 2034 1271 in
2064 1238 2135 1272 quo
2152 1238 2258 1274 gere-

1203 1290 1321 1333 batur,
1345 1295 1380 1325 et
1401 1289 1554 1335 populus
1580 1288 1637 1324 cui
1669 1289 1899 1333 gerebantur,
1916 1288 1992 1334 jam
2021 1288 2152 1331 dudum
2178 1298 2258 1330 csse

1202 1348 1460 1385 cessaverunt?
1491 1348 1592 1384 Unde
1619 1353 1762 1389 constat
1783 1348 1851 1388 hoc
1880 1348 1916 1385 in
1953 1353 2075 1394 sancta
2094 1347 2256 1383 Ecclesia

1200 1409 1347 1446 verbum
1363 1418 1444 1443 esse
1457 1407 1724 1452 complendum,
1736 1408 1796 1443 ubi
1815 1406 2089 1450 succedentibus
2107 1402 2174 1442 sibi
2193 1417 2257 1457 per

1201 1469 1363 1504 ordinem
1399 1468 1607 1503 doctoribus
1633 1467 1740 1503 simul
1761 1473 1797 1503 et
1818 1467 2043 1510 auditoribus
2074 1467 2255 1510 veritatis,

1202 1523 1384 1576 nunquam
1410 1531 1562 1567 deerunt
1581 1528 1786 1573 spirituales
1806 1528 1868 1573 lilii
1887 1527 2011 1569 lsrael,
2038 1527 2099 1574 qui
2121 1527 2157 1562 in
2188 1527 2254 1562 do-

1200 1605 1298 1631 mum
1318 1594 1459 1629 Domini
1474 1594 1567 1628 dona
1581 1593 1726 1638 pictatis
1743 1591 1907 1633 offerant,
1926 1595 1960 1633 et
1984 1589 2046 1624 lilii
2066 1589 2201 1630 chiron,
2218 1587 2255 1632 id

1199 1661 1265 1698 est,
1284 1655 1359 1691 veri
1373 1653 1568 1690 sacerdotis
1586 1651 1715 1694 nostri,
1737 1651 1797 1696 qni
1814 1650 1884 1689 illis
1901 1650 2017 1691 lucem
2034 1649 2133 1691 verbi
2148 1648 2254 1690 mini-

1198 1724 1314 1754 strent
1324 1729 1332 1752 :
1343 1719 1456 1753 donec
1467 1716 1643 1762 completo
1655 1714 1774 1754 saeculi
1791 1712 1896 1758 hujus
1907 1716 2014 1755 statu,
2029 1715 2065 1747 et
2078 1711 2155 1755 ipso
2165 1721 2254 1756 qno-

1194 1789 1263 1824 que
1282 1778 1514 1815 tabernaculo
1531 1776 1596 1812 Dei
1613 1780 1708 1818 toto,
1735 1775 1770 1810 id
1790 1779 1846 1815 est
1865 1773 2033 1811 universa
2053 1771 2252 1813 electorum

1193 1839 1418 1875 multitudine
1438 1838 1482 1874 ad
1509 1846 1657 1883 regnum
1675 1835 1822 1871 coeleste
1849 1832 2036 1877 translata,
2056 1841 2127 1879 non
2147 1835 2254 1866 erunt

1194 1900 1300 1942 ultra,
1324 1899 1385 1944 qui
1418 1900 1462 1937 ab
1495 1897 1702 1934 hominibus
1732 1895 1944 1938 erudiantur
1965 1892 2146 1940 homines,
2167 1900 2251 1938 OQ!

1194 1961 1241 1997 sit
1265 1960 1358 1999 Deus
1380 1959 1498 1995 omnia
1519 1959 1555 1994 in
1579 1957 1753 1999 omnibus.

857 2201 1058 2252 LIBER
1108 2199 1451 2262 QUARTUS.

415 2383 566 2421 CAPUT
591 2384 784 2421 PRIMUM.

71 2445 122 2482 De
137 2445 365 2491 aedificatione
382 2446 500 2481 Aaron
517 2453 549 2482 et
572 2447 725 2492 liliorum
737 2447 814 2492 ejas
832 2447 868 2482 in
887 2447 1121 2482 sacerdotium

429 2494 760 2537 §oiistttuendoranu

118 2565 263 2611 Applica
283 2565 426 2612 'quoque
452 2567 498 2603 ad
521 2574 553 2602 te
586 2568 705 2604 Aaron
735 2569 880 2614 fratrem
914 2575 1012 2603 tuum
1040 2579 1120 2602 cum

74 2622 155 2671 filiis
170 2625 242 2658 suis
262 2624 303 2658 de
319 2626 431 2660 medio
446 2626 600 2670 filiorum
618 2627 744 2668 Israel,
765 2634 800 2661 ut
826 2627 1020 2662 sacerdotio
1040 2626 1122 2671 sun-

71 2693 199 2733 yantur
217 2687 300 2721 mihi
321 2687 455 2730 Aaron,
489 2687 616 2723 Nadab
650 2695 681 2723 et
712 2688 821 2730 Abiu,
851 2695 882 2723 et
910 2688 1062 2723 Eleazar
1087 2694 1120 2723 et

70 2745 374 2794 IthamarOEaeod.
400 2748 494 2794 vin).
517 2749 699 2795 Descripta
718 2749 856 2786 factura
884 2750 1118 2793 tabernaculi,

70 2814 330 2853 consequenter
344 2809 548 2845 sacerdotes
557 2810 615 2854 qni
634 2811 668 2845 in
685 2820 727 2846 eo
739 2811 942 2846 ministrent
954 2796 1121 2846 ordinan-

1192 2384 1359 2422 doctores
1378 2390 1512 2422 sanctae
1530 2385 1712 2429 Ecclesiae,
1734 2396 1962 2427 communem
1978 2387 2091 2427 vitam
2108 2387 2244 2429 electo-

1191 2454 1291 2486 rum,
1321 2446 1493 2491 singulari
1513 2448 1642 2484 mentis
1662 2448 1820 2485 culmine
1845 2449 2118 2492 transcendere,
2137 2454 2174 2487 et
2190 2447 2247 2493 sa-

1190 2503 1322 2540 miliari
1356 2506 1577 2551 inspectione
1615 2508 1700 2552 quid
1731 2508 1787 2543 lex
1826 2509 2045 2554 generaliter
2076 2510 2246 2553 omnibus¹

1189 2565 1327 2607 electis,
1363 2566 1451 2610 quid
1473 2576 1560 2602 vero
1587 2568 1713 2612 paucis
1743 2566 2022 2613 perfectioribus
2043 2570 2249 2615 specialiter

1188 2625 1367 2671 loquatur,
1385 2627 1572 2663 attendere
1591 2639 1597 2662 τ
1615 2633 1654 2664 ut
1671 2628 1789 2669 altiori
1806 2628 2018 2668 excellentia
2034 2630 2248 2672 meritorum

1190 2687 1234 2722 ad
1252 2686 1378 2723 altiora
1396 2688 1536 2733 possint
1561 2689 1708 2733 praemia
1727 2689 1930 2734 pervenire.
1951 2688 2040 2732 Nam
2062 2691 2158 2736 quod
2174 2689 2248 2727 sra-

1190 2751 1281 2782 trem
1307 2757 1411 2782 suum
1434 2747 1575 2794 Moyses
1593 2759 1675 2784 cum
1697 2748 1781 2787 tiliis
1815 2749 1852 2785 in
1879 2749 2120 2787 sacerdotium
2150 2749 2247 2786 ordi-

1190 2817 1278 2847 nare
1292 2808 1515 2853 praecipitur,
1538 2809 1623 2853 quid
1642 2808 1745 2844 nobis
1761 2808 1859 2850 aliud
1885 2809 2037 2855 mystice
2060 2819 2246 2851 commen-

72 2876 140 2912 tur,
164 2881 316 2916 quorum
336 2872 479 2917 quidem
501 2872 680 2908 ordinatio
698 2877 734 2908 et
759 2872 920 2914 habitus,
938 2879 1036 2907 recte
1053 2873 1120 2907 Ec·
1139 2879 1173 2918 1)
1191 2867 1265 2910 dat,
1285 2868 1352 2909 nisi
1371 2868 1467 2913 quod
1485 2878 1612 2905 omnes
1638 2868 1700 2914 qui
1724 2868 1880 2914 officium
1903 2868 2061 2915 dOCtQKiS
2083 2869 2245 2917 somina-

71 2931 189 2968 elesiae
217 2932 462 2967 sacerdotibus
493 2933 657 2978 congruit
690 2942 699 2967 :
733 2933 781 2968 ita
812 2938 850 2969 ut
882 2943 1001 2975 omne,
1024 2933 1119 2978 quod

69 2989 144 3027 iilic
161 2991 196 3026 in
212 2996 340 3027 ornatu
370 2992 523 3028 vestium
546 2990 683 3027 clarum
699 2992 927 3028 extrinsecus
947 2992 1119 3038 fulgebat,

70 3049 140 3086 hoc
171 3050 391 3085 intellectum
427 3050 673 3096 spiritualiter,
707 3050 744 3085 in
772 3051 860 3097 ipsis
891 3052 1121 3088 sacerdotum

70 3115 275 3146 nostrorum
310 3111 492 3147 mentibus
524 3111 635 3155 altum
658 3111 755 3147 intus
783 3111 962 3154 emineat;
990 3113 1058 3154 hoc
1084 3113 1120 3148 in

71 3177 195 3209 eorum
221 3170 362 3215 actibus
393 3180 467 3215 prae
501 3171 641 3210 caeteris
674 3171 831 3209 fidelium
861 3172 1014 3216 meritis,
1032 3172 1120 3211 loris

64 3228 267 3278 gloriosum
287 3231 474 3270 clarescat.
509 3230 614 3271 Unde
645 3237 727 3277 aute
760 3233 966 3278 praecipitur
993 3233 1117 3280 Moysi,

48 3293 111 3331 utut
147 3289 366 3336 applicet-ad
401 3300 440 3326 se
463 3289 584 3334 Aaron
616 3290 765 3337 fratrem
788 3302 892 3332 suum
930 3303 1013 3329 eum
1037 3294 1119 3337 liliis

55 3346 119 3392 ,dg
148 3350 268 3391 medin
292 3350 446 3395 fitiorum
470 3350 593 3398 lsrael,
615 3351 661 3389 ad
679 3350 898 3398 &urgendum
917 3354 1119 3397 sacerdotio

60 3412 192 3466 mm
208 3409 372 3455 lietuino·
393 3409 548 3454 Necesse
564 3415 619 3453 est
643 3411 753 3455 euim,
781 3417 821 3447 ut
845 3412 1050 3458 quicunque
1075 3414 1119 3457 ad

60 3450 243 3523 &nomm
275 3470 311 3519 in
347 3476 471 3518 sancta
505 3470 668 3520 Ecclesia
701 3471 851 3518 gradum
882 3473 1118 3518 promovendi

183 3528 321 3580 maiore
350 3531 481 3574 mentis
514 3531 704 3577 industria,
727 3541 808 3575 sese
841 3532 887 3568 aa
904 3531 1022 3579 legem
1054 3532 1119 3574 nei

70 3590 73 3593 '
96 3591 133 3603 ”
223 3604 236 3626 ’,ι
286 3589 335 3631 id
350 3595 407 3626 est
433 3590 636 3636 divisionum
669 3591 908 3637 observantiae
930 3591 1119 3637 mamiato·

227 3687 236 3694 ..
316 3664 321 3673 ·
358 3664 364 3676 2
389 3659 464 3697 121·ae
482 3652 624 3696 camna
642 3653 764 3705 antino
795 3651 1023 3700 copulentur·
1042 3651 1119 3699 Hoc

102 3731 142 3780 fr
351 3710 820 3759 manumitteretur}
836 3712 1118 3759 santaemedio

138 3781 142 3791 “
318 3785 343 3823 ῃ
387 3770 811 3821 demnatum
840 3771 1050 3823 amatia
1075 3781 1121 3820 or·

1190 2933 1261 2972 tur,
1280 2933 1379 2975 tanto
1399 2928 1532 2970 debent
1550 2927 1669 2967 studio
1685 2934 1721 2970 et
1754 2939 1876 2968 amore
1896 2928 2123 2970 meditationi
2154 2928 2246 2964 divi-

1188 3002 1243 3027 nae
1271 2992 1360 3038 legis
1393 2992 1596 3035 adhaerere,
1629 2996 1669 3028 ut
1702 2991 1806 3036 quasi
1829 2991 1971 3038 gemina
2001 2990 2036 3031 ei
2054 2990 2246 3034 videantur

1188 3053 1400 3099 cognatione
1422 3052 1631 3098 conjuncti?
1650 3051 1773 3098 Neque
1804 3053 1874 3098 hoc
1903 3051 2000 3098 quod
2025 3043 2134 3098 primi
2155 3050 2244 3086 filio-

1187 3121 1268 3146 rum
1286 3110 1407 3146 Aaron
1427 3116 1509 3156 post
1529 3111 1795 3154 ordinationem
1823 3121 1909 3149 cum
1934 3111 2054 3159 ignem
2085 3111 2243 3156 alienum

1186 3171 1359 3219 offerrent
1373 3182 1496 3218 cot-arn
1514 3172 1682 3217 Domino,
1692 3172 1774 3220 igne
1790 3171 1929 3218 coelesti
1944 3172 2145 3220 perierunt,
2161 3179 2181 3207 a
2192 3169 2242 3204 si-

1186 3233 1415 3280 gnificatione
1433 3233 1649 3281 miserabilis
1667 3233 1782 3279 nostri
1801 3233 1975 3280 temporis
1992 3231 2164 3269 abhorret
2177 3229 2239 3277 uhi

1186 3293 1347 3340 nonnulli
1367 3293 1597 3340 sacerdotum
1617 3302 1660 3339 ac
1677 3293 1866 3336 doctorum
1898 3291 1978 3327 loco
2009 3288 2115 3335 potiti
2141 3288 2240 3334 quod

1185 3354 1320 3399 dictum
1354 3364 1498 3400 quoque
1529 3363 1638 3400 grave
1670 3363 1714 3389 ac
1742 3352 1894 3400 lugubre
1929 3349 2018 3388 satis
2052 3353 2123 3392 est,
2153 3348 2239 3393 dum

1186 3415 1305 3461 ignem
1326 3414 1535 3459 cupiditatis
1562 3413 1636 3460 igni
1664 3420 1830 3460 supernae
1859 3408 2060 3456 dilectionis
2091 3413 2240 3457 antepo-

1182 3479 1287 3522 nunt,
1313 3475 1397 3522 isne
1414 3482 1580 3522 supernae
1611 3470 1759 3517 ultionis
1791 3469 2047 3517 absumuntun
2084 3479 2238 3525 auorum

1184 3541 1358 3583 perpetua
1389 3533 1588 3582 damnatio,
1613 3530 1825 3581 temporalis
1840 3535 1897 3578 est
1925 3530 2081 3581 tiliorum
2112 3531 2236 3580 Aaron

1185 3598 1303 3637 morte
1318 3593 1488 3641 dentata,
1509 3591 1674 3640 quamvis
1691 3589 1960 3641 metientium,
1973 3591 2088 3640 ligura
2101 3595 2237 3644 rorste-

1186 3652 1242 3699 rii,
1261 3651 1440 3700 quomado
1459 3649 1733 3699 tabernaculum
1754 3659 1837 3700 qum
1857 3650 2046 3701 qsuatibus
2075 3659 2118 3700 ac
2137 3650 2235 3706 Vffllfl

1185 3712 1274 3757 suis,
1299 3715 1463 3760 enatam
1480 3709 1646 3761 §testam
1663 3709 1882 3765 sectatam,
1902 3708 2147 3776 malebestiae
2163 3706 2234 3777 135:

1180 3776 1300 3822 aaa
1330 3770 1409 3820 aas
1439 3778 1681 3832 mnne
1704 3767 1867 3823 wita
1900 3768 2076 3828 tarsae
2103 3762 2234 3830 aaa
