2540 4016
304 176 375 213 4⁴7

299 310 376 347 fieri
393 311 511 354 potest
533 305 653 345 etiam,
674 298 816 345 quando
836 296 869 332 ei
887 296 945 331 cui
967 294 1006 330 fit
1019 293 1239 334 consulitur,
1263 297 1346 326 tan-

297 377 404 414 quam
428 366 458 402 si
481 365 630 410 quisque
654 357 840 395 hominum
861 355 995 391 volenti
1019 364 1058 389 se
1085 351 1250 388 occidere
1271 352 1346 398 gla-

297 428 394 465 dium
411 426 561 462 suretur.
578 421 665 457 Nam
681 415 875 458 calumnia,
891 413 1014 450 nescio
1030 418 1154 448 utrum
1174 412 1343 459 cuiquam

295 489 341 526 ad
371 486 446 532 eJus
468 483 656 520 utilitatem
684 477 762 512 fieri
780 475 914 521 possit,
949 473 1019 510 nisi
1049 473 1143 510 sorte
1175 473 1271 520 quod
1298 474 1344 510 ad

293 549 411 593 majus
431 543 596 591 gaudium
614 538 733 580 fiebat,
755 547 827 583 quo
842 541 924 581 post
939 545 980 571 ea
1001 534 1224 579 fruerentur,
1245 536 1341 581 quod

291 606 420 650 Joseph
441 604 482 638 de
498 600 630 647 scypho
645 597 934 634 calumniabatur
952 595 1127 632 fratribus
1144 596 1239 640 suis,
1261 596 1342 641 qui-

289 667 354 702 bus
377 664 484 700 etiam
507 658 764 705 explorationis
789 657 919 693 salsum
949 658 1085 693 crimen
1112 658 1338 701 intenderat3

289 733 491 772 quanquam
518 721 548 757 si
567 717 837 755 delinitionibus
863 719 933 754 ista
951 719 1194 756 determinare
1224 725 1340 756 tente-

290 796 382 828 mus,
401 783 552 819 sortasse
565 780 698 816 furtum
714 789 786 814 non
805 784 874 823 est,
892 780 963 815 nisi
983 781 1128 826 quando
1145 782 1263 818 alieno
1278 792 1339 818 oc-

288 847 382 882 culte
400 845 516 881 ablato
530 844 711 890 proximus
730 841 885 883 laeditur,
909 847 945 877 et
963 842 1145 878 calumnia
1170 854 1241 880 non
1266 848 1335 890 est,

288 909 356 944 nisi
380 907 518 954 quando
548 905 627 941 falsi
654 903 816 940 criminis
843 902 1044 948 objectione
1064 904 1252 949 proximus
1277 905 1339 941 lae-

287 968 382 1003 ditur
397 977 406 1001 :
423 965 647 1003 mendacium
662 969 782 999 autem
800 973 868 998 non
887 972 1081 1007 possumus
1097 963 1231 1007 dicere,
1252 968 1337 999 tunc

288 1026 532 1063 tantummodo
564 1035 643 1061 esse
675 1024 816 1069 quando
843 1022 1029 1069 proximus
1058 1023 1212 1059 laeditur.
1247 1024 1336 1060 Cum

285 1089 380 1125 enim
402 1088 529 1123 salsum
553 1086 597 1122 ab
619 1086 754 1122 sciente
774 1085 906 1120 dicitur
925 1111 933 1126 ,
955 1083 1081 1129 procul
1101 1084 1210 1120 dubio
1234 1095 1336 1120 men-

719 162 761 199 B.
787 158 957 198 RABANI
984 155 1131 194 MAURI
1155 151 1372 193 ARCHIEP.
1399 152 1606 193 MOGUNT.
1633 154 1825 196 OPERUM
1849 158 1970 197 PARS
1994 158 2021 196 1.

307 251 362 286 An
387 246 522 283 furtum
540 242 617 278 fieri
639 242 756 286 potest
776 236 837 272 ubi
852 234 970 270 nullus
986 232 1150 269 laeditur?
1165 230 1252 276 quin
1274 230 1347 264 imo
1365 227 1400 268 A
1417 230 1512 275 quod
1526 231 1722 269 Zacharias
1735 234 1913 280 propheta
1930 233 2060 272 ialcem
2077 244 2184 281 quam
2203 238 2470 285 contemplatus
2531 219 2540 246 3

1415 297 1484 335 est,
1503 291 1741 339 longitudinis
1758 294 1962 331 cubitorum
1977 295 2118 341 viginti,
2138 299 2174 332 et
2191 294 2391 335 latitudinis
2409 309 2472 335 cu-

1411 351 1570 389 bitorum
1585 354 1727 398 decem,
1748 360 1874 391 contra
1890 357 1989 393 sures
2004 366 2085 393 eam
2100 361 2138 393 et
2159 362 2284 394 contra
2303 358 2471 405 perjuros

1411 420 1600 451 exacutam
1633 416 1896 455 demonstravit
1919 430 1928 454 ε
1961 419 2011 456 ait
2043 420 2139 456 enim
2161 432 2170 456 z
2191 419 2414 467 Inyredietur
2431 423 2470 459 in

1411 477 1553 513 domum
1582 479 1672 525 furis
1694 486 1727 516 et
1742 481 1878 527 perjuri
1903 481 2028 528 (Zach.
2050 482 2121 531 111).
2149 482 2220 520 Sed
2245 487 2281 519 et
2299 483 2468 522 omnibus

1409 538 1568 582 pcccatis
1587 544 1804 584 cooperatur
1819 542 2062 578 mendacium.

1457 597 1670 635 Devitemus
1688 604 1810 635 autem
1837 607 1874 636 et
1909 603 2152 646 mendacium,
2171 603 2207 639 in
2230 615 2301 649 quo
2321 606 2466 651 quldam

1409 657 1476 692 sub
1498 658 1619 702 specie
1639 660 1808 696 veritatis
1826 660 2062 707 delinquunt,
2097 663 2314 701 calumniam
2331 665 2467 703 facien-

1411 724 1467 754 tes
1480 720 1648 765 proximo
1669 722 1785 767 magis
1800 728 1921 758 mente
1937 733 2046 768 quam
2075 724 2209 771 lingua,
2229 725 2479 775 quemadmo-'I3

1409 779 1492 814 dum
1513 779 1549 814 hi
1568 781 1630 826 qui
1649 781 1820 817 dixerunt
1836 782 1879 818 de
1897 782 2049 818 Domino
2072 796 2080 819 :
2104 783 2172 819 Hic
2191 785 2293 829 dixit,
2313 779 2473 822 Possum‘

1407 838 1536 874 solvere
1556 839 1721 886 templum
1757 842 1837 886 hoc,
1868 848 1900 877 et
1935 843 1972 878 in
2000 844 2109 880 tribus
2135 845 2254 882 diebus
2286 847 2464 892 [edificare

1406 898 1496 934 illud
1512 899 1635 946 (Joan.
1653 901 1695 949 11)
1712 913 1721 945 ;
1744 903 1885 939 locutus
1904 903 2023 939 fuerat
2038 906 2183 950 quidem
2198 907 2275 942 haec
2289 907 2463 943 Dominus

1407 963 1551 1006 quando
1571 961 1686 998 Judaei
1706 963 1750 998 ad
1771 974 1855 999 eum
1871 964 2040 1001 dixerunt
2057 977 2064 1001 :
2080 965 2182 1009 Quod
2199 967 2335 1013 siqnum
2350 973 2463 1003 osten-

1406 1019 1460 1054 dis
1488 1021 1586 1056 nobis
1607 1022 1689 1067 quia
1705 1023 1779 1058 haec
1800 1023 1887 1069 facis
1904 1024 1920 1058 ?
1938 1024 2014 1070 ipse
2029 1030 2148 1060 autem
2170 1026 2214 1061 ad
2231 1036 2292 1062 eos
2312 1026 2463 1063 :Solvite

1406 1079 1571 1126 templum
1599 1082 1677 1125 Ιιοε,
1700 1089 1731 1118 et
1749 1083 1785 1119 in
1806 1084 1915 1120 tribus
1936 1085 2058 1121 diebus
2078 1087 2260 1132 oedificabo
2277 1087 2378 1133 illud,
2400 1088 2464 1125 sed

287 1151 426 1185 dacium
446 1153 500 1184 est
516 1147 591 1183 sive
619 1146 678 1182 illo
703 1146 890 1191 quisquam
905 1172 915 1189 ,
944 1145 1020 1180 sive
1044 1154 1150 1180 nemo
1170 1145 1333 1180 laedatur.
1357 1145 1386 1183 Β
1406 1149 1477 1174 nou
1499 1141 1696 1176 secundum
1713 1142 1811 1178 illam
1825 1144 1949 1180 dicens
1965 1146 2034 1181 1106
2067 1146 2304 1183 intentionem
2335 1158 2464 1184 secun-

285 1210 440 1245 Proinde
457 1219 585 1255 magna
610 1207 760 1253 quaestio
784 1206 828 1242 de
847 1205 1054 1248 mendacio,
1079 1210 1199 1241 utrum
1220 1207 1336 1251 possit

286 1272 476 1318 aliquando
492 1272 625 1317 justum
644 1280 722 1306 esse
744 1270 964 1305 mendacium
977 1296 986 1311 ‚
1010 1269 1114 1304 facile
1135 1268 1337 1305 solveretur

285 1331 436 1368 sortasse
460 1332 490 1367 si
516 1331 590 1367 sola
616 1335 791 1376 praecepta
820 1330 1042 1365 intueremur
1065 1340 1137 1365 non
1156 1330 1332 1375 exempla.

288 1392 378 1428 Nam
394 1392 478 1439 quid
493 1392 560 1428 isto
575 1397 754 1438 praecepto
769 1391 979 1434 absolutius,
997 1401 1068 1427 11011
1083 1391 1336 1426 mentiemini?

287 1452 347 1488 Sic
363 1453 457 1488 enim
472 1453 605 1489 dictum
623 1457 678 1488 est
693 1453 869 1497 quomodo
884 1464 954 1488 nou
973 1453 1083 1488 facies
1102 1453 1166 1488 tibi
1183 1452 1332 1496 idolum,

283 1514 377 1558 quod
406 1512 539 1548 factum
567 1523 638 1549 non
663 1518 781 1559 potest
804 1513 994 1559 aliquando
1015 1512 1152 1558 justum
1178 1523 1271 1555 esse,
1300 1518 1336 1548 et

283 1574 460 1619 quomodo
484 1573 618 1609 dictum
643 1579 698 1609 est
724 1584 794 1610 non
819 1573 1074 1609 moechaberis.
1104 1573 1191 1617 Quis
1212 1579 1334 1609 autem

282 1633 378 1668 dicat
410 1634 600 1678 aliquando
636 1634 829 1669 moechiam
855 1633 990 1678 Justam
1018 1644 1098 1670 6556
1133 1634 1274 1680 posse?
1299 1639 1335 1670 et

283 1704 354 1728 non
381 1693 556 1729 furaberis
584 1695 780 1730 secundum
817 1695 1063 1731 definitionem
1093 1695 1190 1730 illam
1227 1695 1329 1739 furti,

281 1753 417 1798 justum
437 1764 515 1789 esse
534 1753 668 1790 furtum
685 1765 868 1800 nunquam
885 1761 1021 1802 potest3
1038 1761 1074 1792 et
1088 1767 1159 1792 uon
1174 1757 1332 1800 occides,

286 1814 452 1859 quoniam
471 1824 551 1849 cum
573 1815 682 1849 homo
699 1813 799 1860 juste
816 1816 1005 1860 occiditur,
1026 1816 1083 1852 lex
1102 1827 1185 1852 eum
1203 1817 1335 1853 occidit

284 1885 354 1910 non
381 1880 431 1910 tu.
464 1875 630 1922 Nunquid
653 1876 702 1911 ita
730 1877 799 1913 dici
831 1883 971 1923 potest,
1001 1888 1081 1914 cum
1102 1878 1208 1914 homo
1237 1878 1333 1924 juste

284 1936 467 1979 mentitur,
498 1936 554 1972 lex
578 1937 777 1973 mentitur?
803 1938 866 1972 sed
887 1938 1050 1982 exempla
1078 1938 1216 1974 faciunt
1238 1938 1331 1974 diffl-

281 1994 450 2030 cillimam
489 1997 736 2040 quaestionem.
794 1997 951 2032 Mentitae
994 2003 1077 2033 sunt
1121 1999 1333 2036 obstetrices

281 2055 471 2101 AEgyptiae,
498 2062 534 2092 et
556 2057 650 2092 bona
669 2058 740 2093 illis
771 2057 866 2093 Deus
885 2059 1073 2102 retribuit;
1099 2060 1249 2096 mentita
1277 2066 1333 2096 est

282 2116 382 2153 Raab
400 2128 465 2163 pro
484 2118 770 2163 exploratoribus
789 2125 909 2162 terrae,
932 2125 968 2156 et
989 2121 1067 2156 idco
1090 2121 1241 2158 liberata
1261 2129 1330 2159 est.

282 2178 337 2213 An
359 2187 403 2213 ex
430 2189 501 2224 quo
521 2179 656 2214 dictum
673 2185 728 2215 est
755 2180 791 2215 iu
814 2180 904 2225 lege,
932 2192 1003 2217 non
1029 2183 1265 2226 mentiemini,
1288 2194 1332 2219 ex

282 2238 343 2274 illo
366 2238 636 2284 intelligendum
659 2245 732 2283 cst,
762 2249 828 2276 nec
845 2240 882 2275 in
899 2240 962 2275 tali
979 2251 1087 2276 causa
1106 2241 1215 2278 licere
1232 2253 1333 2278 men-

281 2299 434 2341 dacium,
455 2299 492 2334 in
518 2300 615 2344 quali
641 2310 749 2335 causa
772 2299 905 2345 legitur
922 2300 1021 2336 Raab
1048 2310 1129 2337 esse
1149 2302 1332 2337 mentita?

281 2356 351 2392 Sed
373 2358 486 2403 magis
510 2358 680 2394 credibile
697 2363 765 2402 est,
791 2359 875 2405 quia
896 2358 1068 2404 injustum
1088 2365 1166 2396 erat
1183 2362 1332 2397 menda-

278 2416 388 2459 cium,
411 2416 490 2451 ideo
515 2417 763 2462 prohibitum?
789 2428 859 2454 non
885 2419 967 2464 quia
995 2419 1231 2465 prohibitum,
1250 2419 1331 2457 ideo

277 2475 413 2512 sactum
437 2476 632 2523 injustum?
652 2477 818 2514 fortassis
835 2489 921 2525 ergo
940 2480 1032 2514 sicut
1057 2480 1102 2515 de
1127 2480 1332 2517 obstetrici-

275 2536 341 2571 bus
367 2535 537 2581 diximus,
572 2548 644 2573 non
671 2538 739 2573 hoc
765 2538 801 2574 in
828 2539 880 2575 eis
910 2547 1201 2583 remuneratum,
1233 2543 1330 2587 quod

275 2595 434 2630 mentitae
456 2601 551 2639 sunt,
582 2597 644 2632 sed
665 2597 760 2642 quod
781 2597 936 2634 infantes
959 2598 1127 2636 Hebraeos
1153 2601 1329 2638 liberave-

275 2660 372 2698 runt,
388 2660 428 2691 ut
447 2662 594 2702 propter
612 2657 706 2692 hanc
725 2657 1011 2695 misericordiam
1032 2660 1118 2697 illud
1138 2668 1327 2708 peccatum

275 2717 427 2759 veniale,
447 2717 492 2753 sit
509 2716 655 2760 sactum,
674 2728 744 2754 non
758 2727 877 2755 tamen
893 2722 1118 2759 existimetur
1132 2735 1203 2760 non
1217 2724 1329 2762 fuisse

275 2782 460 2823 peccatum
479 2789 488 2813 :
507 2778 558 2813 sic
576 2779 685 2813 etiam
697 2779 739 2814 de
749 2779 1325 2827 Β331111116111361111111116511611111-

277 2845 436 2875 ncratam
459 2840 495 2874 in
515 2839 575 2875 illa
595 2839 807 2876 liberatione
823 2841 1103 2887 exploratorum,
1127 2851 1166 2879 ut
1180 2852 1327 2892 propter

275 2901 437 2936 eamdem
458 2901 741 2946 explorationem
758 2902 862 2937 venia
877 2903 923 2938 sit
937 2904 1020 2940 data
1037 2906 1224 2942 mendacio
1236 2934 1245 2950 ,
1264 2910 1324 2944 ubi

1406 1199 1489 1235 dum
1522 1211 1630 1246 quam
1657 1201 1694 1237 hi
1713 1203 1774 1248 qui
1802 1209 1928 1239 contra
1948 1215 2031 1240 eum
2054 1206 2302 1243 testimonium
2330 1208 2465 1244 dabant

1404 1260 1587 1305 dixerunt,
1610 1263 1744 1299 dicebat
1761 1266 1852 1300 enim
1873 1265 1914 1301 de
1934 1266 2060 1312 templo
2072 1269 2228 1314 corporis
2242 1269 2310 1312 sui,
2333 1269 2383 1305 illi
2400 1280 2465 1306 au-

1407 1327 1479 1357 tem
1501 1323 1578 1359 11166
1599 1324 1691 1360 sicut
1721 1325 1763 1361 de
1784 1327 1917 1372 templo
1938 1327 2032 1364 dicta
2052 1327 2258 1365 Judoeorum
2276 1340 2463 1367 assevera-

1404 1383 1495 1420 bant
1518 1397 1525 1420 :
1554 1387 1649 1422 unde
1677 1397 1739 1423 eos
1756 1394 1791 1422 et
1809 1387 1919 1424 falsos
1941 1395 2051 1425 testes
2084 1390 2240 1436 Spiritus
2256 1392 2461 1438 appellavit.

1404 1443 1474 1480 Pro
1493 1445 1652 1491 perjurio
1666 1453 1788 1484 autem
1808 1447 2047 1496 Septuaginta
2068 1451 2179 1486 edunt
2202 1463 2210 1486 :
2234 1451 2318 1487 Non
2334 1452 2466 1488 levabi-

1404 1508 1447 1542 tis
1478 1518 1601 1544 nomen
1633 1521 1748 1544 meum
1779 1511 1816 1545 in
1834 1511 2018 1556 injustum.
2048 1511 2306 1557 Jusjurandum
2321 1514 2464 1551 veroin

1404 1567 1537 1613 injusto
1556 1573 1622 1612 cst,
1639 1579 1712 1605 non
1730 1569 1846 1605 solum
1860 1570 1956 1616 quod
1974 1571 2251 1616 praevaricatur,
2271 1573 2333 1609 sed
2353 1573 2463 1610 etiam

1407 1629 1503 1674 quod
1520 1629 1654 1676 injuste
1674 1631 1890 1674 custoditur,
1913 1631 2024 1667 veluti
2046 1632 2152 1677 quale
2178 1632 2266 1669 illud
2285 1633 2352 1670 suit
2367 1635 2463 1680 quod

1403 1686 1565 1728 H'erodes
1588 1692 1669 1727 filiae
1690 1692 1907 1729 Herodiadis
1937 1692 2079 1738 jnrans,
2118 1694 2268 1732 Joannis
2292 1695 2463 1742 Baptistae

1403 1758 1512 1798 caput
1533 1752 1689 1789 abscidit
1700 1753 1754 1801 (Μ
1757 1755 1845 1789 αεεΙι.
1862 1753 1937 1802 xlv)
1953 1766 1961 1799 ;
1980 1755 2170 1801 oportebat
2185 1756 2280 1792 enim
2296 1757 2365 1793 hoc
2379 1766 2461 1793 eum

1398 1810 1651 1857 jusjurandum
1670 1823 1741 1849 non
1760 1815 1943 1859 praebere;
1967 1820 2159 1861 postquam
2173 1822 2295 1853 tamen
2311 1817 2460 1864 juravit,

1401 1882 1473 1908 nou
1508 1873 1702 1917 custodire,
1723 1874 1808 1920 quia
1827 1874 1923 1919 {talia
1957 1881 2186 1912 sacramenta
2216 1886 2284 1912 nec
2318 1876 2459 1913 initium

1402 1943 1546 1970 sumere
1565 1934 1661 1970 Deus
1678 1934 1767 1979 vult,
1801 1936 1864 1972 sed
1883 1946 1950 1973 nec
1971 1937 2151 1973 sumentia
2186 1937 2231 1973 ad
2251 1936 2359 1973 finem
2379 1947 2461 1983 per-

1403 1996 1540 2031 venire.
1563 1996 1666 2033 Unde
1691 1997 1830 2042 dicens,
1851 2008 1920 2034 non
1945 1997 2100 2034 levabitis
2120 2008 2252 2034 nomen
2287 2008 2407 2034 meum
2423 1998 2460 2035 in

1352 2046 1380 2086 C
1402 2055 1549 2101 injusto,
1573 2057 1724 2100 addidit,
1756 2064 1788 2094 et
1816 2069 1885 2095 non
1914 2059 2149 2104 profanabitis
2170 2070 2296 2095 nomen
2318 2058 2460 2095 Domini

1402 2115 1468 2151 Dei
1504 2119 1620 2153 vestri.
1661 2118 1763 2162 Quod
1797 2119 2009 2166 Hieronymi
2042 2119 2230 2156 translatio
2250 2120 2322 2156 edit
2345 2119 2458 2155 :Non

1399 2175 1532 2220 pollues
1565 2188 1689 2212 nomen
1707 2178 1785 2221 {Dei
1815 2179 1879 2214 tui.
1911 2178 2098 2222 Quomodo
2125 2184 2246 2214 autem
2266 2178 2347 2224 quis
2371 2177 2459 2214 illud

1400 2236 1569 2282 profanat
1588 2239 1684 2282 dico,
1706 2240 1742 2275 id
1771 2246 1842 2283 est,
1874 2240 2151 2285 malefaciendo,
2167 2241 2252 2286 quia
2277 2239 2461 2286 jusJ'uran-

1401 2297 1485 2331 dum
1504 2299 1708 2344 transgredi
1729 2310 1800 2336 non
1834 2307 1969 2347 potest,
2002 2311 2086 2337 nam
2119 2301 2216 2338 Deus
2250 2311 2317 2348 per
2352 2310 2459 2347 quem

1396 2355 1532 2401 juravit
1549 2357 1729 2400 intantum
1760 2361 1854 2396 bona
1870 2362 1959 2397 vult.
1987 2361 2054 2406 Qui
2076 2362 2144 2398 etsi
2171 2362 2381 2409 promiserit
2414 2362 2459 2399 de

1400 2417 1614 2462 quibusdam
1646 2420 1836 2465 terribilia,
1874 2422 1925 2457 illi
1959 2427 2081 2458 autem
2109 2424 2360 2468 poenituerint,
2386 2434 2458 2460 non

1398 2479 1520 2514 tardat
1541 2485 1684 2517 mutare
1705 2483 1939 2526 sententiam,
1978 2493 2156 2529 suumque
2176 2493 2380 2520 sermonem
2400 2495 2459 2521 re-

1398 2537 1556 2584 fragare,
1569 2545 1608 2575 ut
1624 2541 1795 2587 quiddam
1815 2543 1919 2579 nobis
1937 2543 2083 2590 pietatis
2100 2544 2298 2590 impendat,
2309 2551 2458 2592 propter

1397 2600 1494 2645 quod
1512 2601 1649 2637 addidit
1669 2612 1679 2637 t
1700 2602 1777 2649 qu
1795 2603 1982 2648 Dominus,
2002 2605 2119 2650 qualis
2139 2606 2182 2641 de
2205 2616 2276 2651 quo
2296 2607 2344 2642 ait
2357 2606 2456 2644 ι101136

1396 2660 1599 2705 prophetia,
1636 2663 1780 2705 quando
1815 2663 2253 2710 Ninivitaejejunaverunt
2274 2672 2311 2703 et
2326 2678 2455 2705 orave-

1397 2725 1496 2764 runt,
1516 2727 1545 2756 et
1561 2722 1718 2767 poenituit
1736 2722 1847 2758 Deum
1864 2722 1911 2759 de‘
1924 2725 2075 2768 irtalitia,
2105 2738 2211 2773 quam
2237 2726 2373 2763 locutus
2389 2733 2451 2771 est,

1396 2787 1435 2815 ut
1463 2781 1591 2826 faceret
1626 2783 1690 2827 eis,
1720 2789 1752 2818 et
1788 2795 1857 2819 non
1885 2785 1967 2830 fecit
1997 2786 2218 2834 (Ioum-111).
2241 2787 2351 2823 Multa
2386 2799 2452 2824 au-

1395 2846 1468 2876 tem
1515 2847 1552 2877 et
1587 2842 1657 2877 alia
1694 2842 1898 2888 hujusmodi
1940 2846 2127 2893 prophetae
2163 2847 2344 2885 dixerunt.
2384 2848 2452 2886 Se-

1396 2900 1520 2944 quitur
1546 2913 1554 2935 :

276 2967 397 2996 autem
414 2962 518 2996 venia
539 2962 665 3005 datur,
685 2962 916 2998 manifestum
943 2970 999 3000 est
1023 2974 1101 3001 esse
1120 2974 1321 3011 peccatum.
1342 2953 1377 2991 D
1444 2960 1479 2994 Ν
1482 2972 1525 2996 ⁰²2
1548 2961 1655 3006 [αθῑθδ
1670 2964 1884 3001 calumniam
1902 2968 2063 3013 PYOOEimo
2096 2974 2168 3012 ΜΟ,
2187 2979 2249 3005 ²¹8⁶
2269 2970 2303 3005 vi
2337 2969 2450 3016 ΟΡΡΓῐ-

277 3020 347 3056 Scd
377 3021 462 3056 illud
490 3021 687 3056 cavendum
712 3027 786 3064 est,
819 3034 864 3058 ne
892 3023 941 3058 ita
969 3023 1119 3070 quisque
1143 3026 1325 3063 existimet

276 3081 385 3116 etiam
405 3081 545 3117 caeteris
570 3081 729 3126 peccatis
746 3082 774 3117 si
793 3088 941 3128 propter
960 3083 1191 3122 liberationes
1210 3087 1326 3122 homi-

275 3152 362 3178 num
390 3142 499 3185 fiant,
536 3142 585 3177 ita
610 3143 715 3178 venia
747 3153 852 3188 posse
877 3146 1026 3181 concedi
1056 3158 1063 3180 :
1091 3147 1201 3182 multa
1228 3149 1322 3184 enim

275 3202 369 3238 mala
388 3202 626 3239 intolerabilia
646 3209 683 3240 et
707 3205 859 3241 nimium
878 3207 1086 3243 detestanda
1110 3209 1219 3245 istum
1237 3221 1324 3246 con-

275 3268 472 3309 sequuntur
489 3273 661 3300 errorem.
674 3265 746 3313 (Ex
759 3266 964 3315 Hesycliio.)
981 3269 1088 3305 Fines
1107 3270 1211 3307 nobis
1220 3272 1323 3309 bonae

275 3323 556 3360 conversationis
579 3323 760 3371 legislator
779 3327 956 3371 ostendit,
983 3328 1160 3375 simulque
1185 3339 1221 3367 et
1244 3343 1324 3378 pec-

276 3390 356 3420 cata
374 3394 482 3429 quam
507 3384 552 3420 ad
572 3394 611 3421 se
634 3385 787 3422 invicem
806 3387 963 3424 habeant
979 3391 1228 3436 cognationem
1251 3399 1324 3429 tra-

277 3442 342 3479 dit.
365 3442 450 3486 Quae
475 3444 572 3480 enim
597 3454 663 3481 nos
688 3455 798 3491 parva
826 3453 1015 3493 putamus,
1039 3451 1198 3487 maxima
1223 3459 1321 3498 sunt,

277 3501 452 3547 siquidem
473 3503 508 3537 in
531 3504 733 3549 mendacio,
757 3507 907 3554 singulis
930 3514 970 3545 ut
988 3509 1037 3546 ita
1059 3511 1174 3548 dicam
1196 3513 1322 3551 diebus

278 3560 432 3598 solemus
449 3561 664 3608 delinquere,
684 3566 739 3602 vel
753 3566 846 3612 loco,
863 3570 919 3605 vel
933 3571 1067 3615 studio,
1085 3573 1324 3620 similiterque

277 3621 504 3668 jurisjurandi
531 3627 839 3670 praevaricatione.
871 3631 956 3667 Haec
987 3638 1108 3669 autem
1141 3634 1322 3670 intantum

278 3687 359 3716 suut
387 3694 512 3729 prava,
533 3691 572 3721 ut
595 3697 638 3723 ea
658 3688 753 3725 furto
772 3691 1016 3736 conjungeret,
1041 3699 1078 3729 et
1105 3700 1216 3739 recte,
1237 3696 1321 3742 quia

280 3737 414 3779 turtum
443 3750 614 3790 operatur
648 3749 859 3796 plerumque
893 3752 1136 3801 mendacium,
1171 3761 1320 3802 propter

1395 3030 1465 3054 mes
1492 3031 1582 3055 eum.
1611 3021 1694 3057 Non
1725 3025 1921 3061 morabitur
1952 3038 2038 3074 opus
2061 3029 2268 3064 mercenarii
2299 3030 2393 3076 apud
2418 3035 2450 3067 te

1394 3090 1501 3125 usque
1518 3091 1631 3117 maiw.
1669 3081 1751 3118 Non
1766 3084 1952 3122 maledices
1976 3088 2098 3133 surdo,
2119 3100 2182 3124 nec
2205 3100 2324 3125 coram
2357 3101 2448 3126 caeco

1393 3153 1498 3187 pones
1515 3145 1777 3190 offendiculum,
1797 3148 1857 3183 sed
1879 3149 2014 3185 timebis
2032 3149 2146 3185 Deum
2164 3158 2278 3194 tuum,
2294 3151 2376 3197 quia
2386 3162 2447 3198 eqo

1393 3213 1470 3237 sum
1507 3203 1692 3240 Dominus.
1732 3206 1804 3251 (Ex
1831 3208 2058 3255 Auqustino.)
2093 3209 2223 3246 Omnia
2249 3211 2344 3247 enim
2366 3220 2446 3256 quae

1393 3264 1631 3308 prohibentur
1663 3267 1840 3302 committi
1872 3268 1909 3302 in
1939 3269 2157 3313 proximum,
2179 3272 2225 3307 ad
2248 3272 2318 3308 hoc
2333 3282 2446 3308 unum

1394 3323 1584 3360 referenda
1605 3330 1689 3360 sunt
1706 3326 1801 3370 quod
1819 3326 1957 3362 dictum
1971 3334 2026 3363 est
2046 3341 2054 3363 :
2069 3329 2148 3364 Non
2166 3332 2315 3367 nocebis
2327 3332 2447 3377 proxi-

1393 3397 1472 3430 mo;
1493 3397 1578 3422 nam
1597 3388 1692 3432 quod
1706 3387 1884 3432 sequitur,
1906 3387 1984 3423 Non
2003 3388 2137 3435 rapies,
2153 3389 2221 3425 nisi
2238 3391 2284 3426 ad
2300 3391 2370 3427 hoc
2384 3402 2442 3428 re-

1392 3448 1530 3484 seratur
1562 3457 1608 3484 ne
1642 3448 1813 3493 rapiendo
1840 3453 2028 3491 noceatur,
2059 3449 2250 3495 aliquando
2270 3453 2390 3488 evenit
2403 3458 2443 3489 ut
2492 3495 2499 3501 1

1391 3519 1463 3544 11011
1478 3508 1650 3555 rapiendo
1671 3509 1823 3555 quisque
1841 3513 1982 3545 noceat.
1998 3508 2090 3545 Nam
2101 3509 2239 3556 gladius
2256 3510 2441 3548 insanien-

1393 3571 1438 3606 tis
1458 3569 1651 3616 rapiendus
1663 3576 1730 3614 est,
1742 3574 1779 3606 et
1794 3570 1824 3606 si
1839 3579 1911 3605 non
1930 3568 2058 3606 fecerit
2075 3570 2156 3617 quis
2172 3575 2214 3607 ut
2224 3571 2438 3617 oportuerit,

1390 3631 1505 3676 magis
1535 3631 1712 3667 nocuerit.
1754 3630 1826 3678 (Ex
1845 3630 2050 3679 Hesychio.)
2082 3632 2190 3669 Vides
2207 3632 2438 3679 quemadmo-
2488 3621 2523 3638 '⁹

1389 3692 1474 3728 dum
1485 3691 1660 3736 paulatim
1673 3691 1732 3727 lex
1749 3690 1826 3736 ejus
1846 3691 1908 3736 qui
1925 3691 2042 3738 legem
2057 3692 2198 3739 accepit
2215 3691 2311 3729 colat
2334 3701 2439 3728 men-

1387 3757 1474 3799 tem,
1497 3760 1534 3790 et
1549 3762 1591 3790 ea
1610 3762 1691 3801 quae
1704 3751 1873 3790 videntur
1899 3752 2051 3801 parvula
2072 3758 2223 3801 peccata
2253 3749 2446 3807 conjungit·

2402 163 2472 203 118

2487 3733 2503 3790 ,ἕ

2487 3796 2499 3850 i

2489 3859 2499 3878 Ι
