2540 4016
331 196 400 238 859
753 194 794 233 B.
825 197 996 237 RABANI
1019 199 1169 246 mum
1195 202 1409 244 Attumne.

333 286 346 309 ι
365 274 455 316 rael,
483 282 716 314 caeremonias
735 280 845 322 atque
860 275 997 323 judinta
1015 287 1097 327 quae
1115 291 1182 329 ego
1197 283 1325 329 loquor
1346 285 1384 321 in
1401 285 1438 327 A
1454 291 1572 326 tamen
1596 292 1689 329 sieut
1715 293 1824 331 homo
1842 295 1968 333 Deum.
1987 295 2113 344 Neque
2131 288 2243 345 enim,

330 347 343 370 1
362 333 511 374 auribus
527 335 659 378 vestris
675 337 795 382 hodie.
824 338 958 377 Discite
985 351 1027 378 ea
1052 347 1089 378 et
1106 353 1171 379 ore
1190 346 1379 391 complete.

329 407 342 431 1
360 393 535 431 Dominus
553 395 648 433 Deus
677 403 801 439 noster
828 401 966 446 pepigit
998 402 1186 440 nobiscum
1208 404 1326 443 soedus
1344 408 1379 444 in

329 467 341 491 1
356 453 489 495 Horeb,
513 455 591 493 Non
606 466 688 499 cum
702 458 866 503 patribus
895 463 1031 499 nostris
1050 464 1131 502 iniit
1144 470 1302 512 pactum,
1317 471 1380 506 sed

328 528 341 552 ‹
357 515 557 561 nobiscum,
578 518 640 564 qui
657 518 693 554 in
713 521 990 564 praesentiarum
1008 534 1134 562 sumus
1151 532 1188 563 et
1209 529 1376 567 vivimus.

327 589 339 611 1
358 576 466 613 Facie
485 578 530 614 ad
547 578 678 617 faciem
694 580 836 619 locutus
857 588 911 619 est
930 585 1034 622 nobis
1052 587 1095 623 de
1112 594 1234 626 monte
1248 590 1283 626 in
1305 601 1379 626 me-

327 650 339 672 1
357 637 416 674 1110
439 637 547 684 ignis,
569 651 582 673 1
603 639 696 684 Quid
716 647 772 679 est
791 645 887 688 quod
903 645 968 689 ait,
991 646 1166 685 Dominus
1187 650 1282 687 Deus
1309 662 1377 688 no-

321 704 396 735 ster
420 699 598 746 disposuit
627 702 672 738 ad
701 713 768 739 nos
789 708 1045 745 testamentum
1065 710 1100 746 in
1119 710 1267 748 Horeb?
1299 712 1379 748 Non

321 768 402 795 cum
427 761 592 806 patribus
622 765 757 801 nostris
775 765 953 812 disposuit
982 769 1156 808 Dominus
1179 777 1376 809 testamen-

320 825 396 856 tum
416 821 498 864 hoc,
520 822 583 858 sed
603 823 647 859 ad
666 834 731 861 vos
751 837 759 861 :
781 835 846 865 vos
876 828 936 866 hic
964 840 1101 875 omncs,
1125 833 1187 878 qui
1215 835 1377 871 viventes

319 879 424 916 hodie
440 882 543 918 estis.
564 882 671 920 Facie
690 886 735 922 ad
752 886 884 928 faciem
902 889 1044 926 locutus
1063 898 1121 928 est
1136 893 1313 931 Dominus
1328 896 1375 931 ad

318 948 382 977 vos
397 940 434 976 in
449 947 570 979 monte
591 954 611 980 e
628 946 746 982 medio
765 947 870 994 ignis.
891 949 946 985 An
974 952 1058 996 quia
1087 953 1137 988 illi
1156 955 1215 999 qui
1233 966 1302 991 non
1324 957 1376 991 in-

316 1001 528 1046 grediuntur
554 1009 689 1042 terram
707 1010 996 1052 repromissionis
1012 1011 1158 1059 (mortui
1179 1016 1276 1051 enim
1291 1022 1376 1052 sunt

316 1061 455 1108 omnes)
489 1074 559 1099 non
593 1066 778 1110 pertinent
809 1068 853 1103 ad
879 1070 948 1106 hoc
981 1076 1233 1109 testamentum
1247 1102 1255 1118 ,
1287 1086 1376 1121 quo-

318 1130 398 1156 rum
418 1127 504 1158 tunc
524 1125 723 1171 recognitio
753 1127 847 1164 sacta
873 1137 941 1173 est,
971 1141 1053 1167 cum
1072 1143 1092 1168 a
1112 1135 1238 1180 viginti
1270 1137 1374 1173 annis

316 1181 434 1217 aetatis
452 1187 489 1218 et
518 1193 626 1230 supra
650 1194 940 1232 numerarentur,
976 1202 1089 1237 usque
1121 1195 1165 1229 ad
1200 1196 1376 1242 quinqua·
1395 1181 1426 1220 Β

316 1241 417 1289 ginta
434 1253 548 1281 annos
575 1246 715 1283 habiles
734 1250 779 1284 ad
808 1251 967 1287 bellum?
990 1254 1176 1297 Quomodo
1202 1267 1287 1305 ergo
1307 1260 1385 1307 illis·

315 1300 456 1338 locutus
479 1309 535 1339 est
553 1305 741 1351 Dominus,
760 1310 820 1353 qui
839 1312 946 1348 hodie
965 1314 1118 1351 vIvunt?
1141 1317 1197 1352 An
1216 1320 1298 1363 quia
1331 1331 1374 1355 ex

314 1361 442 1406 viginti
463 1363 567 1398 annis
591 1370 627 1399 et
646 1366 740 1401 infra
761 1374 957 1412 potuerunt
976 1374 1080 1408 multi
1099 1380 1184 1411 tunc
1203 1386 1298 1420 esse,
1315 1381 1376 1423 qui

312 1419 382 1455 hoc
400 1422 495 1457 bene
529 1425 791 1470 meminissent,
826 1429 933 1465 alieni
966 1433 1011 1467 ab
1044 1433 1105 1468 illa
1136 1444 1241 1479 poena
1268 1447 1376 1482 quam

312 1478 407 1515 Deus
435 1480 504 1517 illis
533 1485 720 1520 constituit
747 1488 810 1532 qui
841 1493 927 1525 tunc
963 1495 1145 1530 numerati
1175 1503 1270 1540 sunt,
1304 1509 1375 1534 non

312 1539 449 1577 intrare
467 1541 503 1577 in
527 1548 659 1579 terram
676 1549 991 1592 repromissionis?
1010 1552 1054 1587 Et
1073 1555 1140 1590 hos
1156 1556 1279 1602 utique
1310 1568 1375 1604 ap-

310 1599 432 1645 pellat,
451 1602 512 1647 qui
545 1606 710 1649 quamvis
738 1607 862 1653 viginti
893 1620 1069 1648 annorum
1096 1621 1131 1650 et
1161 1626 1268 1662 supra
1301 1629 1372 1654 non

310 1667 444 1705 essent,
464 1664 607 1709 quando
631 1666 726 1703 Deus
745 1668 781 1704 in
801 1675 924 1706 monte
944 1672 1171 1719 loquebatur,
1188 1682 1226 1711 ut
1244 1688 1372 1714 nume-

310 1721 382 1756 rari
411 1727 496 1759 tunc
521 1732 683 1770 possent,
707 1733 901 1774 potuerunt
928 1737 1048 1769 tamen
1079 1744 1161 1771 esse
1190 1737 1314 1773 decem
1337 1744 1374 1774 et

310 1790 452 1826 novem,
487 1789 523 1820 et
549 1784 641 1821 infra
668 1797 783 1833 usque
814 1790 858 1825 ad
889 1793 1064 1837 puerilem
1103 1801 1259 1841 aetatem,
1293 1809 1373 1844 quae

309 1848 434 1888 posset
453 1844 513 1881 illa
544 1856 624 1892 quae
651 1847 747 1886 sacta
776 1856 872 1895 sunt,
899 1858 935 1888 et
959 1854 1083 1891 videre
1111 1863 1148 1894 et
1176 1859 1316 1903 audire,
1337 1866 1373 1896 et

309 1903 483 1939 memoria
501 1906 671 1944 retinere.
694 1908 765 1946 Sed
782 1911 869 1957 quid
888 1917 943 1949 est
963 1916 1058 1959 quod
1084 1917 1147 1960 ait,
1169 1931 1181 1952 ‹
1201 1918 1309 1954 Facie
1325 1920 1371 1956 ad

309 1961 439 2000 faciem
468 1965 609 2004 locutus
629 1974 685 2006 est
710 1971 755 2007 ad
784 1982 863 2018 vos,
883 1986 896 2009 1
926 1985 1017 2021 quos
1048 1978 1154 2023 paulo
1186 1986 1270 2016 ante
1294 1991 1366 2017 ma-

308 2023 405 2059 xime
427 2026 621 2064 admonere
646 2031 788 2067 curavit
806 2034 901 2078 quod
932 2035 1066 2072 nullam
1095 2039 1366 2078 similitudinem

307 2085 476 2130 viderint,
496 2090 560 2124 sed
577 2091 690 2127 solam
704 2103 828 2130 vocem
847 2096 892 2132 de
911 2099 1030 2134 medio
1051 2100 1143 2147 ignis
1167 2103 1368 2139 audierint?
1386 2083 1416 2125 C

306 2143 363 2187 An
379 2151 526 2192 propter
545 2159 667 2187 rerum
683 2152 912 2197 evidentiam,
934 2162 970 2192 et
990 2160 1260 2203 quodammodo
1279 2173 1367 2208 111111-

306 2206 461 2245 sentiam
495 2208 736 2247 manifestatae
773 2214 987 2261 divinitatis,
1024 2219 1067 2254 de
1097 2230 1167 2265 qua
1202 2222 1368 2260 dubitare

307 2275 414 2302 nemo
431 2273 565 2313 posset,
597 2271 655 2308 his
681 2273 802 2310 verbis
823 2286 910 2312 usus
934 2279 1016 2314 est?
1042 2279 1144 2323 Quod
1167 2281 1196 2317 si
1218 2283 1267 2318 ita
1296 2290 1364 2327 est,

306 2326 392 2371 quid
420 2327 590 2373 prohibet
620 2330 664 2367 de
696 2332 774 2378 ipso
806 2334 929 2382 Moyse
963 2338 1032 2374 hoc
1064 2339 1228 2386 intelligi,
1261 2342 1296 2378 in
1324 2354 1367 2380 eo

305 2384 402 2431 quod
421 2386 464 2422 de
481 2386 541 2423 illo
565 2388 703 2426 dictum
726 2397 796 2437 est,
814 2396 910 2440 quod
935 2396 1028 2433 facie
1046 2399 1092 2434 ad
1118 2399 1250 2436 faciem
1269 2402 1367 2439 locu-

305 2449 363 2481 tus
378 2446 424 2482 sit
449 2457 531 2484 cum
549 2458 593 2485 eo
622 2450 809 2498 Dominus,
829 2460 868 2490 ut
895 2466 964 2493 nec
996 2458 1072 2504 ipse
1090 2459 1225 2506 aliquid
1252 2463 1365 2500 oeulis

303 2504 435 2542 viderit
449 2513 580 2554 praeter
598 2509 743 2556 ignem?
761 2512 817 2549 An
834 2515 970 2562 aliquid
987 2519 1141 2564 amplius
1159 2521 1291 2559 vidisse
1311 2523 1364 2559 in·-

304 2565 489 2614 telligitur‚
509 2570 594 2615 quia
615 2572 790 2619 scriptum
811 2582 868 2612 est
896 2587 980 2614 eum
1010 2579 1170 2619 intrasse
1193 2584 1229 2620 in
1248 2585 1363 2623 nebu-

303 2625 374 2662 lam
401 2628 458 2664 vel
478 2629 640 2669 nimbum
660 2633 722 2670 ubi
750 2641 830 2672 erat
846 2637 964 2674 Deus?
994 2639 1066 2676 Sed
1096 2646 1132 2678 et
1164 2643 1194 2679 si
1229 2644 1366 2691 aliquid

304 2687 458 2733 amplius
473 2690 567 2726 vidit
593 2702 703 2739 quam
723 2694 792 2739 illi,
808 2707 882 2733 non
910 2709 992 2736 eum
1012 2705 1133 2738 tamen
1154 2704 1364 2743 mortalibus

303 2746 417 2782 oculis
433 2747 567 2791 vidisse
599 2751 663 2788 Dei
686 2755 927 2794 substantiam
958 2769 1003 2795 ex
1028 2760 1100 2798 illis
1133 2761 1214 2807 ejus
1243 2765 1363 2803 verbis

304 2806 455 2855 intelligi
472 2814 604 2856 potest,
625 2813 755 2859 quibus
773 2817 824 2852 ait
841 2818 942 2856 Deo:
972 2834 984 2855 1
1007 2821 1044 2858 Si
1070 2823 1192 2861 inveni
1209 2828 1362 2872 gratiam

304 2874 386 2907 ante
405 2875 452 2916 te,
483 2873 633 2911 ostende
660 2876 749 2914 mihi
778 2881 1022 2927 temetipsum,
1045 2890 1085 2920 ut
1110 2887 1251 2924 videam
1275 2895 1322 2925 te.
1345 2902 1359 2925 ι

302 2929 427 2982 Neque
456 2934 552 2972 enim
587 2936 838 2983 arbitrandum
869 2948 926 2979 est
959 2944 1057 2981 hunc
1085 2949 1270 2994 populum,
1302 2952 1360 2988 cui

303 2989 444 3036 Moyses
461 2991 688 3040 loquebatur,
710 2998 764 3035 sic
782 3005 871 3041 tunc
887 3002 1024 3040 vidisse
1051 3005 1165 3042 Deum
1190 3007 1284 3045 facie
1313 3012 1359 3047 ad

263 3078 265 3080 .
302 3049 433 3091 faciem
450 3053 592 3101 quando
612 3055 648 3091 111
667 3062 790 3098 monte
807 3059 1025 3106 loquebatur
1052 3074 1073 3101 e
1102 3067 1222 3104 medio
1250 3069 1358 3116 ignis,

303 3114 604 3159 quemadmodum
620 3115 813 3170 Apostolus
831 3121 932 3166 dicit,
966 3123 1003 3160 in
1023 3125 1095 3163 fine
1120 3138 1187 3165 nos
1205 3139 1286 3168 esse
1304 3133 1358 3169 vi-

303 3181 421 3216 suros,
452 3174 515 3215 ubi
547 3175 622 3218 ait:
646 3189 658 3213 ‹
684 3178 857 3219 Videmus
889 3193 986 3220 nunc
1013 3196 1078 3232 per
1104 3191 1289 3235 speculum
1322 3194 1361 3231 in

301 3233 506 3280 aenigmate,
533 3240 620 3277 tunc
638 3243 759 3284 autem
786 3240 879 3285 lat-zie
906 3244 1110 3283 adfaciem.
1136 3261 1149 3283 ι
1183 3250 1277 3293 Quid
1299 3262 1361 3288 au-

301 3300 377 3338 tem
400 3297 470 3341 hoc
487 3303 525 3343 ,ει
545 3306 720 3349 quantum
740 3308 849 3348 esset,
871 3314 1136 3354 consequenter
1151 3313 1292 3358 aperuit
1307 3313 1360 3349 di-

303 3367 413 3396 cens:
438 3371 450 3395 1
473 3352 578 3405 Nune
592 3360 671 3407 scio
685 3372 732 3406 ex
750 3370 866 3411 parte,
891 3371 979 3405 tune
1002 3374 1125 3407 autem
1141 3381 1359 3419 cognoscam

304 3417 397 3460 sicut
421 3423 457 3458 ει
475 3421 640 3468 cognitus
668 3433 750 3469 sum
779 3424 816 3472 (Ι
845 3424 928 3469 Gor.
956 3427 1053 3477 1111).
1079 3442 1094 3464 ›
1121 3430 1224 3474 Quod
1248 3434 1358 3470 etiam

303 3478 423 3526 ipsum
453 3488 559 3521 caute
587 3486 838 3534 accipiendum
865 3495 933 3533 est,
967 3501 1014 3528 ne
1044 3497 1184 3530 tantam
1210 3499 1358 3542 putetur

303 3539 493 3582 habiturus
510 3543 620 3589 homo
638 3548 880 3594 cognitionem
902 3550 968 3591 Dei
987 3557 1160 3599 quantam
1178 3564 1275 3592 nunc
1290 3557 1356 3593 lia-.-

302 3600 365 3638 bet
380 3602 537 3649 hominis
556 3604 674 3653 Dens;
695 3608 760 3646 sed
780 3619 848 3656 pro
862 3621 930 3652 suo
944 3613 1053 3653 modo
1069 3614 1121 3653 ita
1140 3615 1355 3662 perfeetum

304 3663 394 3702 11ιεί
410 3664 501 3709 nibil
517 3673 746 3715 exspectetur
764 3670 990 3711 addendum:
1014 3680 1056 3713 ut
1074 3686 1183 3723 quam
1199 3677 1358 3725 pertento

306 3733 400 3768 nunc
417 3726 513 3773 Deus
539 3732 642 3773 novit
670 3733 867 3780 bominem,
893 3737 958 3774 sed
985 3743 1106 3776 tamen
1138 3741 1236 3778 sicut
1259 3742 1359 3781 Deus

302 3781 508 3840 ‘bonitum‘
517 3791 570 3838 ita
579 3803 678 3840 11111111
686 3794 847 3842 perfecte
858 3797 1006 3836 noverit
1019 3799 1131 3838 homo
1145 3801 1272 3848 Deum,
1280 3800 1354 3843 >uod

273 3843 294 3861 δ

1439 204 1648 249 noem.
1674 208 1869 251 oveauu
1888 210 2008 254 mas
2033 217 2061 254 1.
2434 215 2459 266 ε’

2265 291 2504 363 ‘lufffl'fflm

1450 353 1518 392 est,
1545 349 1688 389 «Estote
1707 354 1871 400 perfecti,
1889 355 1984 391 sicut
1996 354 2105 393 Pater
2118 362 2409 402 vesterooelestis
2422 403 2447 425 s
2472 423 2475 426 Ι

1448 408 1565 448 fectus
1583 418 1651 456 est,
1673 427 1685 447 1
1709 415 1790 450 ideo
1809 416 2052 461 aequalitatem
2066 418 2199 465 Patris,
2219 430 2327 468 quam
2349 426 2443 464 Verb
2459 431 2462 434 ’

1449 469 1560 506 babet
1585 473 1824 519 unigenitum,
1858 485 2006 521 sperare
2024 478 2219 526 debemus;
2241 486 2406 530 quamvis
2433 496 2457 530 11

1449 529 1631 566 defuerint
1657 532 1719 576 qui
1755 537 1792 567 et
1819 533 1889 570 hoc
1905 534 2066 596 futurum
2085 542 2306 588 putaverint,
2326 545 2396 582 nisi
2413 546 2449 583 so

1446 589 1535 634 quid
1561 590 1683 625 dicant
1707 599 1836 636 parum
1856 593 2103 643 intelligimus.

1861 666 2015 706 CAPUT
2038 671 2084 708 X.

1446 719 1498 756 De
1512 731 1552 756 eo
1567 723 1660 768 quod
1674 735 1710 759 se
1729 725 1814 761 dicit
1831 725 1970 774 Moyses
1989 742 2026 766 se
2049 738 2204 770 uestrum
2223 741 2255 772 et
2273 738 2430 782 judicem
2446 740 2484 778 ἱη

1578 775 1630 804 ter
1655 770 1842 808 Dominum
1867 781 1898 809 et
1925 775 2026 812 Israe
2060 780 2097 814 in
2120 788 2236 818 monte
2254 783 2368 820 Sinai.

1498 842 1510 863 1
1532 830 1607 877 Ego
1637 840 1826 878 sequester
1845 841 1881 871 et
1901 839 2039 876 medius
2061 841 2112 877 sui
2135 843 2230 881 inter
2253 845 2443 884 Dominum
2469 859 2488 885 e

1448 1023 1460 1045 ‹
1482 1016 1565 1046 tem.
1584 1025 1596 1046 »
1617 1012 1708 1056 Quid
1723 1019 1884 1062 estquod
1906 1019 1968 1063 ait,
1994 1033 2006 1054 ‹
2021 1027 2057 1057 et
2077 1031 2143 1069 ego
2157 1030 2356 1070 sequester,
2375 1031 2412 1063 et
2430 1038 2465 1063 m

1444 1070 1524 1106 dius
1542 1071 1592 1107 sui
1615 1073 1709 1110 inter
1728 1085 1792 1110 vos
1809 1082 1845 1111 et
1863 1078 2068 1123 Dominum,
2103 1084 2193 1126 sive,
2225 1091 2265 1120 ut
2293 1086 2362 1122 alia
2394 1088 2480 1124 editi

1444 1133 1577 1170 babet:
1600 1148 1611 1169 ›
1634 1136 1680 1171 Et
1695 1147 1762 1184 ego
1782 1140 1919 1175 stabam
1940 1142 2034 1178 inter
2053 1143 2245 1181 Dominum
2269 1152 2305 1183 et
2325 1149 2419 1185 inter
2441 1160 2485 1186 vo

1445 1191 1481 1227 in
1507 1198 1668 1240 tempore
1693 1196 1766 1240 illo,
1797 1201 2010 1237 annuntiare
2034 1203 2136 1240 vobis
2160 1207 2269 1242 verba
2289 1207 2430 1243 Domini
2447 1210 2526 1245 di·-

1444 1255 1554 1289 cens?
1579 1254 1762 1300 Tanquam
1782 1259 1817 1293 in
1838 1259 1916 1295 loco
1944 1268 2042 1297 esset
2070 1263 2257 1310 Dominus,
2290 1267 2360 1303 hoc
2382 1273 2437 1304 est
2465 1269 2509 1306 inl

1443 1319 1564 1350 monte
1579 1317 1672 1351 unde
1691 1317 1742 1352 illi
1758 1327 1864 1355 voces
1885 1322 2090 1360 audiebant.
2119 1325 2220 1369 Quod
2245 1327 2297 1363 sic
2321 1329 2503 1375 accipien-
2530 1373 2540 1376 -

1444 1373 1527 1407 dum
1549 1380 1615 1416 est,
1634 1381 1672 1410 ut
1687 1386 1754 1412 nec
1769 1387 1813 1412 ex
1829 1379 1897 1414 boc
1922 1383 2146 1426 suspicemur
2173 1386 2236 1422 Dei
2263 1377 2540 1470 substanti-ami}

1444 1429 1480 1464 111
1497 1431 1570 1466 11110
1593 1432 1712 1477 aliquo
1733 1445 1813 1470 esse
1832 1439 2009 1482 corporali
2031 1440 2122 1484 loco,
2149 1444 2208 1488 qui
2227 1451 2282 1482 est
2299 1447 2431 1493 ubique
2449 1454 2504 1485 to·-
2533 1479 2540 1496 2

1444 1497 1512 1533 tus,
1533 1502 1599 1528 nec
1613 1503 1677 1537 per
1693 1495 1854 1531 locorum
1873 1498 2061 1536 intervalla
2080 1504 2296 1549 propinquat
2319 1514 2381 1543 aut
2402 1519 2514 1546 rece--
2535 1503 2540 1521 ¹

1442 1551 1515 1594 dit;
1536 1553 1598 1588 sed
1623 1555 1949 1594 demonstrationes
1971 1559 2047 1604 ejus
2078 1561 2114 1596 in
2141 1572 2182 1598 ea
2210 1570 2392 1611 creatura,
2423 1578 2504 1613 quaa
2533 1614 2540 1626 1

1442 1624 1511 1649 11011
1530 1617 1692 1661 estquod
1720 1618 1796 1662 ipse
1819 1625 1885 1661 est,
1915 1630 1986 1656 non
2007 1621 2113 1659 aliter
2137 1625 2304 1663 humanis
2338 1630 2511 1667 sensibus.

1442 1674 1669 1712 exhibentur.
1711 1677 1813 1714 Unde
1848 1679 2023 1719 Dominus
2055 1684 2179 1722 volens
2207 1687 2350 1725 auferre
2378 1686 2540 1738 hujusoi

1441 1734 1537 1769 modi
1561 1736 1800 1782 suspicionem
1826 1741 2006 1778 mentibus
2029 1746 2174 1788 nostris,
2204 1748 2334 1793 quibus
2354 1751 2514 1797 putatu?

1441 1792 1535 1830 Deus
1565 1795 1643 1832 loco
1671 1797 1792 1843 aliquo
1820 1801 2011 1838 contineri.
2049 1816 2061 1837 ‹
2078 1805 2218 1849 Veniet,
2251 1808 2383 1854 inquit,
2410 1811 2540 1899 horaf¹

1440 1855 1583 1898 quando
1605 1866 1722 1902 neque
1748 1859 1783 1894 iu
1813 1866 1934 1897 monte
1961 1862 2042 1906 hoc,
2074 1875 2190 1911 neque
2213 1867 2249 1903 in
2269 1867 2540 1926 Jerosolymisffi

1440 1915 1636 1953 adorabitis
1656 1917 1812 1955 Patrem.
1849 1921 1917 1959 Vos
1941 1924 2098 1961 adoratis
2124 1928 2219 1972 quod
2241 1930 2405 1974 ηεεείιίε,
2432 1935 2540 1984 nosti

1439 1977 1629 2016 adoramus
1644 1982 1739 2025 quod
1756 1983 1902 2027 scimus,
1920 1985 2002 2029 quia
2018 1986 2116 2023 salus
2131 1997 2174 2023 ex
2188 1988 2321 2026 Judaeis
2336 1995 2402 2027 est.
2428 1986 2515 2029 Sed*
2531 1986 2540 2016 ¹

1439 2039 1538 2073 venit
1563 2040 1651 2076 hora
1674 2047 1709 2077 et
1728 2053 1822 2078 nunc
1847 2048 1904 2079 est
1924 2046 2068 2089 quando
2093 2047 2170 2082 veri
2194 2048 2405 2086 adoratores
2436 2051 2502 2086 ad·
2518 2047 2540 2079 ’ἲ

1437 2101 1591 2137 orabunt
1612 2102 1755 2139 Patrem
1773 2105 1809 2140 111
1825 2105 1952 2150 spiritu
1975 2111 2011 2142 et
2034 2107 2200 2144 veritate.
2224 2109 2314 2145 Nam
2337 2115 2373 2145 et
2392 2110 2515 2149 Patet-¹1

1436 2159 1526 2195 tales
1545 2164 1674 2205 quaerit
1690 2164 1751 2208 qui
1773 2165 1925 2201 adorant
1943 2176 2038 2202 eum.
2075 2167 2232 2214 Spiritus
2253 2175 2308 2206 est
2328 2170 2438 2215 Deus,
2462 2175 2519 2215 etly

1435 2230 1497 2256 eos
1525 2222 1585 2266 qui
1612 2224 1764 2260 adorant
1783 2236 1865 2262 eum
1893 2228 1930 2262 in
1958 2228 2085 2273 spiritu
2117 2235 2155 2265 et
2184 2232 2337 2268 veritate
2355 2237 2459 2279 oport

1435 2280 1586 2316 adorare
1603 2281 1723 2328 (Joan.
1748 2285 1836 2332 xm).
1860 2299 1872 2320 1
1899 2286 2054 2324 Medium
2071 2299 2111 2325 se
2132 2290 2221 2326 dixit
2244 2291 2401 2339 Moyses,
2424 2303 2515 2348 non·

1435 2341 1528 2377 inter
1545 2343 1783 2382 substantiam
1808 2353 1844 2383 et
1862 2350 2033 2394 populum
2052 2351 2244 2388 intervallo
2268 2353 2387 2400 aliquo
2409 2354 2494 2399 loci,

1433 2404 1497 2439 sed
1517 2406 1598 2450 quia
1616 2416 1681 2450 per
1697 2418 1778 2443 eum
1794 2409 1927 2454 placuit
1945 2412 2076 2457 populo
2092 2414 2216 2450 audire
2230 2420 2360 2451 caetera
2384 2416 2496 2452 verba

1433 2462 1511 2507 Dei,
1531 2471 1767 2511 posteaquam
1781 2468 2013 2505 vehementer
2032 2472 2180 2507 territus
2194 2479 2262 2516 est,
2281 2475 2432 2511 audiens
2451 2353 2540 2528 deu

1432 2525 1551 2560 medio
1569 2526 1661 2571 ignis
1676 2537 1801 2563 vocem
1817 2528 1879 2564 Dei
1897 2529 2051 2567 dicentis
2068 2531 2278 2578 decalogum
2292 2533 2396 2580 legis.
2533 2585 2540 2592 ι

1480 2584 1551 2622 Sed
1583 2590 1712 2623 merito
1743 2590 1919 2633 quaeritur
1952 2593 2133 2637 quomodo
2161 2594 2386 2639 accipiantur
2415 2588 2519 2651 baec'5[

1432 2647 1542 2682 verba
1566 2647 1847 2694 Deuteronomii‚
1878 2651 2020 2688 dicente
2050 2652 2196 2700 Moyse:
2220 2666 2232 2688 1
2252 2654 2297 2691 Ει
2329 2665 2396 2703 ego
2420 2655 2519 2693 sta-U

1431 2707 1516 2743 bam
1535 2707 1629 2744 inter
1643 2709 1834 2746 Dominum
1860 2716 1897 2747 et
1918 2722 1981 2748 vos
2006 2713 2042 2748 in
2067 2718 2229 2760 tempore
2251 2715 2327 2760 illo,
2352 2726 2494 2753 annun-

1431 2769 1524 2804 tiare
1540 2769 1650 2806 verba
1670 2770 1828 2816 Domini,
1845 2774 2015 2819 quoniam
2040 2775 2210 2812 timuistis
2234 2787 2255 2812 a
2278 2777 2370 2813 facie
2396 2777 2494 2824 ignis

1431 2831 1588 2875 Domini,
1606 2837 1642 2868 et
1663 2843 1735 2869 non
1760 2835 1973 2872 ascendistis
1993 2836 2030 2872 in
2052 2843 2223 2880 montem,
2251 2838 2373 2875 dicens
2389 2851 2397 2874 :
2413 2839 2501 2885 Ego*

1430 2901 1511 2926 sum
1525 2892 1697 2929 Dominus
1712 2893 1807 2930 Deus
1826 2899 1921 2939 tuus,
1937 2909 1948 2931 1
1968 2902 2038 2933 ειε.
2067 2896 2156 2941 Quae
2170 2898 2280 2934 etiam
2296 2899 2406 2936 verba
2422 2899 2487 2937 Dei

1431 2960 1515 2988 sunt
1549 2964 1630 3000 quae
1654 2956 1846 3004 decalogus
1870 2959 2042 2996 continet.
2070 2959 2163 3004 Quid
2185 2971 2274 3008 ergo
2298 2962 2375 2998 vult
2392 2964 2488 3009 qued

1430 3013 1579 3058 addidit,
1608 3028 1620 3049 ‹
1643 3016 1796 3055 dicens?
1822 3032 1834 3054 ι
1856 3018 1895 3055 Si
1921 3020 2018 3056 enim
2037 3022 2284 3067 putaverimus
2310 3023 2494 3070 hyperhaa

1429 3079 1506 3118 ton,
1525 3079 1565 3111 ut
1580 3078 1668 3114 ordo
1681 3079 1876 3117 verborum
1890 3080 1959 3117 sit:
1979 3093 1993 3115 1
2005 3081 2051 3117 Et
2063 3091 2131 3128 ego
2151 3082 2293 3119 stabam
2306 3082 2401 3119 inter
2415 3082 2490 3120 no·-

1428 3136 1567 3173 minum
1577 3143 1614 3174 et
1626 3148 1690 3176 vos
1706 3140 1745 3176 in
1758 3145 1920 3188 tempore
1934 3142 2010 3187 illo,
2031 3143 2247 3180 annuntiare
2260 3143 2362 3181 vohis
2373 3142 2485 3184 verba

1428 3195 1571 3233 Domini
1591 3198 1715 3236 dicens
1731 3212 1739 3235 :
1755 3200 1831 3248 Ego
1851 3211 1931 3238 sum
1946 3203 2123 3241 Dominus
2144 3202 2243 3241 Deus
2256 3209 2355 3250 tuus,
2373 3216 2387 3240 ι
2409 3207 2493 3247 11οψ

1428 3256 1499 3291 erit
1517 3267 1656 3294 verum.
1678 3260 1758 3295 Non
1769 3261 1866 3298 enim
1884 3263 1962 3303 baec
1982 3265 2093 3300 verba
2108 3272 2175 3312 per
2196 3264 2346 3312 Moysen
2369 3275 2484 3314 popu-

1426 3314 1494 3359 lus,
1519 3317 1583 3352 sed
1601 3319 1645 3353 de
1663 3320 1782 3355 medio
1794 3321 1889 3366 ignis
1903 3322 2058 3367 audivit;
2081 3324 2177 3370 quod
2199 3326 2283 3360 cum
2301 3326 2481 3363 sustinere

1426 3384 1498 3411 non
1514 3383 1636 3422 posset
1650 3378 1770 3415 audito
1787 3379 1969 3426 decalogo,
1990 3383 2182 3428 postulavit
2195 3389 2235 3420 ut
2247 3394 2313 3431 per
2333 3380 2478 3434 Moysen

1426 3442 1556 3474 caetera
1582 3439 1733 3476 audiret.
1771 3438 1898 3476 Restat
1919 3452 2006 3489 ergo
2030 3448 2071 3479 ut
2097 3445 2194 3491 quod
2221 3446 2377 3492 positum
2407 3452 2475 3492 est,

1429 3508 1444 3530 «
1457 3497 1598 3542 dicens,
1613 3511 1626 3532 »
1651 3509 1721 3545 pro
1742 3506 1785 3536 eo
1805 3500 1961 3546 positum
1981 3502 2236 3551 intelligamus,
2256 3516 2300 3543 ac
2318 3506 2350 3543 si
2365 3510 2488 3552 essetf

1425 3563 1468 3594 ut
1481 3558 1637 3603 dicerem
1663 3565 1705 3596 u«
1721 3560 1790 3597 iste
1805 3560 1853 3597 sit
1866 3570 2015 3598 sensus:
2041 3574 2053 3597 1
2068 3563 2111 3600 Et
2137 3575 2203 3612 ego
2221 3566 2360 3604 stabam
2381 3563 2479 3604 futes·

1425 3618 1622 3656 Dominum
1637 3624 1676 3656 ot
1693 3629 1758 3656 m
1780 3620 1819 3656 in
1844 3625 2006 3668 tempore
2028 3623 2102 3667 illo,
2133 3625 2350 3664 annuntiare
2371 3624 2455 3663 vohi

1424 3680 1539 3717 valva
1561 3677 1703 3717 Domini
1733 3680 1856 3718 «iacens
1883 3694 1893 3718 ε
1917 3683 2093 3728 Quoniam
2129 3685 2299 3724 timuistis
2330 3696 2352 3735 α,
2427 3728 2434 3736 ,
2467 3727 2470 3730 ⁴

1422 3739 1528 3787 ignis,
1554 3743 1592 3776 et
1617 3748 1692 3776 non
1717 3742 1927 3780 ascendistis
1951 3743 1990 3779 in
2015 3750 2187 3791 montem,
2205 3753 2290 3784 mm
2309 3741 2473 3794 dim·

1422 3801 1498 3848 Ego
1517 3810 1600 3842 num
1617 3799 1794 3840 Donamus
1807 3801 1909 3840 Deus
1920 3806 2017 3851 time,
2036 3817 2050 3841 1
2069 3810 2112 3844 ut
2124 3797 2376 3855 subamdfaffis
2393 3807 2397 3810 ’
