2540 4016
274 131 335 168 751
696 126 733 165 B.
759 128 931 167 RABANI
955 130 1102 168 MAURl
1125 129 1341 168 ARGHOEP.
1368 130 1575 182 WNT-
1600 134 1795 179 OPERUM
1819 138 1939 182 PARS
1960 130 1989 178 1ss

270 205 448 250 dignetur.
479 202 554 240 Nec
573 202 662 241 illud
690 206 869 244 silendum
898 208 1071 253 arbitror,
1089 209 1184 255 quod
1218 209 1321 245 asina
1338 207 1377 250 A
1390 209 1602 259 Jerusalem,
1619 225 1698 262 quoe
1714 216 1912 262 «edificatur
1927 223 1966 254 ut
1981 218 2116 264 civitas,
2132 231 2234 268 cujus
2253 227 2448 277 micim-

268 265 344 300 haee
363 262 469 299 arioli
498 263 659 310 Balaam,
680 270 805 314 typum
836 269 1047 316 gentilitatis
1067 275 1190 314 tenet,
1217 280 1327 316 quam

267 324 448 371 quondam
468 324 546 372 ipse
562 325 722 373 Balaam,
742 329 779 366 id
798 336 869 374 est,
894 331 1078 367 seductori
1097 331 1325 378 idololatriae,

266 385 369 431 quasi
386 385 531 422 brutum
548 388 683 425 animal
712 395 749 426 et
768 391 866 427 nulla
886 392 1029 429 ratione
1057 394 1234 439 retinens,
1251 405 1325 443 quo

264 445 379 484 voluit
414 457 559 492 errore,
595 450 807 487 substravit.
846 451 919 489 Sed
950 453 1020 490 ista
1055 456 1224 502 angelum
1256 457 1324 495 Dei

265 518 372 554 quem
393 508 500 545 homo
519 519 592 545 non
611 510 741 556 potuit,
764 516 801 548 et
821 512 912 549 vidit
941 519 978 550 et
1001 515 1128 552 detulit
1147 522 1184 554 et
1201 517 1324 555 locuta

263 574 338 611 est,
369 573 409 604 ut
443 574 720 614 agnosceremus
752 574 1017 618 posterioribus
1057 577 1124 613 sub
1163 579 1322 615 adventu

262 629 382 676 magni
415 630 535 677 angeli
563 630 650 676 Dei,
682 634 855 679 gentilem
885 636 984 673 illam
1015 637 1156 684 plebem
1183 646 1321 676 mutam

263 690 404 726 duritiae
425 690 644 735 stoliditatis,
664 704 774 739 quem
791 701 922 733 natura
941 698 1068 736 solutis
1092 701 1166 737 Deo
1188 701 1321 748 linguis

261 750 477 796 locuturam,
498 752 548 788 ita
566 759 606 790 ut
622 765 701 800 quae
719 762 798 792 erat
825 759 985 805 subjecta
1004 762 1176 807 perfidiae,
1198 763 1234 799 in
1260 775 1322 800 vo-

262 821 339 847 cem
361 811 443 849 fidei
471 818 506 849 et
526 814 767 854 consessionis
798 827 1015 867 erumperet.
1046 822 1148 860 Licet
1167 830 1204 860 et
1234 835 1320 862 caro

261 876 384 908 nostra
407 874 539 909 animal
569 866 630 919 sit,
660 877 870 924 plerumque
894 881 991 917 enim
1016 893 1100 920 caro
1119 894 1185 929 per
1203 886 1320 922 mole-

261 933 367 969 stiam
388 940 496 979 taeta,
516 936 655 984 flagello
675 949 741 975 suo
771 943 883 977 menti
904 943 1016 980 Deum
1043 945 1191 990 indicat,
1210 958 1318 993 quem

259 1004 360 1030 mens
380 995 456 1041 ipsa
484 999 585 1034 carni
609 1001 804 1044 praesidens
824 1013 896 1038 non
927 1005 1096 1042 videbat:
1121 1008 1170 1043 ita
1196 1014 1234 1044 ut
1254 1020 1318 1044 an-

260 1054 392 1091 xietate
422 1057 570 1102 spiritus
593 1060 770 1104 prolicere
796 1063 831 1098 in
864 1064 932 1100 hoc
960 1068 1095 1102 mundo
1122 1069 1311 1114 cupientis,

258 1115 355 1150 velut
384 1116 453 1151 iter
473 1118 653 1155 tendentis
673 1121 858 1168 impediat,
882 1125 997 1162 donee
1017 1128 1048 1162 ei
1079 1128 1310 1173 invisibilem,
1333 1114 1364 1151 B

258 1175 319 1222 qui
350 1177 418 1212 sibi
448 1178 569 1214 obviat
599 1181 814 1219 innotescat.
846 1185 947 1222 Unde
979 1194 1014 1223 et
1046 1189 1137 1226 bene
1159 1200 1223 1236 per
1246 1192 1315 1228 Pe-

258 1240 354 1272 trum
388 1238 520 1275 dicitur
549 1253 557 1276 :
595 1242 854 1290 Correptionem
884 1249 1006 1284 habuit
1037 1262 1109 1286 sace
1149 1256 1310 1298 vesanioe,

256 1298 449 1344 subjugate,
483 1309 619 1338 mutum
647 1314 659 1338 .·
684 1307 777 1351 quod
803 1309 839 1343 iu
872 1310 1020 1347 hominis
1044 1324 1122 1347 voce
1154 1315 1311 1361 loquens,

255 1357 428 1401 prohibuit
446 1362 619 1406 prophetie
638 1365 875 1411 insipientiam
893 1369 950 1414 (ΙΙ
968 1370 1061 1407 Petr.
1084 1373 1138 1419 u).
1160 1374 1312 1412 Insanus

256 1417 386 1462 quippe
409 1419 515 1456 homo
547 1431 567 1456 a
595 1423 770 1470 subjugali
800 1431 1135 1475 mutororripitur,
1167 1436 1311 1478 quando

255 1476 347 1512 elata
368 1488 483 1523 mens,
505 1481 718 1520 humilitatis
738 1486 871 1522 bonum
893 1490 988 1533 quod
1017 1495 1139 1527 tenere
1159 1492 1308 1538 debeat,

255 1537 299 1573 ab
319 1538 450 1575 asslicta
475 1551 584 1578 carue
610 1551 844 1582 memoratur.
873 1549 943 1584 Sed
971 1550 1077 1595 liujus
1105 1556 1308 1600 correptio-

254 1599 310 1635 nis
337 1600 470 1637 donum
496 1603 631 1641 idcirco
662 1606 807 1643 Balaam
835 1620 906 1645 non
940 1612 1126 1657 obtinuit,
1154 1617 1237 1661 quia
1265 1618 1310 1654 ad

254 1659 539 1698 maledicendum
570 1675 747 1713 pergens,
776 1679 902 1706 vocem
935 1683 1008 1708 non
1041 1681 1199 1711 mentem
1226 1687 1307 1712 mu-

256 1719 358 1756 tavit.

655 1786 808 1825 CAPUT
836 1790 908 1827 Vll.

310 1840 363 1878 De
379 1843 528 1881 adventu
541 1846 691 1884 Balaam
712 1851 758 1886 ad
776 1851 886 1888 Baiae
906 1861 938 1890 et
956 1857 1137 1902 prophetia
1155 1859 1244 1904 ejus.

303 1901 403 1948 (CAP.
427 1905 548 1953 xxm.)
572 1907 670 1943 Dixit
707 1910 823 1957 itaque
846 1912 997 1949 Balaam
1018 1916 1063 1950 ad
1082 1916 1192 1952 Baiae
1209 1927 1220 1951 .·
1240 1917 1305 1954 Sta

247 1962 353 2009 juoeta
372 1964 614 2003 holocaustum
630 1975 741 2012 tuum,
757 1971 864 2007 donee
881 1973 1020 2018 vadam,
1032 1977 1062 2010 si
1078 1976 1167 2020 sorte
1185 1989 1304 2013 occur-

253 2029 307 2058 rat
327 2024 411 2059 milti
425 2025 622 2071 Dominus;
637 2036 668 2064 et
683 2031 911 2079 quodcunque
931 2034 1162 2081 imperaverit,
1180 2038 1305 2085 loquar

252 2081 326 2116 tibi.
343 2081 498 2130 Cumque
515 2086 645 2122 abesset
660 2089 835 2135 velociter,
858 2096 1011 2130 occurrit
1027 2096 1080 2131 illi
1097 2097 1191 2134 Deus
1211 2099 1306 2134 loeu-

253 2147 375 2188 tusque
390 2144 435 2178 ad
451 2156 530 2180 eum
543 2145 694 2183 Balaam
710 2158 721 2183 :
741 2149 892 2197 Septem,
909 2153 1040 2200 inquit,
1053 2168 1134 2193 aras
1152 2160 1257 2203 erexi,
1275 2166 1307 2195 et

251 2201 402 2247 imposui
426 2205 570 2242 vitulum
595 2214 627 2243 et
651 2211 794 2246 arietem
814 2213 973 2260 desuper.
995 2216 1167 2254 Dominus
1190 2227 1305 2255 autem

251 2262 366 2306 posuit
383 2263 521 2300 verbum
534 2266 570 2301 in
594 2278 654 2303 ore
667 2270 742 2314 ejus
763 2277 795 2306 et
822 2272 871 2307 ait
889 2282 900 2306 .·
919 2273 1100 2312 Revertere
1113 2278 1158 2313 ad
1178 2278 1302 2324 Balae,

250 2326 283 2356 et
298 2321 372 2356 lzoec
386 2322 551 2370 loqueris.
569 2325 737 2365 Reversus
758 2331 885 2367 invenit
911 2340 1058 2371 stantem
1075 2337 1185 2374 Βαίας
1198 2340 1304 2385 juoeta

249 2379 490 2419 holocaustum
508 2396 610 2422 suum
623 2413 633 2430 ,
653 2395 685 2423 et
713 2400 829 2427 omnes
851 2394 1022 2441 principes
1052 2397 1302 2439 Moabitarum.

249 2439 504 2490 Assumptaque
516 2448 683 2492 parabola
697 2462 762 2487 sua
775 2452 865 2488 dioeit
879 2463 891 2488 :
907 2454 958 2491 De
972 2456 1069 2493 Aran
1084 2459 1231 2496 adduxit
1249 2474 1304 2499 me

248 2493 360 2533 Balac
394 2510 455 2536 rex
486 2501 744 2551 Moabitarum,
774 2509 823 2544 de
854 2512 1026 2548 montibus
1053 2513 1219 2553 Orientis.
1252 2519 1303 2556 De

252 2554 350 2593 Aran
376 2559 452 2595 sive
469 2563 593 2599 utalia
613 2565 725 2602 editio
745 2568 867 2613 habet,
886 2581 931 2606 ex
953 2571 1227 2622 Mesopotamia,
1244 2579 1301 2616 in-

250 2617 346 2662 quit,
375 2622 518 2658 vocavit
549 2634 607 2660 me
635 2626 742 2664 Balac
774 2640 837 2665 rex
865 2630 982 2678 Moab,
1000 2640 1097 2672 etex
1120 2640 1302 2678 montibus

251 2676 420 2716 Orientis.
441 2681 732 2730 Mesopotamiam
751 2691 838 2727 dicit
856 2698 1006 2739 terram,
1027 2708 1108 2743 quae
1122 2699 1217 2736 inter
1236 2701 1301 2738 ssu-

251 2740 348 2776 mina
369 2741 572 2790 Babyloniae
595 2746 710 2792 jacet,
742 2752 785 2787 de
815 2754 947 2798 quibus
975 2759 1302 2810 scribiturzsiiper

250 2800 397 2845 flumina
424 2801 635 2850 Babylonis,
661 2806 733 2843 illic
762 2812 914 2848 sedimus
950 2822 981 2851 et
1011 2819 1190 2865 flevimus,
1221 2834 1301 2859 cum

250 2861 513 2898 recordaremur
532 2866 597 2916 tui,
618 2865 704 2903 Sion
727 2868 841 2916 (Psal.
861 2877 1021 2924 cxxxvi).
1049 2878 1086 2914 Si
1110 2882 1190 2927 quis
1212 2893 1298 2931 ergo

250 2919 346 2956 inter
364 2922 433 2958 ista
449 2922 596 2961 flumina
615 2927 723 2964 fuerit
738 2930 951 2979 Babylonis,
974 2938 1004 2972 si
1025 2939 1106 2983 quis
1129 2942 1300 2981 rheuma-

251 2974 347 3016 tibus
366 2981 524 3018 libidinis
537 2986 745 3032 mundatur,
765 2995 801 3025 et
822 2991 973 3031 luxuriae
989 2998 1136 3036 aestibus
1150 3002 1300 3039 circum-

249 3035 420 3086 volvitur,
438 3042 506 3079 iste
522 3055 592 3080 non
615 3046 747 3084 (licitur
766 3056 875 3097 stare,
898 3055 961 3090 sed
977 3059 1116 3096 sedere.
1133 3061 1178 3097 Et
1202 3064 1298 3111 ideo,

251 3101 313 3147 qui
326 3099 386 3139 'ibi
406 3107 656 3152 comprehensi
677 3117 776 3154 sunt,
798 3114 966 3154 dicebant
984 3131 992 3154 :
1015 3120 1128 3168 Super
1152 3127 1301 3171 flumina

250 3161 462 3213 Babylonis,
487 3169 535 3205 ibi
559 3171 711 3209 sedimus
728 3185 806 3211 eum
821 3180 1084 3219 recordaremur
1104 3187 1177 3230 tui,
1197 3189 1298 3227 Sion.

254 3226 325 3263 Sed
346 3238 413 3265 nec
432 3228 520 3269 flere
545 3233 691 3279 quidem
714 3242 798 3274 ante
820 3248 992 3287 possunt,
1016 3245 1092 3281 'nisi
1119 3251 1299 3288 recordati

251 3286 386 3326 suerint
402 3291 503 3328 Sion.
521 3292 874 3346 Bonorummmque
888 3307 1105 3352 recordatio,
1114 3310 1299 3349 malorum

252 3361 381 3389 causas
397 3353 647 3395 lamentabiles
668 3358 768 3396 facit.
783 3361 860 3403 Nisi
876 3364 972 3401 enim
985 3368 1066 3413 quis
1090 3373 1300 3410 recordetur

253 3410 356 3458 Sion,
375 3415 446 3452 nisi
463 3417 581 3465 legem
600 3420 666 3458 Dei
678 3423 1007 3471 ›et-Scripturarum
1028 3437 1172 3471 nomes
1202 3435 1300 3480 aspi-

252 3472 341 3518 ciat,
356 3476 451 3512 mala
470 3487 535 3514 sua
547 3478 635 3516 flere
648 3493 719 3520 non
735 3483 875 3532 incipit.
889 3486 944 3524 Ex
961 3488 1040 3526 istis
1055 3490 1164 3538 igitur
1179 3492 1300 3530 flumi-

251 3531 359 3574 nibus
375 3545 525 3577 vocatur
535 3541 700 3592 Balaam,
718 3549 818 3586 et-ab
839 3551 918 3589 istis
933 3552 1095 3593 Orientis
1116 3559 1302 3598 montibus

251 3595 441 3641 invitatur..
468 3602 610 3643 Montes
630 3607 712 3652 istis,
732 3612 857 3649 sanati
879 3624 952 3651 non
967 3622 1056 3653 sumt
1072 3625 1242 3665 mamm,
1260 3624 1304 3659 *et

251 3667 329 3695 non
349 3666 436 3700 sunt
450 3662 508 3700 illi
531 3666 574 3703 de
587 3667 726 3714 quibus
751 3673 928 3719 scriptum
944 3681 1008 3713 est
1021 3690 1033 3714 ,-
1053 3677 1304 3720 Fundamenta

249 3718 387 3768 §1⁸⁸³ss
403 3727 580 3771 mmm,
597 3731 739 3771 ‹samis
758 3732 1059 3786 (Minuitur).
1071 3738 1124 3784 iit
1140 3741 1301 3784 iteum-t

1394 273 1444 310 tio
1462 275 1541 321 ejus
1565 276 1604 312 in
1631 277 1796 325 idipsum.
1815 279 1954 316 Montes
1981 281 2020 316 in
2042 281 2193 320 circuitu
2210 285 2303 331 ejus,
2322 294 2356 324 et
2373 289 2448 328 Do·
2474 306 2476 310 ·

1392 333 1507 372 minus
1531 337 1569 372 in
1595 337 1744 374 circuitu
1772 339 1892 386 populi
1915 341 1972 376 sui
1989 340 2105 388 (Psal.
2127 343 2240 392 cxxi).
2260 346 2340 384 Non
2361 356 2450 388 sunt

1392 407 1478 444 ergo
1495 398 1588 436 tales
1612 398 1881 446 Mesopotamiae
1907 407 2063 447 montes,
2086 405 2149 441 sed
2177 405 2229 443 illi
2253 407 2300 444 de
2315 410 2446 456 quibus

1391 458 1524 496 dicitur
1539 472 1548 495 :
1568 460 1704 497 Montes
1722 462 1905 499 tenebrosi.
1925 465 1971 500 Et
1988 465 2121 504 iterum
2138 468 2185 504 de
2207 470 2339 516 quibus
2357 473 2447 510 dici-

1390 523 1449 555 tur
1465 533 1473 556 z
1496 520 1587 556 Ecce
1600 533 1662 567 eqo
1677 522 1723 557 ad
1739 529 1785 566 te,
1804 534 1903 559 mons
1920 532 2094 573 corrupte.
2113 527 2176 565 lsti
2191 535 2277 567 sunt
2287 539 2444 579 montes,

1389 578 1427 614 in
1452 580 1584 624 quibus
1601 586 1658 617 est
1688 583 1806 618 omnis
1831 584 1983 622 altitudo
1998 588 2176 626 extollens
2205 601 2245 627 se
2272 593 2446 632 adversus
2487 572 2500 585 ¹

1389 640 1579 676 scientiam
1597 641 1676 678 Dei.
1695 643 1750 679 Ab
1769 644 1849 681 istis
1866 655 1953 693 ergo
1972 649 2157 686 montibus
2182 654 2383 690 accersitur
2408 661 2446 692 et
2487 685 2491 688 .

1387 698 1535 735 Balaam
1567 701 1638 737 hic.
1670 702 1804 746 Quales
1831 711 1951 742 autem
1971 714 2056 744 sunt
2083 709 2143 745 isti
2162 717 2314 757 montes,
2334 715 2444 751 talem

1387 759 1521 795 habent
1551 767 1587 796 et
1615 761 1814 800 Orientem.
1834 764 1951 802 Habet
1977 769 2072 804 enim
2097 775 2134 806 et
2153 778 2275 808 ortum
2296 774 2443 812 luminis

1387 821 1442 856 sui
1463 822 1536 865 ille,
1556 825 1616 868 qni
1638 826 1817 862 convertit
1834 837 1873 864 se
1892 829 1986 865 sicut
2005 832 2171 878 angelum
2197 834 2301 871 lucis.
2324 836 2443 873 {labet

1386 883 1482 919 illam
1515 885 1631 921 lucem
1663 888 1706 923 de
1739 900 1810 934 qna
1843 891 2018 937 scriptum
2049 899 2106 929 est
2125 906 2132 929 :
2151 894 2229 930 Lux
2255 896 2442 942 impiorum

1385 946 1640 992 exstinquetur,
1658 955 1694 984 et
1714 951 1806 986 sicut
1824 952 1893 987 ista
1918 953 1977 989 lux
2003 955 2212 1000 impiorum,
2234 963 2270 992 et
2285 958 2343 993 illa
2363 969 2444 1005 quae

1384 1007 1563 1042 convertit
1589 1017 1627 1043 se
1647 1009 1741 1045 sicut
1758 1011 1796 1046 in
1817 1014 1984 1059 angelum
2004 1015 2106 1058 lucis,
2123 1018 2304 1054 contraria
2321 1024 2376 1054 est
2391 1020 2442 1055 illi

1383 1067 1468 1111 luci,
1489 1079 1569 1114 quae
1584 1070 1751 1107 dicebat:
1773 1073 1848 1119 qu
1869 1086 1946 1109 snm
1973 1075 2034 1110 lux
2057 1078 2179 1112 mundi
2204 1078 2325 1123 (Joan.
2346 1080 2438 1127 vni),

1384 1127 1432 1163 ita
1453 1137 1489 1164 et
1508 1130 1576 1165 iste
1593 1130 1733 1174 Oriens,
1757 1135 1963 1170 contrarius
1983 1141 2038 1171 est
2057 1136 2106 1171 illi
2125 1136 2286 1181 Orienti,
2305 1139 2349 1174 de
2369 1149 2440 1184 quo

1385 1190 1559 1236 scriptum
1591 1199 1646 1229 est
1682 1194 1717 1228 in
1748 1194 1905 1231 Jeremia
1925 1208 1933 1231 :
1952 1196 2044 1232 Ecce
2069 1199 2133 1240 vir,
2158 1198 2283 1234 Oriens
2315 1212 2440 1236 nomen

1383 1252 1470 1296 ejus.
1492 1253 1545 1287 Ex
1567 1254 1662 1290 illius
1683 1265 1769 1303 ergo
1800 1267 1870 1292 non
1903 1257 2007 1294 istius
2037 1257 2196 1294 Orientis
2228 1259 2361 1296 tinibus
2379 1271 2441 1296 ve-

1382 1313 1504 1348 niebat
1527 1314 1670 1350 Balaam
1683 1343 1691 1358 ‚
1714 1316 1936 1353 illuminatus
1956 1320 2034 1354 sine
2063 1321 2172 1355 dubio
2189 1319 2233 1355 ab
2254 1321 2312 1356 illo
2331 1321 2440 1356 Luci-

1381 1370 1459 1407 fero
1477 1374 1520 1408 (ie
1535 1384 1605 1418 quo
1627 1375 1760 1411 dicitur
1778 1388 1786 1411 :
1809 1377 1990 1419 Quomodo
2011 1380 2134 1414 cecidit
2158 1381 2202 1415 de
2223 1381 2306 1416 coelo
2333 1381 2440 1416 Luci-

1381 1432 1447 1476 fer,
1477 1436 1534 1479 qui
1562 1446 1664 1470 mane
1692 1438 1870 1472 oriebatur
1904 1439 1994 1484 (Isa.
2030 1441 2121 1487 xlx).
2157 1441 2229 1478 Sed
2251 1444 2439 1480 videamus

1380 1492 1466 1536 quid
1485 1493 1572 1528 dicit
1588 1494 1646 1530 ille
1666 1495 1773 1531 Balac
1791 1507 1854 1531 rex
1871 1497 1975 1533 Moab
1991 1525 2000 1541 ‚
2022 1500 2084 1543 qui
2109 1501 2299 1536 accersivit
2319 1513 2402 1538 eum
2418 1514 2440 1539 e

1379 1557 1497 1592 medio
1516 1557 1702 1593 ssiuninum
1722 1560 1765 1594 ‹le
1787 1561 1971 1596 montibus
1990 1560 2163 1597 Orientis.

1435 1617 1530 1661 Veni,
1552 1620 1682 1665 inquit,
1700 1627 1731 1655 et
1749 1621 1896 1656 maledie
1916 1622 2039 1663 Jacob,
2057 1634 2204 1669 propera
2218 1630 2250 1658 et
2267 1623 2438 1660 detestare

1378 1677 1506 1714 Israel.
1529 1679 1713 1722 Quomodo
1731 1682 1937 1718 ntaledieam
1955 1684 2012 1718 cui
2031 1695 2101 1718 non
2120 1683 2303 1720 maledixit
2320 1685 2437 1721 Deus?

1378 1739 1456 1783 Qua
1479 1742 1613 1778 ratione
1633 1743 1782 1779 detester
1803 1755 1903 1790 quem
1924 1745 2096 1780 Dominus
2130 1757 2198 1782 non
2218 1746 2437 1784 detestatur?

1378 1800 1427 1836 De
1444 1803 1587 1838 summis
1608 1803 1764 1840 silicibus
1784 1805 1902 1840 videbo
1925 1816 2016 1849 eum,
2038 1812 2070 1841 et
2087 1806 2128 1841 de
2151 1806 2295 1842 collibus
2319 1809 2435 1843 consi-

1375 1862 1503 1897 derabo
1524 1863 1636 1899 illum.
1656 1864 1815 1910 Populus
1835 1865 2003 1901 nabitavit
2023 1866 2135 1910 solus,
2155 1874 2186 1903 et
2206 1869 2297 1903 inter
2319 1875 2434 1914 9entes

1376 1933 1444 1957 non
1474 1925 1703 1969 reputabitur.
1736 1925 1822 1968 Quis
1858 1926 2083 1962 dinumerare
2118 1929 2226 1974 possit
2259 1929 2434 1975 pulverem

1373 1982 1498 2025 Jacob,
1515 1991 1546 2018 et
1568 1996 1666 2020 nosse
1689 1997 1872 2021 numerum
1899 1988 2017 2033 stirpis
2036 1987 2177 2023 Israel?
2194 1989 2379 2035 Ampliore
2396 1990 2431 2025 vi

1377 2050 1413 2079 et
1432 2046 1567 2090 majore
1583 2047 1786 2083 intentione
1810 2040 2103 2085 maledictionem
2123 2050 2159 2085 in
2186 2049 2296 2086 Israel
2321 2061 2431 2096 quam

1376 2107 1412 2142 in
1427 2106 1538 2143 Jacob
1554 2109 1698 2144 Balaam
1718 2110 1861 2146 videtur
1879 2120 2073 2156 exponere.
2092 2111 2215 2147 Donec
2236 2111 2331 2147 enim
2351 2111 2434 2157 quis

1375 2173 1516 2204 tantum
1543 2169 1652 2206 Jacob
1673 2176 1750 2215 est,
1767 2172 1836 2208 boc
1852 2178 1930 2216 est,
1951 2173 1989 2208 in
2018 2172 2222 2208 actionibus
2254 2172 2369 2208 solum
2396 2177 2434 2209 et

1375 2230 1544 2274 operibus
1574 2231 1713 2276 positus
1742 2231 2003 2277 inferioribus,
2029 2233 2342 2270 maledictionibus
2363 2234 2433 2271 im·

1373 2297 1565 2336 pugnatur.
1585 2292 1652 2328 Ubi
1671 2299 1793 2330 tamen
1809 2295 2020 2341 profecerit,
2037 2300 2073 2332 et
2089 2296 2298 2332 interiorem
2316 2296 2432 2333 homi-

1373 2360 1455 2386 nem
1474 2353 1519 2388 ad
1539 2353 1731 2389 videndum
1749 2356 1874 2398 Deum,
1893 2357 2054 2392 revelato
2071 2358 2204 2394 mentis
2221 2358 2326 2394 oculo
2346 2367 2432 2394 exa-

1371 2421 1478 2448 cuere
1507 2419 1542 2449 et
1569 2424 1767 2459 provocare
1789 2415 1866 2460 jam
1899 2418 2068 2462 coeperit,
2101 2423 2188 2453 tunc
2211 2428 2284 2453 non
2314 2418 2430 2453 solum
2495 2452 2498 2456 ,

1371 2472 1572 2509 maledictis
1591 2474 1635 2509 ab
1653 2474 1814 2518 inimico,
1830 2476 1893 2511 sed
1913 2476 2215 2512 detestationibus
2228 2486 2337 2522 super
2351 2487 2430 2512 ma-

1370 2531 1511 2568 ledictis
1524 2559 1533 2576 ,
1570 2534 1639 2569 hoc
1671 2539 1748 2577 est,
1788 2536 2120 2572 vehementioribus
2155 2536 2430 2573 maledictorum

1366 2590 1497 2637 ¹iaculis
1525 2592 1806 2638 impugnabitur.
1834 2593 1907 2630 Sed
1935 2600 2021 2631 tunc
2047 2595 2195 2641 quidem
2217 2607 2254 2632 os
2278 2596 2424 2633 Balaam

1370 2651 1613 2687 maledictione
1628 2658 1660 2688 et
1675 2653 1911 2689 antaritudine
1925 2654 2066 2701 plenum
2081 2661 2169 2699 erat,
2185 2661 2217 2705 et
2230 2657 2292 2692 sub
2306 2656 2428 2703 linqua

1371 2713 1446 2758 ejus
1467 2713 1566 2748 labor
1582 2719 1614 2748 et
1637 2713 1759 2758 dolor,
1791 2714 1852 2749 sed
1886 2720 1918 2750 et
1944 2715 1980 2750 in
2009 2716 2147 2751 insidiis
2167 2727 2246 2751 cum
2263 2717 2426 2752 divitibus

1371 2773 1486 2820 (Psal.
1509 2775 1575 2821 ιιι).
1597 2775 1840 2820 Exspectabat
1853 2776 1950 2812 enim
1964 2777 2149 2813 mercedes
2165 2787 2186 2812 a
2200 2777 2311 2813 divite
2321 2786 2422 2824 rege,

1370 2835 1451 2870 etin
1473 2835 1616 2870 occultis
1636 2837 1830 2882 interficere
1843 2838 2055 2873 innocentes.
2077 2837 2149 2874 Sed
2164 2838 2273 2881 Deus,
2293 2838 2354 2883 qui
2370 2838 2424 2874 fa-

1370 2895 1420 2931 cit
1451 2905 1594 2941 semper
1623 2897 1803 2933 mirabilia
1836 2898 1934 2935 solus
1947 2925 1957 2942 ,
1988 2908 2033 2934 ex
2059 2898 2217 2935 inimicis
2252 2904 2424 2945 operatur

1372 2956 1537 2993 salutem.
1556 2956 1680 3002 lnjecit
1699 2961 1850 2997 verbum
1867 2961 1903 2996 in
1923 2970 1964 2996 os
1978 2960 2071 3007 ejus,
2087 2961 2252 3006 quamvis
2265 2961 2424 2997 nondum

1372 3026 1435 3052 cor
1448 3015 1526 3061 ejus
1540 3027 1668 3062 capere
1686 3025 1808 3064 posset
1824 3021 1974 3056 verbum
1996 3021 2075 3057 Dei.
2087 3020 2214 3058 Adhuc
2233 3021 2424 3059 enim-erat

1370 3077 1408 3112 in
1425 3078 1531 3113 corde
1547 3077 1624 3123 ejus
1642 3089 1780 3116 merces
1798 3081 2016 3127 cupiditatis,
2037 3088 2185 3129 propter
2202 3084 2297 3129 quod
2311 3084 2421 3120 etiam

1370 3144 1450 3183 post
1466 3139 1615 3174 verbum
1630 3138 1787 3184 Domini,
1809 3136 1904 3187 quod
1922 3143 2050 3179 hahuit
2067 3143 2104 3179 in
2122 3153 2186 3180 ore
2203 3143 2279 3189 ejus
2290 3171 2300 3188 ‚
2316 3144 2422 3181 dice·

1370 3197 1434 3232 bat
1451 3197 1496 3232 ad
1514 3198 1622 3234 Balac
1638 3211 1647 3233 z
1671 3198 1756 3235 Veni
1774 3206 1806 3235 et
1822 3201 1867 3235 do
1893 3202 1954 3237 tibi
1982 3201 2178 3239 consilium.
2202 3203 2252 3240 fE‘t
2270 3203 2422 3241 docebat

1368 3266 1451 3292 eum
1467 3259 1647 3302 quomodo
1660 3260 1820 3295 mitteret
1839 3262 2048 3298 scandalum
2067 3263 2104 3299 in
2124 3271 2318 3311 conspectu
2331 3266 2408 3302 'filio

1367 3326 1448 3352 rum
1466 3317 1574 3353 Israel
1588 3344 1598 3360 ,
1624 3323 1667 3353 ιιι
1692 3318 1955 3356 manducarent
1969 3318 2079 3358 'idolis
2092 3323 2302 3370 immolata,
2319 3330 2360 3362 'et
2373 3330 2420 3363 *ut

1367 3375 1645 3413 fornicarentur.
1676 3377 1829 3424 Propter
1855 3380 1952 3425 quod
1969 3387 2016 3417 et
2041 3382 2170 3419 cecidit
2193 3385 2418 3431 populus,et

1367 3439 1472 3486 plaga
1487 3449 1616 3486 magna
1632 3438 1851 3477 facta-estin
1862 3440 2053 3486 ·eo,‘donec
2062 3443 2219 3482 'phinees
2233 3453 2419 3495 perempto

1368 3499 1531 3536 Israelita
1557 3500 1620 3546 qui
1648 3499 1893 3538 fornicabatur
1910 3512 1994 3539 cum
2011 3502 2260 3546 Madianitide.
2275 3508 2418 3546 sedavit

1368 3558 1702 3598 furoremvnomtni.

1416 3621 1466 3658 Et
1481 3626 1559 3668 post
1581 3621 1676 3666 noee,
1691 3621 1814 3668 inquit
1827 3648 1838 3665 ‚
1855 3622 2022 3669 produxit
2047 3619 2197 3662 Fatum
2222 3627 2416 3676 exereitum

1368 3688 1493 3720 eontra
1513 3681 1754 3727 Mattianum
1773 3689 1807 3720 et
1824 3684 2072 3730 interfecerunt
2096 3685 2282 3724 nondecim
2299 3686 2416 3727 amia

1367 3745 1460 3783 m
1469 3747 1524 3780 aet
1538 3741 1693 3781 Balaam
1707 3742 1825 3803 filium
1834 3742 1981 3803 Beorin
1995 3744 2130 3806 Q.-
2138 3744 2413 3806 ἣξεμι-’ᾳᾘέ

2527 2034 2530 2035 ’
2530 1965 2540 2011 aa.»
2533 1934 2540 1954 Α-
2527 1854 2540 1915 *A*
2532 1831 2540 1843 s.
