2540 4016
294 298 360 339 227

717 280 757 318 B.
784 275 953 316 RABANI
977 269 1123 311 MAURl
1147 266 1361 308 ARCHIEP.
1387 263 1596 304 MOGUNT.
1619 260 1812 303 OPERUM
1834 261 1954 300 PARS
1979 260 2008 298 1.

2368 257 2440 298 228

292 378 383 409 nem,
399 361 672 402 immunditiam,
691 353 878 393 luxuriam,
899 345 1230 393 concupiscentiam
1247 351 1324 378 ma·
1340 344 1376 383 A
1392 346 1490 378 ctum
1504 346 1572 385 est,
1592 339 1678 376 Sine
1693 345 1764 382 me,
1780 349 1824 375 30
1837 339 1868 375 si
1887 338 2082 379 diceretur,
2099 334 2179 371 Noli
2197 342 2260 371 eos
2276 333 2441 381 diligere,

291 433 359 467 lam
374 433 410 463 et.
429 424 627 463 avaritiam,
638 428 714 464 quoe
730 420 784 451 est
798 413 972 449 idolorum
985 409 1153 445 servitus.
1172 405 1212 441 Si
1228 404 1320 451 quis,

290 488 420 534 inquit,
436 491 484 520 est
501 480 637 518 Domini
652 504 662 519 ‚
683 475 800 510 veniat
820 477 856 507 et
882 471 1057 516 Junqatur
1078 466 1179 502 mihi.
1207 464 1322 500 Ponat

289 548 442 595 §ludium
477 552 577 587 super
603 540 713 584 semar
743 543 859 569 suum.
895 530 950 565 Ite
979 535 1012 564 et
1032 527 1141 563 redite
1158 526 1201 562 de
1220 531 1323 572 porta

291 616 393 651 usque
411 603 455 637 ad
483 605 614 646 portam
639 605 699 641 per
717 592 869 628 medium
888 596 1083 625 castrorum
1101 613 1110 629 ,
1136 594 1166 621 et
1187 585 1322 620 occidat

288 661 516 707 unusquisque
539 656 694 699 fratrem,
713 657 744 687 et
758 652 924 692 amicum,
944 655 973 684 et
992 647 1190 694 proximum
1204 655 1320 680 suum.

287 721 447 759 Gladium
464 725 567 761 super
590 711 705 748 femur
723 720 869 756 ponere,
888 709 943 744 est
965 702 1234 754 praedicationis·
1252 707 1322 738 stu-

289 783 382 818 dium
399 774 638 821 voluptatibus
658 771 778 808 carnis
810 768 1006 809 anteferre,
1039 771 1079 801 ut
1099 773 1180 800 cum
1199 766 1325 798 sancta

289 841 348 886 qni
369 837 484 874 studet
515 835 658 874 dicere,
696 836 796 866 curet
821 837 969 863 necesse
1000 831 1054 861 est
1080 822 1326 870 suggestiones

289 894 463 937 edomare.
485 896 535 931 De
553 899 654 940 porta
672 901 784 935 usque
807 889 852 924 ad
870 893 1011 934 portam
1038 886 1109 925 ire,
1131 889 1186 918 est
1203 893 1222 916 a
1240 881 1326 917 vitio

289 969 399 1004 usque
418 958 459 992 ad
479 956 601 991 vitium
627 962 693 999 per
711 949 805 996 quod
831 949 876 984 ad
908 951 1067 982 mentem
1087 944 1189 989 culpa
1209 943 1328 987 ingre-

289 1018 383 1054 ditur
392 1013 605 1059 increpando
615 1011 829 1046 discurrere.
841 1006 910 1041 Per
923 1005 1079 1040 medium
1089 1012 1174 1038 vero
1190 1005 1328 1037 castro-

289 1087 365 1112 rum
392 1074 545 1110 transire
576 1077 631 1108 est
651 1076 749 1105 tanta
769 1067 970 1113 aequalitate
1003 1066 1098 1100 intra
1127 1062 1327 1098 Ecclesiam

288 1139 430 1180 vivere,
454 1143 493 1171 ut
519 1135 579 1179 qui
612 1130 893 1176 delinquentium
915 1128 1039 1173 culpas
1060 1124 1264 1170 redarguit,
1291 1123 1327 1157 in

290 1199 394 1234 nullis
415 1208 454 1233 se
489 1197 615 1231 debeat
652 1194 775 1228 favore
811 1190 1002 1225 declinare.
1038 1187 1140 1223 Unde
1167 1193 1203 1220 et
1231 1188 1327 1219 recte
1354 1225 1357 1227 ,

291 1258 539 1304 subjungitur:
557 1254 700 1290 Occidat
714 1253 763 1287 vir
782 1251 924 1296 fratrem
944 1255 974 1283 et
996 1248 1144 1283 amicum
1164 1251 1195 1280 et
1212 1243 1328 1290 proxi·
1348 1229 1379 1270 B

291 1329 384 1353 mum
401 1327 516 1359 suum,
536 1315 681 1350 fratrem
703 1312 837 1348 scilicet
853 1337 862 1353 ‚
884 1309 1086 1356 proximum
1111 1312 1146 1343 et
1172 1306 1328 1341 amicum

293 1380 482 1420 interiecit,
500 1378 559 1422 qui
580 1387 659 1412 cum
678 1374 854 1420 punienda
872 1372 1030 1414 invenit,
1052 1371 1096 1406 ab
1114 1367 1330 1414 increpatio-

292 1442 347 1476 nis
366 1441 480 1486 gladio
495 1466 504 1481 ,
539 1449 602 1473 nec
625 1438 675 1472 eis
696 1447 784 1481 quos
810 1445 874 1479 per
899 1433 1152 1479 cognationem
1186 1428 1326 1474 diligit,

292 1505 426 1544 parcet.
454 1498 489 1532 Si
510 1507 591 1542 ergo
610 1502 646 1531 et
664 1495 720 1530 ille
751 1494 813 1529 Dei
837 1493 987 1534 dicitur,
1015 1490 1075 1536 qui
1101 1489 1143 1524 ad
1169 1486 1330 1523 ferienda

292 1561 377 1595 vitia
396 1559 471 1593 zelo
490 1557 598 1592 divini
619 1556 750 1591 amoris
769 1554 945 1590 excitatur
965 1580 974 1595 ,
994 1551 1157 1597 proiecto
1181 1559 1261 1584 esse
1293 1557 1331 1582 se

294 1620 355 1654 Dei
374 1619 522 1663 deneget
535 1643 543 1658 ‚
564 1617 625 1661 qui
643 1620 814 1661 qnantum
837 1613 965 1648 sufficit
981 1639 990 1653 ,
1014 1612 1200 1654 increpare
1220 1609 1331 1642 vitam

294 1678 489 1713 carnalium
514 1680 665 1710 recusat.
687 1673 758 1708 Sed
776 1673 850 1716 ipse
870 1678 1040 1704 numerus
1061 1669 1169 1702 trium
1184 1666 1333 1700 millium

297 1737 563 1772 interfectorum
604 1734 778 1778 triplicem
814 1731 965 1766 formam
999 1729 1130 1764 indicat
1165 1731 1331 1772 peccato-

300 1809 390 1832 rum.
415 1797 527 1832 Omne
547 1795 640 1830 enim
662 1798 860 1839 peccatum,
879 1797 940 1826 aut
961 1791 1053 1826 sacto
1072 1817 1082 1831 ,
1116 1794 1178 1823 aut
1194 1787 1304 1823 verbo
1322 1812 1331 1827 ‚

298 1863 358 1892 aut
381 1857 591 1903 cogitatione
621 1855 864 1891 committitur.
886 1852 1101 1896 Locutusque
1135 1856 1182 1886 est
1215 1849 1336 1883 Domi-

299 1927 360 1951 nus
385 1917 429 1950 ad
454 1916 610 1961 Moysen,
627 1916 741 1950 dicens
763 1925 774 1950 .·
802 1913 916 1955 Vade,
937 1911 1082 1947 ascende
1101 1911 1143 1944 de
1163 1910 1236 1944 loco
1254 1909 1335 1947 isto,

301 1986 334 2013 tu
354 1983 385 2011 et
404 1977 550 2022 populus
572 1982 650 2010 tuus
668 1984 768 2021 quem
787 1973 937 2008 eduxisti
956 1972 997 2006 de
1017 1978 1108 2005 terra
1129 1968 1287 2012 AEqypfi,
1301 1967 1338 2000 in

299 2046 424 2073 terram
455 2045 558 2081 quam
589 2034 704 2077 iuravi
727 2033 900 2066 Abraham
919 2057 926 2069 ,
950 2030 1053 2064 Isaac
1073 2034 1103 2062 et
1124 2025 1233 2060 Jacob
1255 2051 1264 2067 ‚
1285 2024 1339 2058 di-

300 2106 390 2136 cens,
416 2094 544 2129 Semini
567 2099 624 2126 tuo
657 2091 746 2126 dabo
780 2100 854 2124 eam
871 2088 1002 2134 (Exod.
1029 2086 1172 2131 xxxin).
1207 2084 1303 2119 Vade
1325 2110 1334 2126 ,

302 2155 453 2190 ascende
471 2154 568 2194 111110,
584 2157 622 2185 tu
640 2156 676 2185 et
688 2149 837 2195 populus
854 2156 936 2183 tuus
951 2157 1055 2192 quem
1069 2145 1237 2187 eduxisti,
1252 2144 1338 2178 alio·
1356 2130 1384 2171 C

302 2214 387 2259 quin
406 2212 578 2252 dixisset,
600 2215 636 2244 tu
655 2215 690 2244 et
708 2209 857 2254 populus
875 2217 990 2249 meus,
1006 2216 1108 2252 quem
1130 2205 1284 2241 eduxisti
1300 2205 1342 2239 de

304 2279 398 2308 terra
419 2270 577 2316 AEgypti.
598 2270 666 2304 Sed
685 2269 732 2303 illi
749 2269 890 2314 quando
914 2267 1048 2302 idolum
1075 2272 1340 2312 poposcerunt,

305 2331 354 2365 ita
376 2330 482 2363 locuti
500 2334 582 2363 sunt
599 2327 754 2372 :Moyses
769 2328 858 2362 enim
877 2327 931 2361 hic
946 2327 1047 2360 homo
1069 2326 1126 2371 qui
1143 2325 1261 2359 celarit
1282 2336 1343 2359 nos

304 2389 345 2422 de
364 2394 456 2421 terra
471 2387 628 2432 AEqyph,
652 2387 821 2421 nescimus
851 2385 934 2432 quid
954 2385 1083 2429 sactum
1108 2385 1151 2419 sit
1170 2386 1215 2419 ei.
1237 2385 1343 2419 Libe-

306 2447 477 2482 rationem
499 2456 600 2481 suam
612 2446 645 2480 in
663 2446 841 2481 hominem
861 2446 1109 2480 constituendo
1124 2444 1342 2480 defecerant.

305 2506 377 2541 Hoc
399 2507 450 2541 eis
470 2507 572 2541 modo
594 2505 785 2550 replicatur
805 2516 884 2540 cum
901 2506 1031 2540 dicitur
1050 2515 1058 2539 :
1080 2504 1129 2538 Tu
1146 2511 1176 2539 et
1197 2503 1343 2550 populus

305 2572 382 2599 tuus
411 2575 509 2610 quem
528 2564 677 2599 eduxisti
696 2564 737 2599 de
757 2570 850 2598 terra
881 2563 1041 2608 AEyypti.
1067 2563 1169 2606 Quod
1199 2563 1268 2597 illis
1290 2568 1345 2598 est

305 2625 474 2666 criminis,
491 2635 559 2659 non
581 2624 705 2670 Moysi.
728 2624 804 2659 Non
825 2625 919 2660 enim
942 2624 1037 2659 aliud
1056 2624 1198 2659 volebat
1218 2624 1286 2658 nisi
1304 2628 1344 2658 ul.

306 2696 374 2720 non
391 2686 425 2720 in
441 2685 510 2725 illo,
532 2685 593 2719 sed
613 2684 647 2718 in
665 2684 812 2719 Domino
824 2695 921 2729 spem
936 2689 1123 2728 ponerent,
1139 2690 1174 2719 et
1198 2684 1342 2719 Domini

307 2744 549 2779 misericordia
570 2752 609 2777 se
642 2743 676 2776 in
703 2744 897 2787 gratiarum
924 2745 1063 2779 actione
1089 2745 1275 2780 crederent
1299 2745 1343 2780 ab

308 2802 366 2836 illa
386 2801 554 2836 servitute
581 2801 760 2835 liberatos.
782 2801 891 2846 Cujus
911 2807 1029 2836 tamen
1046 2804 1138 2847 apud
1155 2804 1344 2839 Dominum

311 2867 476 2906 tanquam
504 2861 700 2896 fidelissimi
728 2861 876 2903 famuli,
901 2866 1038 2896 tantum
1067 2868 1144 2897 erat
1178 2864 1345 2899 meritum

309 2931 372 2965 per
393 2920 484 2954 illius
514 2920 686 2964 gratiam,
709 2924 749 2954 ut
772 2919 804 2955 ei
835 2920 971 2954 diceret
994 2920 1100 2962 Deus,
1124 2920 1205 2955 Sine
1223 2932 1289 2963 me,
1308 2928 1345 2956 ut

311 2979 445 3012 irascar
465 2984 584 3012 contra
601 2989 680 3020 eos;
700 2979 791 3023 quod
809 2978 1096 3022 utrumjubentis
1112 2980 1159 3014 sit
1173 2990 1254 3015 cum
1274 2981 1344 3015 ait:
1388 3015 1391 3018 ,

312 3031 393 3072 Sine
419 3047 496 3079 me,
529 3047 573 3071 an
602 3037 703 3081 quasi
735 3038 911 3082 petentis,
943 3043 1134 3082 utrumque
1155 3039 1319 3074 videatur
1335 3065 1345 3083 ,

311 3096 518 3131 absurdum.
537 3095 625 3131 Nam
643 3101 680 3130 et
699 3096 728 3131 si
745 3096 867 3140 jubeat
887 3098 980 3132 Deus
995 3123 1005 3140 ‚
1037 3097 1279 3133 inobedienter
1296 3099 1348 3133 sa-

311 3154 427 3190 mulus
447 3165 517 3190 non
538 3156 701 3201 parebat,
727 3161 763 3191 et
783 3155 971 3191 Dominum
1004 3157 1073 3192 1100
1091 3167 1112 3191 3
1129 3167 1231 3194 servo
1251 3159 1347 3194 velut

310 3225 374 3260 pro
392 3215 565 3251 beneficio
598 3222 734 3262 petere,
755 3227 824 3252 non
847 3218 1008 3260 decebat,
1029 3228 1109 3253 cum
1150 3219 1347 3263 praesertim

310 3279 430 3318 posset
451 3284 514 3309 eos
535 3275 644 3310 etiam
674 3275 735 3312 illo
753 3276 894 3312 nolente
926 3283 1125 3314 conterere.
1144 3278 1204 3313 1110
1227 3279 1347 3324 itaque

311 3332 360 3368 ibi
384 3343 510 3370 sensus
526 3334 562 3369 in
578 3341 746 3381 promptu
764 3342 833 3380 est,
851 3337 944 3382 quod
960 3337 1018 3372 -his
1036 3337 1156 3373 verbis
1173 3338 1351 3384 signitica-

314 3392 365 3428 vit
383 3393 477 3429 Deus
508 3394 700 3439 plurimum
728 3397 822 3442 apud
855 3407 894 3432 se
931 3397 1100 3442 prodesse
1136 3397 1187 3434 illi
1207 3398 1347 3444 populo,

315 3454 397 3499 quia
417 3455 468 3490 sic
493 3455 614 3493 abillo
641 3458 720 3494 viro
751 3457 1004 3505 diligebantur,
1025 3468 1132 3503 quem
1159 3458 1212 3495 sic
1230 3459 1351 3495 Domi-

315 3522 384 3548 nus
406 3512 588 3559 diligebat,
622 3521 662 3551 ut
681 3526 725 3554 eo
754 3517 862 3554 modo
898 3518 1186 3563 admoneremur,-
1211 3525 1250 3556 ut
1268 3530 1350 3557 cum

316 3572 444 3608 merita
462 3578 585 3610 nostra
605 3585 670 3611 nos
702 3582 853 3622 gravant
868 3588 912 3614 ne
942 3577 1131 3624 diligamur
1144 3589 1167 3615 a
1189 3579 1274 3623 Deo,
1295 3590 1352 3617 re-

317 3629 428 3668 levari
441 3641 508 3669 nos
528 3634 623 3680 apud
645 3644 727 3670 eum
747 3636 888 3685 111010111
906 3638 1045 3676 meritis
1066 3649 1173 3685 posse
1190 3650 1281 3688 quos
1297 3641 1352 3679 di-

319 3687 408 3756 ligit.
440 3691 530 3738 Nam
566 3703 650 3741 011111
681 3696 727 3732 ab
759 3697 1025 3751 omnipotente*
1037 3701 1169 3738 dieitur
1196 3702 1352 3750 1101111111,

321 3746 407 3793 8010
422 3761 494 3799 me,
508 3757 547 3798 et
562 3759 745 3802 conteram
763 3767 840 3805 eos,
856 3759 945 3806 quid
962 3759 1060 3796 aliud
1075 3761 1221 3806 dicitur,
1241 3772 1354 3811 quam

324 3811 542 3850 contererem
558 3821 622 3849 eos
637 3814 706 3851 uisi
723 3807 957 3863 diligerentur
975 3819 1040 3856 abs
1060 3825 1106 3856 te.
1127 3821 1180 3857 lta
1199 3831 1286 3869 ergo
1301 3822 1354 3861 di-

1394 407 1432 438 et
1455 407 1640 437 conteram
1663 409 1741 442 eos,
1765 400 1850 444 quia
1869 410 1916 435 ne
1950 399 1985 435 id
2005 397 2135 433 faciam
2156 396 2299 432 dilectio
2324 400 2384 431 tua
2404 396 2442 432 in

1394 460 1474 497 illos
1492 459 1685 495 intercedit
1702 458 1805 494 mihi.
1841 456 2171 503 obtemperandum
2205 459 2327 491 autem
2345 461 2441 491 esset

1394 521 1546 557 Domino
1579 520 1711 556 dicenti
1729 531 1738 555 z
1760 518 1840 555 Noli
1861 529 1925 555 005
1949 518 2112 564 diligere,
2134 516 2166 553 si
2187 516 2255 551 1100
2281 514 2442 560 jubendo

1394 581 1557 623 dixisset,
1579 585 1615 615 et
1636 590 1709 615 non
1733 580 1851 624 potius
1884 579 2108 615 admonendo
2139 582 2176 613 et
2194 575 2440 622 exprimendo,

1395 641 1480 686 quid
1500 641 1600 676 illum
1629 642 1675 676 ab
1695 650 1738 675 eo
1768 640 1944 685 supplicio
1983 643 2185 675 revocaret.
2213 637 2287 673 Nec
2322 641 2443 671 tamen

1394 700 1503 735 etiam
1530 699 1591 734 illo
1610 699 1871 741 intercedente,
1898 699 1975 734 sine
1994 698 2134 742 flagello
2165 696 2362 741 disciplinae
2380 705 2444 741 po-

1395 760 1518 806 pulum
1535 757 1738 802 dereliquit.
1758 757 1888 792 Nescio
1905 766 1977 802 quo
2008 757 2106 792 00101
2128 755 2236 790 modo
2254 759 2294 789 ut
2310 754 2363 790 sic
2380 764 2444 790 eos

1397 820 1560 865 diligeret
1579 819 1653 864 ipse
1681 818 1833 863 Moyses,
1854 817 1949 852 Deus
1966 816 2046 852 illos
2061 815 2237 851 occultius
2259 814 2442 861 diligebat,

1398 880 1459 926 qui
1483 879 1672 915 manifeste
1692 878 1866 921 terrebat,
1897 877 1958 912 ubi
1978 876 2065 912 dicit
2093 876 2264 911 Dominus
2286 875 2331 911 ad
2347 874 2445 921 Moy-

1397 951 1461 976 sen
1485 952 1493 975 :
1522 939 1630 982 Vade,
1652 939 1797 974 ascende
1817 939 1911 981 hinc,
1932 945 1968 972 tu
2001 944 2031 973 et
2052 936 2199 983 populus
2231 942 2311 971 tuus
2344 947 2445 984 quem

1397 998 1547 1033 eduxisti
1586 998 1629 1032 de
1670 1004 1763 1032 terra
1799 997 1961 1042 AEqypst,
1995 997 2175 1031 interram
2208 1005 2312 1041 quam
2327 995 2446 1040 juravi

1397 1058 1591 1100 Abraham,
1627 1056 1734 1092 Isaac
1767 1063 1798 1092 et
1847 1056 1955 1091 Jacob
1991 1056 2107 1090 dicens
2127 1064 2137 1088 .·
2164 1053 2298 1091 Semini
2337 1060 2446 1090 vestro

1398 1119 1489 1154 dabo
1520 1130 1608 1154 eant.
1647 1119 1823 1153 Continuo
1859 1123 2031 1163 tanquam
2065 1117 2110 1151 ad
2153 1117 2269 1161 ipsum
2300 1116 2446 1162 Moysen

1398 1180 1515 1214 adhuc
1539 1178 1750 1224 loquebatur
1775 1178 1912 1213 occulta
1933 1177 2181 1218 conversione,
2207 1177 2301 1222 quod
2324 1176 2447 1212 Graece

1399 1239 1617 1285 apostrophe
1636 1239 1778 1273 dicitnr.
1797 1237 1876 1272 Jam
1891 1239 1934 1273 ad
1949 1238 2065 1283 ipsum
2087 1237 2255 1283 populum
2276 1237 2448 1282 loquitur,

1400 1300 1551 1336 dicens:
1594 1299 1733 1334 Mittam
1771 1298 1931 1344 aizyelum
1969 1309 2082 1333 meum
2118 1303 2198 1332 ante
2217 1303 2261 1340 te,
2283 1304 2314 1333 et
2336 1298 2450 1343 eiiciet

1401 1358 1653 1400 Chananoeum,
1693 1363 1723 1392 et
1752 1357 2008 1398 Amorrhoeum,
2030 1363 2061 1391 et
2082 1356 2282 1400 neumam,
2307 1363 2338 1392 et
2356 1357 2450 1392 Phe-

1402 1430 1561 1460 rescwm,
1583 1425 1614 1453 et
1635 1416 1866 1464 Geryesrrum,
1902 1424 1933 1452 et
1955 1416 2138 1460 Ilevoeum,
2159 1423 2191 1452 et
2221 1417 2419 1453 Jebusoeum
2436 1429 2449 1460 ;

1402 1485 1432 1514 et
1451 1479 1644 1514 introducet
1682 1485 1712 1513 te
1731 1479 1767 1513 in
1786 1484 1915 1512 terram
1946 1478 2110 1523 fluentem
2142 1476 2196 1512 lae
2213 1484 2245 1512 et
2268 1477 2347 1513 mel.
2367 1476 2452 1513 Non

1403 1540 1491 1574 enim
1511 1538 1696 1573 ascendam
1721 1544 1847 1579 tecum,
1865 1537 1946 1582 quia
1977 1536 2124 1582 populus
2142 1536 2232 1572 dura
2253 1538 2382 1573 cervice
2401 1548 2450 1581 es,

1403 1604 1439 1632 ut
1458 1609 1524 1633 non
1548 1597 1681 1632 deleam
1702 1603 1734 1631 te
1751 1597 1786 1631 in
1805 1598 1872 1631 via.
1900 1596 2027 1642 Magna
2053 1597 2270 1632 sacramenti
2290 1602 2328 1632 et
2360 1597 2451 1632 mira

1404 1658 1644 1702 profunditas,
1672 1662 1839 1702 tanquam
1867 1655 2040 1700 1113101010
2066 1656 2351 1692 misericordiam
2371 1668 2455 1703 pos-

1407 1723 1462 1752 set
1482 1717 1629 1763 angelus
1645 1717 1779 1752 habere
1802 1727 1907 1761 quam
1927 1716 2113 1760 Dominus,
2132 1717 2194 1763 qui
2210 1717 2340 1764 populo
2355 1719 2455 1754 durae

1407 1779 1557 1814 cervicis
1594 1783 1771 1824 parceret.
1820 1778 1864 1812 Et
1899 1784 2019 1813 tamen
2050 1779 2159 1814 etiam
2190 1790 2256 1825 per
2289 1779 2456 1826 angelum

1409 1847 1511 1872 snum
1530 1848 1567 1872 sc
1584 1837 1845 1882 quodammodo
1872 1837 1916 1870 ab
1936 1836 1989 1871 eis
2019 1837 2178 1879 absente,
2199 1838 2260 1884 qui
2278 1848 2456 1884 nusquam

1409 1907 1488 1932 esse
1519 1898 1649 1932 absens
1669 1901 1801 1941 potest,
1825 1895 1974 1940 implere
2003 1906 2042 1931 se
2060 1896 2260 1941 dicitquod
2294 1899 2456 1943 patribus

1410 1967 1532 1993 eorum
1567 1956 1714 2002 juravit.
1753 1957 1937 2002 Tanquam
1965 1962 2002 1992 et
2036 1957 2096 1992 hic
2114 1958 2307 1994 ostendens
2332 1959 2401 1994 hoc
2419 1968 2459 1995 se

1411 2018 1491 2053 ideo
1509 2017 1644 2061 facere,
1670 2018 1752 2062 qnia
1776 2017 1846 2053 illis
1878 2018 2040 2062 patribus
2057 2018 2165 2064 justis
2186 2018 2365 2063 promisit,
2386 2028 2457 2055 non

1412 2081 1508 2125 quod
1529 2080 1587 2115 isti
1622 2079 1718 2125 digni
1753 2089 1824 2113 non
1860 2084 1993 2114 essent.
2032 2078 2123 2122 Quid
2147 2089 2232 2125 ergo
2261 2079 2456 2125 significat,

1409 2140 1477 2175 nisi
1502 2139 1594 2175 sorte
1619 2140 1698 2174 ideo
1724 2150 1760 2174 se
1796 2150 1866 2174 non
1887 2149 1965 2175 esse
1997 2150 2077 2174 cum
2103 2140 2155 2176 eis
2178 2140 2239 2186 qui
2267 2141 2357 2176 dura
2378 2150 2458 2177 cer-

1412 2202 1487 2237 vice
1510 2201 1712 2246 sunt‚quia
1747 2211 1816 2235 non
1858 2211 1938 2236 euin
1972 2201 2167 2245 propitium
2200 2206 2237 2236 et
2262 2201 2456 2246 salubrem,

1410 2262 1479 2298 nisi
1520 2262 1702 2297 humilitas
1735 2267 1771 2296 et
1791 2262 1905 2307 pictas
1940 2262 2047 2307 capit.
2074 2263 2163 2298 Esse
2195 2268 2316 2298 autem
2342 2262 2454 2298 Deum

1411 2333 1492 2359 cum
1519 2325 1616 2359 durae
1638 2323 1786 2358 cervicis
1809 2323 2028 2365 hominibus,
2048 2323 2137 2358 nihil
2150 2329 2202 2360 est
2225 2324 2334 2367 aliud,
2350 2333 2458 2369 quam

1411 2384 1629 2419 vindicando
1651 2384 1776 2419 adesse
1814 2390 1921 2428 atque
1953 2385 2146 2429 puniendo.
2184 2384 2287 2420 Unde
2315 2395 2397 2422 cum
2415 2393 2460 2420 eo

1410 2445 1517 2480 modo
1541 2445 1643 2480 malis
1662 2455 1733 2480 non
1767 2445 1879 2487 adest,
1911 2446 2090 2489 parcendo
2124 2444 2225 2488 facit,
2246 2456 2317 2490 quo
2350 2446 2461 2491 perti-

1411 2511 1471 2541 net
1491 2505 1577 2540 illud
1595 2506 1689 2550 quod
1705 2505 1836 2540 dicitur
1857 2518 1864 2539 :
1884 2505 2006 2541 Averte
2027 2506 2153 2551 faciem
2183 2512 2277 2540 tuam
2298 2518 2318 2541 a
2337 2517 2460 2552 pecca-

1410 2566 1454 2601 tis
1468 2566 1551 2600 meis
1569 2565 1682 2612 (Psal.
1702 2566 1736 2614 L)
1757 2578 1764 2601 :
1791 2566 1874 2611 quia
1893 2567 1921 2601 si
1937 2576 2008 2601 non
2034 2566 2176 2608 avertit,
2196 2566 2336 2601 evertit.
2360 2565 2461 2602 Sicut

1411 2627 1506 2662 enim
1525 2627 1602 2662 ssuit
1627 2638 1710 2663 cera
1728 2639 1748 2662 3
1770 2628 1860 2663 facie
1881 2628 1986 2674 ignis,
2009 2629 2060 2664 sic
2082 2633 2233 2673 pereant
2251 2636 2461 2675 peccatores

1411 2699 1431 2723 a
1449 2687 1540 2723 facie
1562 2689 1638 2724 Dei.
1661 2687 1815 2723 Audiens
1843 2694 1958 2723 (eutem
1978 2688 2126 2735 populus
2146 2699 2337 2725 sermonem
2367 2690 2460 2725 hunc

1410 2749 1610 2792 pessimum,
1632 2748 1735 2791 luxit,
1761 2755 1791 2783 et
1812 2748 1929 2783 nullus
1952 2759 1995 2783 er
2013 2759 2108 2784 more
2140 2749 2284 2784 indutus
2299 2755 2347 2785 est
2364 2749 2460 2784 culm

1410 2819 1487 2842 sao.
1510 2808 1711 2843 Pessimum
1748 2818 1950 2843 sermonem
1984 2809 2071 2845 dicit
2107 2810 2250 2846 audisse
2267 2811 2457 2857 populum,
2514 2806 2515 2810 ¹

1412 2868 1479 2903 hoc
1498 2873 1564 2908 est,
1586 2868 1872 2904 crudelissimum
1906 2875 2013 2914 atque
2047 2871 2335 2906 moestissimum.
2357 2871 2459 2915 Quod

1413 2927 1508 2961 enim
1526 2925 1639 2970 majus
1661 2927 1764 2962 alicui
1782 2934 1898 2972 potest
1927 2931 2091 2974 praestari
2109 2931 2334 2974 beneficium,
2351 2941 2461 2976 quam

1415 2984 1480 3020 Dei
1499 2985 1649 3031 gratiam
1664 2986 1796 3022 habere
1811 2994 2038 3032 praesentem,
2060 3000 2102 3026 30
2119 2992 2340 3027 conditorem
2356 2998 2460 3026 suum

1417 3056 1611 3092 agnoscere
1633 3047 1699 3083 sibi
1720 3057 1799 3084 esse
1818 3050 2012 3094 propitium
2027 3051 2044 3086 ⁴?
2060 3050 2133 3087 Aut
2157 3053 2251 3098 quod
2271 3049 2386 3096 majus
2405 3055 2462 3086 est

1416 3106 1624 3150 discrimen,
1643 3119 1750 3153 quam
1769 3111 1928 3146 auctoris
1945 3110 2093 3148 sufferre
2111 3113 2228 3148 iram?
2245 3111 2340 3148 Nihil
2352 3111 2462 3148 babet

1415 3168 1512 3210 boni,
1524 3169 1582 3213 qui
1603 3171 1775 3206 creatoris
1786 3171 1841 3206 sni
1857 3172 1992 3207 carebit
2005 3174 2121 3219 gratia
2137 3180 2242 3220 atque
2254 3175 2459 3222 presentat

1417 3226 1579 3272 Dixitque
1621 3227 1789 3263 Dominus
1830 3229 1875 3263 ad
1916 3229 2089 3276 Moysen:
2113 3232 2270 3280 Loquere
2302 3233 2459 3279 11111013-

1416 3281 1488 3315 raet
1511 3291 1522 3314 :
1549 3282 1707 3327 Populus
1732 3283 1831 3319 duroe
1849 3285 1988 3320 cervicis
2014 3297 2064 3329 es,
2081 3288 2186 3323 semet
2213 3290 2399 3325 ascendam
2422 3290 2462 3325 in

1417 3341 1529 3376 medio
1556 3342 1621 3383 tui,
1645 3348 1678 3377 et
1695 3342 1814 3378 delebo
1834 3349 1879 3378 te.
1903 3343 1978 3380 Hoc
1997 3350 2066 3388 est,
2084 3348 2180 3391 quod
2194 3353 2277 3384 ante
2290 3349 2403 3385 dixit:
2418 3349 2460 3385 ln

1418 3399 1476 3436 die
1520 3399 1668 3437 ultionis
1709 3401 1862 3437 visitabo
1899 3407 1936 3437 et
1973 3403 2042 3439 boe
2078 3409 2268 3449 peceatum
2305 3415 2430 3442 eorum
2448 3417 2459 3442 ε

1418 3459 1527 3496 semel
1547 3460 1645 3495 enim
1679 3460 1810 3496 dicitur
1848 3461 2042 3499 ascendere
2081 3462 2254 3500 Dominus
2285 3464 2322 3500 in
2341 3465 2475 3503 medio·

1417 3520 1650 3567 perfidorum,
1679 3526 1721 3558 ut
1747 3521 1863 3558 deleat
1879 3532 1964 3568 eos;
1989 3524 2073 3570 quia
2095 3526 2296 3563 certissime
2325 3531 2362 3563 et
2383 3526 2464 3571 cinq

1417 3581 1491 3617 una
1505 3581 1686 3619 dubietate
1703 3589 1866 3624 vennam
1883 3589 1932 3619 eu
1946 3584 2107 3630 §udicare
2119 3587 2212 3623 vivos
2223 3597 2266 3623 aa
2278 3591 2436 3624 mm
2457 3574 2465 3578 “

1413 3641 1524 3688 justis
1539 3642 1627 3680 (1310
1642 3642 1843 3688 praemium,
1876 3653 2069 3690 perennem
2091 3646 2256 3692 gloriam,
2271 3657 2320 3685 110
2346 3661 2417 3678 2:21
2451 3658 2468 3677 π

1418 3701 1776 3749 tantu-perpetuam
1796 3711 1956 3749 poenam.
1980 3704 2066 3742 ,111111
2092 3713 2184 3743 nunc
2207 3707 2342 3754 dapne
2366 3724 2370 3736 ,-
2390 3728 2394 3735 ι

1417 3767 1623 3818 (1111110010,
1642 3762 2139 3811 utmmqaidraotomufi.
2171 3763 2212 3802 111

1418 3832 1560 3870 quoque
1576 3822 1627 3860 ita
1643 3822 1786 3872 legitur,
1797 3823 1969 3871 Deponite
1986 3825 2098 3864 stolas
2113 3822 2358 3873 gloriarum-‘s‘-
2376 3840 2389 3856 2«
2430 3820 2457 3871 ζ
