2540 4016
294 221 366 262 519

287 366 333 394 ex
377 353 515 389 duabus
548 346 695 385 decimis
742 350 855 376 unum
898 349 1045 384 panem.
1093 337 1167 372 Nos
1220 342 1342 372 autem

286 424 466 454 mensurae
488 410 630 457 quidem
646 403 765 458 *ipsius
778 428 788 445 ‚
808 401 844 437 id
864 404 921 436 est
938 426 947 443 ‚
976 397 1188 435 substantiae
1209 407 1343 435 nomen

286 478 343 515 vel
365 476 539 513 rationem
558 462 862 511 comprehendere
880 465 943 497 aut
963 460 1128 496 invenire
1156 469 1229 496 non
1258 469 1343 507 pos-

286 548 410 577 sumus
427 547 435 570 :
453 531 664 570 confitentes
681 530 803 561 tamen
824 522 970 559 Patrem
989 527 1026 558 et
1040 521 1174 558 Filium
1192 549 1203 566 ,
1229 531 1342 557 unum

283 599 436 636 facimus
457 599 586 638 panem
608 597 654 622 ex
683 584 823 621 duabus
851 582 1016 627 decimis,
1049 593 1122 619 non
1163 587 1205 618 ut
1237 581 1343 629 panis

283 665 375 693 unus
395 663 440 688 ex
457 659 529 686 una
549 646 689 684 decima
709 643 788 687 fiat,
811 647 848 678 et
867 642 960 678 alius
988 652 1034 679 ex
1060 642 1131 678 alia
1148 668 1159 686 ,
1193 646 1234 677 ut
1271 641 1343 677 sint

250 727 254 732 ·
283 718 370 764 ipsae
396 713 475 749 duae
493 709 639 746 decimae
669 708 844 750 separatae
864 730 874 747 ‚
908 702 972 739 sed
1004 707 1044 738 ut
1063 703 1136 738 sint
1164 701 1243 738 duae
1263 701 1343 737 istae

250 762 264 806 ἶ
286 776 434 814 decimae
455 781 527 808 una
558 777 678 805 massa
710 771 746 801 et
779 774 873 801 unus
894 763 1013 810 panis.
1045 762 1234 807 Quomodo
1264 762 1344 798 duae

259 807 434 874 ³decimae
454 843 524 870 una
554 838 671 866 massa
703 827 768 862 sit?
800 826 884 872 quia
905 837 979 862 non
999 835 1129 872 separo
1159 825 1292 860 Filium
1324 835 1345 860 a

284 897 404 939 Patre,
437 903 503 929 nec
529 891 673 926 Patrem
693 897 713 922 a
731 887 823 923 Filio
843 897 852 921 ι
875 886 944 929 Qui
963 888 1056 922 enim
1074 885 1166 920 videt
1183 896 1237 920 me
1254 912 1264 928 ,
1287 884 1344 920 in-

285 959 363 1004 quit
382 983 390 999 ‚
413 954 500 990 videt
519 957 551 987 et
571 950 717 985 Patrem
739 949 861 996 (Joan.
887 947 978 996 xiv).
999 947 1109 983 Fiunt
1130 957 1216 994 ergo
1234 956 1345 993 panes

283 1014 412 1061 singuli
441 1022 485 1050 ex
513 1011 652 1047 duabus
670 1009 844 1053 decimis,
877 1014 914 1045 et
935 1013 1186 1055 proponuntur
1206 1008 1346 1043 duabus

282 1074 520 1123 positionibus
534 1099 544 1116 ,
565 1071 601 1108 id
617 1077 695 1115 est,
717 1071 857 1107 duobus
879 1069 1081 1106 ordinibus.
1106 1068 1144 1104 Si
1161 1068 1257 1104 enim
1274 1078 1346 1103 una

284 1136 412 1183 positio
430 1135 546 1176 fieret,
572 1131 744 1168 confusus
765 1136 801 1167 et
824 1131 1023 1177 permistus
1041 1135 1139 1166 esset
1157 1140 1279 1166 sermo
1302 1130 1347 1166 de

720 209 762 244 n.
789 202 959 243 mam
985 201 1133 240 ultum
1156 198 1370 238 Ancnmr.
1397 195 1606 237 uocuur.
1633 197 1828 242 OPERUM
1851 201 1973 240 PARS
1995 187 2033 240 1.'

287 293 460 346 pientiam
486 290 565 337 eius
586 285 767 325 Christum
790 289 863 315 non
887 278 1082 324 recipiunt,
1103 287 1176 312 non
1206 275 1347 311 faciunt
1362 274 1400 315 A
1414 275 1500 320 quia
1522 276 1732 314 immolatur
1756 277 1849 325 Deo,
1879 279 1944 317 sed
1967 279 2053 326 quia
2079 283 2116 316 et
2136 279 2293 326 multas,
2311 282 2406 319 sicut
2423 282 2479 321 di-

2404 205 2478 244 520

1414 342 1502 372 cunt
1518 337 1663 382 medici,
1678 345 1783 376 sanat
1797 341 1984 377 oculorum
2003 341 2250 387 aegritudines.
2271 340 2335 378 Sal
2353 353 2478 382 autem

1415 397 1664 442 apostolorum
1689 398 1893 436 doctrinam
1911 400 2111 448 significat,
2138 401 2183 438 ad
2198 411 2290 447 quos
2310 402 2445 441 dicitur
2466 417 2476 442 :

1418 456 1490 493 Vos
1509 458 1592 495 estis
1610 458 1664 494 sal
1684 465 1788 496 terroe
1808 459 1951 507 (Mattk.
1966 461 2018 510 v).
2035 463 2148 500 Recte
2167 468 2287 500 autem
2303 463 2340 500 in
2355 465 2480 502 multis

1413 518 1682 565 locis·mysticae
1702 529 1839 556 mensae
1855 521 1924 566 ipsi
1943 522 2095 568 apostoli
2115 527 2152 560 et
2173 524 2337 560 doctrina
2353 533 2480 562 eorum
2499 535 2502 540 ·

1413 583 1596 625 ponuntur
1612 605 1622 622 ‚
1643 579 1731 625 quia
1753 581 2056 626 quemadmodum
2073 583 2162 629 ipsis
2181 583 2357 623 Dominus
2372 612 2383 630 ,
2420 586 2476 624 sic
2503 586 2507 588 ’

1414 639 1483 686 ipsi
1508 640 1613 676 nobis
1631 640 1764 677 divinae
1782 650 1898 678 coenae
1920 643 2214 681 communionem
2237 647 2478 684 tradiderunt.

1414 699 1612 736 Duodecim
1630 710 1719 747 ergo
1734 711 1849 747 panes
1870 701 1907 737 in
1933 703 2322 750 mensa-tabernaculi,
2342 707 2479 745 duode-

1415 760 1487 796 cim
1505 765 1590 796 sunt
1604 760 1772 807 apostoli,
1796 767 1832 797 et
1850 771 1978 798 omnes
1998 763 2170 800 doctrinae
2186 764 2331 802 illorum
2349 775 2519 812 sequa-1:

1418 831 1479 857 ces
1499 821 1537 856 in
1562 821 1740 866 Ecclesia,
1766 822 1828 867 qui
1851 822 2023 868 quoniam
2042 834 2157 870 usque
2179 825 2225 862 ad
2252 836 2481 864 consumma-

1415 881 1553 917 tionem
1570 882 1691 918 saeculi
1710 883 1881 928 populum
1906 883 1972 920 Dei
1997 883 2178 921 alimoniis
2207 885 2310 921 verbi
2328 885 2482 922 reficere

1415 950 1488 976 non
1503 940 1687 985 desinunt,
1703 952 1816 988 panes
1829 943 2018 980 duodecim
2030 944 2287 990 propositionis
2296 955 2482 992 nunquam

2529 988 2540 1002 ·.¹'
2527 968 2540 977 ἢ
2524 830 2540 961 ,mflmfln'

1417 1002 1461 1037 dc
1485 1011 1611 1038 mensa
1641 1001 1783 1038 Domini
1803 1004 1990 1040 recedunt.
2017 1004 2063 1040 Et
2079 1005 2190 1041 ‚hene
2220 1005 2330 1042 iidem
2351 1016 2479 1054 panes,
2503 1051 2508 1055 ι
2531 1014 2534 1015 ’

1417 1072 1491 1099 non
1506 1063 1550 1099 de
1564 1062 1725 1109 qualibet
1742 1062 1876 1107 farina,
1897 1064 1962 1100 sed
1991 1064 2035 1100 de
2055 1065 2177 1101 simila
2195 1066 2276 1102 fieri
2289 1065 2478 1112 jubentur,
2527 1078 2540 1110 g-

1419 1124 1504 1171 quia
1534 1124 1707 1160 nimirum
1736 1125 1942 1171 quicunque
1971 1125 2052 1162 aliis
2077 1126 2230 1162 verbum
2265 1127 2350 1163 vitae
2373 1127 2482 1164 mini-

285 1198 390 1235 Patre
408 1207 450 1232 ac
472 1195 580 1239 Filio,
598 1205 695 1231 nunc
714 1199 835 1230 autem
850 1203 945 1229 unus
962 1192 1109 1238 quidem
1135 1198 1191 1228 est
1213 1191 1318 1238 panis
1334 1218 1344 1235 ‚
1364 1181 1396 1220 Β
1417 1191 1546 1230 strant,
1569 1187 1688 1233 primO
1721 1187 1818 1234 ipSOS
1852 1197 2001 1223 necesse
2033 1192 2090 1223 est
2122 1188 2299 1224 virtutum
2318 1187 2484 1235 frugibus

286 1270 356 1296 una
372 1259 464 1295 enim
484 1263 540 1294 est
570 1256 754 1300 voluntas,
774 1261 811 1294 et
835 1265 908 1291 una
937 1254 1154 1295 substantia,
1183 1255 1246 1290 sed
1269 1255 1348 1290 duze

287 1326 370 1357 sunt
379 1318 589 1365 positiones,
600 1318 637 1354 id
646 1322 714 1359 est,
730 1317 810 1353 duae
825 1325 1063 1361 personarum
1073 1314 1317 1360 proprietates
1334 1325 1343 1349 :

287 1379 386 1415 illum
407 1379 501 1414 enim
516 1377 662 1413 Patrem
680 1377 741 1422 qui
754 1386 825 1412 non
836 1376 883 1411 sit
897 1375 1024 1417 Filius,
1036 1379 1072 1410 et
1087 1375 1184 1409 hunc
1195 1374 1348 1409 dicimus

287 1438 415 1485 Filium
435 1439 495 1484 qui
518 1448 589 1474 non
609 1438 655 1473 sit
675 1437 796 1480 Pater,
815 1442 851 1472 et
871 1437 942 1472 hoc
958 1436 1067 1470 modo
1087 1436 1176 1470 duas
1190 1433 1349 1469 decimas

288 1499 325 1536 in
344 1510 414 1535 uno
430 1509 522 1546 pane
538 1509 738 1540 servamus,
765 1505 802 1533 et
835 1497 926 1532 duas
942 1495 1142 1542 positiones
1166 1500 1250 1529 ante
1276 1494 1348 1529 Do-

288 1560 424 1596 minum
442 1559 667 1606 profitemur.
689 1558 760 1594 Sed
787 1568 913 1593 revera
938 1556 1073 1602 magni,
1090 1561 1131 1591 ut
1147 1555 1196 1590 ita
1217 1555 1347 1598 dicam,

289 1621 473 1667 cujusdam
497 1620 670 1665 pictoris,
706 1624 741 1654 et
760 1618 863 1654 valde
889 1618 1039 1653 artificis
1059 1621 1135 1660 est,
1162 1616 1351 1661 diligenter

294 1681 384 1717 istas
399 1690 544 1716 servare
562 1689 766 1720 mensuras,
786 1685 821 1713 et
838 1679 887 1714 ita
904 1684 1107 1723 temperare
1125 1677 1168 1712 de
1189 1675 1295 1711 Patre
1316 1679 1352 1710 et

292 1740 386 1776 Filio
406 1749 631 1780 sermonem,
656 1738 876 1785 conjungere
897 1739 957 1774 ubi
979 1742 1137 1784 oportet,
1154 1742 1191 1773 et
1207 1746 1351 1772 rursum

293 1800 354 1836 ubi
385 1800 556 1845 competit
575 1810 760 1846 separare,
781 1805 819 1835 ut
841 1810 958 1845 neque
978 1800 1057 1835 ‹luae
1082 1807 1264 1834 mensurae
1283 1796 1350 1832 ali-

293 1861 438 1906 quando
459 1860 590 1902 desint,
607 1870 724 1906 neque
741 1871 901 1906 unquam
920 1871 993 1896 non
1014 1870 1107 1896 unus
1123 1860 1226 1905 panis
1248 1868 1353 1904 appa-

293 1926 383 1957 reat.
401 1921 595 1957 Duodecim
619 1931 704 1968 ergo
719 1932 832 1967 panes
858 1921 987 1956 exista
1013 1920 1130 1955 simila
1153 1919 1231 1955 fieri
1251 1929 1354 1953 man-

294 1983 436 2025 dantur,
450 1982 647 2018 secundum
661 1991 853 2017 numerum
865 1981 1026 2016 tribuum
1045 1990 1125 2025 quae
1146 1985 1233 2015 tunc
1250 1985 1353 2014 erant

295 2040 450 2077 carnalis
484 2041 595 2076 lsrael
619 2067 628 2082 ,
655 2041 691 2075 in
712 2050 783 2085 quo
812 2039 901 2074 mihi
924 2039 1066 2075 videtur
1093 2038 1209 2074 forma
1243 2039 1353 2075 totius

296 2105 434 2134 naturae
458 2100 685 2135 rationabilis
723 2099 901 2135 contineri
934 2111 941 2133 :
977 2099 1166 2135 duodecim
1198 2109 1355 2145 namque

298 2164 471 2204 putantur
501 2168 581 2194 esse
612 2158 796 2204 generales
825 2159 968 2194 ordines
990 2160 1215 2195 rationabilis
1252 2170 1355 2196 crea«

296 2223 401 2261 turae,
420 2228 573 2264 quorum
594 2218 709 2263 ligura
726 2223 805 2252 erat
822 2218 857 2252 in
879 2217 949 2253 illis
967 2218 1156 2254 duodecim
1176 2219 1355 2262 tribubus,

300 2279 337 2314 in
358 2278 489 2324 quibus
512 2284 591 2314 erat
620 2289 713 2314 unus
731 2279 878 2324 quidam
898 2279 987 2314 ordo
1006 2279 1150 2325 regalis,
1167 2280 1226 2324 qui
1246 2279 1357 2316 Judas

301 2338 509 2373 nominatur
527 2348 536 2380 ;
557 2337 648 2374 alius
669 2343 747 2374 erat
761 2339 849 2374 ordo
869 2339 1120 2382 sacerdotalis,
1137 2344 1173 2374 et
1193 2339 1277 2374 Levi
1301 2350 1359 2385 ap-

298 2396 479 2442 pellatur3
502 2402 579 2432 crat
597 2403 634 2433 et
659 2398 751 2434 alius
774 2398 865 2434 ordo
882 2397 983 2433 Judae
1011 2399 1165 2442 vicinus,
1187 2400 1247 2445 qui
1267 2399 1359 2436 Ben-

295 2455 409 2501 J'amin
435 2455 585 2498 dicitur,
613 2456 651 2491 in
677 2466 749 2502 quo
768 2458 894 2493 ordine
915 2458 1089 2503 templum
1108 2458 1171 2493 Dei
1191 2463 1226 2493 ct
1242 2458 1359 2496 altare

298 2514 511 2550 collocatum
534 2520 615 2558 est;
639 2515 730 2552 alius
759 2517 848 2552 ordo
866 2517 1048 2560 Issachar‚
1070 2523 1107 2553 et
1130 2517 1305 2562 Zabulon,
1322 2524 1359 2555 et

300 2575 484 2620 Ephraim,
503 2575 635 2620 a‘liique
649 2586 741 2621 quos
756 2576 971 2612 nominatim
990 2577 1154 2623 designat
1171 2577 1358 2624 Scriptura

299 2635 434 2678 divina,
459 2646 611 2681 quorum
636 2636 814 2671 rationem
849 2647 922 2672 non
959 2642 1014 2672 est
1048 2636 1155 2682 hujus
1186 2639 1358 2684 temporis

299 2697 493 2742 explicare.
526 2698 589 2733 Est
611 2704 752 2733 tantum
778 2697 1063 2744 uniuscujusque
1087 2699 1203 2735 tribus
1221 2699 1278 2735 vel
1296 2710 1358 2736 or-

301 2759 394 2796 dinis
411 2759 516 2805 panis
537 2765 619 2794 ante
643 2759 835 2796 Dominum
853 2787 862 2804 ,
881 2765 917 2795 et
933 2760 1019 2796 licet
1038 2760 1085 2796 sit
1101 2761 1223 2807 aliqua
1241 2761 1357 2798 tribus

302 2827 380 2863 quae
398 2828 469 2854 non
485 2829 530 2854 ex
550 2818 677 2862 libera,
697 2819 761 2855 sed
778 2829 823 2855 ex
847 2819 1050 2855 concubina
1072 2819 1183 2855 lsrael
1207 2821 1359 2857 descen-

300 2877 381 2921 dat,
401 2883 436 2914 et
457 2889 502 2914 ex
526 2884 630 2925 parte
654 2879 780 2922 libera,
804 2888 849 2914 cx
873 2884 978 2925 parte
997 2879 1139 2915 servilis
1156 2879 1216 2923 sit,
1236 2885 1358 2917 tamen

297 2952 363 2987 pro
392 2942 558 2978 omnibus
590 2953 635 2978 ex
670 2943 810 2980 duabus
840 2943 992 2980 decimis
1016 2943 1122 2990 panis
1144 2944 1358 2989 proponitur

300 3007 383 3038 ante
400 3002 603 3047 Dominum,
622 3009 658 3040 et
674 3005 712 3040 in
728 3005 909 3042 universis
926 3006 1005 3042 duae
1021 3004 1168 3041 decimae
1186 3004 1360 3051 similagi-

301 3063 357 3099 nis
374 3067 556 3099 constant.
571 3064 725 3111 Proponi
737 3071 858 3102 autem
874 3066 1048 3113 jubentur
1064 3071 1148 3101 ante
1165 3065 1359 3101 Dominum

300 3133 409 3169 super
426 3134 589 3161 mensam
609 3126 796 3162 mundam.
818 3127 907 3172 Quis
938 3132 994 3163 est
1028 3131 1193 3163 nostrum
1220 3126 1281 3173 qui
1307 3126 1359 3162 ita

299 3183 429 3219 habeat
443 3194 606 3221 mensam
618 3187 805 3231 mundam,
815 3192 856 3223 ut
870 3197 983 3234 panes
999 3196 1108 3232 super
1115 3196 1196 3222 eam
1204 3187 1358 3223 Domino

299 3243 520 3281 offerantur?
552 3246 592 3282 In
611 3246 715 3284 istius
733 3248 855 3291 corde,
878 3248 915 3283 in
934 3247 1042 3284 istius
1060 3253 1181 3283 mente
1202 3245 1357 3283 Domino

298 3315 408 3351 panes
431 3306 643 3344 offeruntur.
662 3308 718 3344 Ad
749 3308 856 3354 hujus
884 3308 1044 3355 potentis
1072 3318 1235 3345 mensam
1254 3307 1285 3345 si
1300 3318 1358 3345 se-

301 3366 386 3402 deas
404 3374 614 3405 coenaturus
639 3368 932 3416 intelligibiliter,
951 3368 1112 3416 intellige
1144 3378 1224 3415 quae
1247 3377 1357 3416 appo-

300 3430 434 3461 nuntur
452 3427 517 3464 tibi
531 3427 653 3476 (Prov.
671 3427 794 3477 xxm),
813 3428 884 3466 hoc
901 3434 957 3465 est
976 3428 1190 3476 spiritaliter
1210 3430 1358 3468 adverte

301 3493 381 3529 quae
408 3485 573 3523 dicuntur
591 3490 637 3525 ab
654 3499 698 3526 eo
709 3517 719 3534 ‚
739 3494 780 3526 ut
796 3494 834 3526 et
851 3494 891 3526 tu
913 3490 1035 3527 facere
1048 3491 1165 3538 possis
1179 3491 1276 3537 quod
1294 3490 1358 3527 ad-

303 3541 413 3578 ditur.
443 3544 503 3580 Ait
534 3548 629 3584 enim
648 3561 658 3585 ι
678 3549 806 3587 Sciens
825 3551 910 3598 quia
931 3550 1018 3588 talia
1041 3557 1078 3588 te
1097 3557 1241 3599 oportet
1265 3562 1359 3600 prae-

302 3611 448 3647 parare.
475 3604 590 3652 Super
604 3609 685 3654 hos,
704 3612 783 3647 thus
801 3611 1058 3648 lucidissimum
1083 3614 1244 3661 ponitur,
1267 3615 1358 3660 sive,

301 3667 343 3698 ut
357 3661 605 3711 Septuaginta,
621 3669 726 3705 etiam
742 3670 810 3714 sal,
829 3671 894 3708 sed
911 3673 996 3709 thus
1012 3674 1137 3720 prius;
1158 3675 1358 3721 gratiarum

304 3723 400 3758 enim
419 3726 613 3772 actionem,
628 3729 666 3765 id
677 3735 746 3774 est,
762 3730 995 3777 oblationem,
1017 3744 1097 3780 quae
1114 3735 1358 3783 principatum

306 3786 404 3841 tenet
419 3784 456 3822 in
475 3786 664 3847 Dominica
680 3799 784 3828 coena
803 3792 984 3837 significat
1005 3794 1088 3832 thus
1105 3822 1116 3841 ‚
1151 3805 1225 3835 non
1241 3797 1358 3835 solum

1416 1245 1668 1292 operam'dare
1684 1273 1693 1290 ,
1715 1253 1897 1293 quatenus
1922 1257 1965 1283 ea
1990 1257 2070 1293 quae
2096 1247 2328 1293 praedicando
2357 1248 2483 1286 admo-

1416 1312 1518 1350 nent,
1534 1307 1643 1343 etiam
1661 1306 1826 1343 faciendo
1847 1308 2115 1343 commendent.
2131 1307 2228 1343 Bene
2244 1307 2354 1344 etiam
2371 1307 2482 1345 iidem

1416 1378 1529 1414 panes
1560 1368 1638 1404 seni
1668 1368 1883 1404 altrinsecus
1902 1378 2010 1414 super
2021 1374 2191 1404 ‘mensam
2215 1368 2325 1404 statui
2354 1368 2483 1414 praeci-

1417 1430 1592 1475 piuntur,
1619 1435 1769 1475 propter
1802 1430 2033 1465 concordiam
2064 1430 2205 1466 scilicet
2236 1429 2426 1466 charitatis
2447 1435 2485 1466 et

1418 1489 1629 1531 societatis3
1652 1499 1735 1524 nam
1756 1494 1793 1524 et
1810 1488 1984 1524 Dominus
2016 1489 2121 1525 binos
2148 1490 2192 1525 ad
2209 1491 2482 1536 praedicandum
2532 1505 2540 1507 -

1419 1548 1614 1595 discipulos
1648 1549 1792 1584 misisse
1810 1548 2024 1595 perhibetur
2040 1576 2049 1593 ,
2074 1549 2276 1596 figuraliter
2294 1550 2484 1588 insinuans
2534 1574 2540 1577 <

1419 1609 1504 1654 quia
1527 1609 1645 1645 sancti
1667 1611 1834 1645 doctores
1848 1651 1850 1653 ,
1863 1620 2047 1655 nunquam
2083 1610 2128 1646 ab
2155 1611 2312 1647 invicem
2347 1612 2406 1648 vel
2443 1612 2481 1648 in

1420 1656 1624 1706 assertione
1643 1671 1824 1714 veritatis,
1842 1671 1899 1706 vel
1916 1672 1952 1707 in
1969 1671 2100 1708 affectu
2125 1671 2329 1710 dilectionis
2347 1673 2483 1711 discre-

1419 1736 1520 1778 pant.
1542 1732 1587 1767 Et
1601 1732 1680 1767 thus
1706 1731 1962 1767 lucidissimum
1993 1742 2102 1778 super
2121 1743 2233 1779 panes
2250 1735 2399 1780 ponitur
2415 1763 2424 1779 ‚
2446 1735 2483 1772 in

1420 1796 1683 1832 monimentum
1710 1796 1905 1832 oblationis
1935 1795 2102 1838 Domini,
2137 1799 2282 1843 quando
2308 1798 2376 1843 piae
2396 1808 2483 1834 san-

1423 1863 1564 1894 ctoruin
1583 1858 1718 1894 actioni
1736 1869 1778 1894 ac
1791 1859 1965 1895 doctrinae
1981 1861 2099 1897 oratio
2113 1870 2204 1906 pure
2215 1860 2483 1906 superadditur,

1421 1930 1492 1965 quo
1515 1930 1580 1965 per
1600 1920 1678 1955 haec
1697 1925 1851 1965 utraque
1878 1921 1948 1956 rite
1967 1921 2103 1957 sociata
2117 1948 2126 1965 ,
2148 1931 2291 1967 semper
2310 1921 2484 1957 memoria

1421 1990 1535 2016 sacrae
1553 1980 1745 2017 oblationis
1779 1981 1816 2017 in
1837 1989 2034 2027 conspectu
2061 1983 2193 2019 summi
2220 1982 2348 2018 arbitri
2377 1993 2487 2029 appa-

1423 2045 1514 2076 reat.
1550 2039 1646 2076 Bene
1671 2047 1791 2076 autem
1812 2051 1878 2087 per
1897 2042 2036 2089 singula
2056 2043 2203 2079 sabbata
2224 2053 2336 2089 panes
2364 2053 2486 2080 coram

1425 2099 1578 2136 Domino
1596 2101 1730 2137 mutari
1747 2103 1992 2138 mandantur:
2016 2105 2130 2149 panes
2160 2113 2317 2149 namque
2334 2114 2400 2150 per
2423 2114 2487 2141 sex

1425 2159 1692 2205 diesofperando
1703 2162 1738 2198 in
1750 2173 1875 2199 mensa
1886 2162 2028 2199 Domini
2036 2162 2180 2199 fuerant
2190 2163 2296 2210 positi
2308 2175 2318 2207 3
2332 2164 2483 2201 sabbato

1424 2219 1527 2254 novis
1537 2226 1736 2266 mutantur,
1750 2233 1833 2259 cum
1841 2224 2008 2260 doctores
2018 2224 2151 2270 quique
2161 2231 2295 2261 sanctae
2303 2224 2485 2269 Ecclesiae,

1427 2279 1605 2325 completo
1625 2286 1787 2328 tempore
1806 2285 1860 2320 sui
1880 2284 1997 2321 sancti
2015 2284 2162 2328 laboris,
2186 2291 2322 2322 aeterna
2336 2285 2371 2321 in
2388 2285 2489 2323 coelis

1426 2339 1548 2384 quiete
1568 2350 1861 2388 remunerantur,
1871 2351 1907 2381 et
1917 2346 2005 2382 alios
2015 2352 2098 2392 post
2117 2357 2156 2383 se
2171 2347 2208 2383 in
2225 2347 2319 2383 idem
2341 2356 2430 2393 opus
2439 2346 2490 2382 la-

1425 2399 1578 2436 borandi
1598 2402 1635 2437 in
1647 2404 1758 2440 verbo
1774 2406 1840 2440 sub
1859 2405 2018 2449 ejusdem
2034 2417 2096 2451 spe
2111 2407 2362 2443 retributionis
2378 2407 2489 2443 relin-

1426 2469 1552 2508 quunt.
1570 2464 1826 2510 coquebantur
1841 2473 1962 2502 autem
1978 2477 2089 2512 panes
2109 2472 2193 2503 ante
2207 2468 2398 2502 sabbatum
2418 2494 2426 2510 ,
2447 2472 2488 2503 ut

1425 2523 1603 2571 Josephus
1618 2526 1756 2569 scribit,
1767 2527 1837 2562 duo
1852 2532 1888 2562 et
1899 2527 1969 2563 duo
1985 2527 2128 2563 dlvisim
2143 2532 2225 2562 ante
2234 2527 2490 2571 sabbatum,et

1427 2585 1578 2622 sabbato
1597 2595 1704 2622 mane
1717 2587 1830 2622 oblati
1847 2597 1956 2632 super
1975 2597 2117 2623 sacram
2127 2597 2290 2623 mensam
2305 2587 2490 2633 poneban-

1427 2650 1485 2680 tur
1496 2645 1587 2687 seni‚
1603 2650 1648 2680 ad
1659 2645 1852 2681 alterutros
1875 2646 2055 2689 conversi,
2072 2646 2211 2682 duabus
2222 2647 2360 2692 pateris
2370 2647 2503 2686 aureis.

1428 2704 1669 2751 superpositis
1685 2705 1793 2742 thure
1810 2705 1942 2752 plenis,
1963 2717 2043 2752 quae
2057 2708 2321 2752 permanebant
2332 2709 2377 2745 ad
2392 2708 2491 2745 aliud

1428 2768 1633 2811 sabbatum,
1656 2773 1692 2803 et
1712 2773 1798 2804 tunc
1820 2778 1886 2814 pro
1914 2768 1984 2804 illis
2007 2768 2069 2804 alii
2090 2769 2375 2815 deportabantur
2394 2780 2404 2812 ;
2434 2768 2487 2805 illi

1426 2837 1514 2864 vero
1547 2827 1796 2863 sacerdotibus
1828 2828 2093 2865 exhibebantur
2110 2856 2120 2872 ‚
2143 2833 2180 2864 et
2200 2828 2307 2865 thure
2338 2829 2489 2866 incenso

1428 2889 1464 2924 in
1500 2889 1583 2935 igne
1609 2898 1714 2924 sacro
1746 2889 1783 2924 in
1818 2899 1890 2935 quo
1922 2889 2043 2925 omnia
2077 2889 2290 2926 holocausta
2323 2888 2489 2934 fiebant,
2534 2938 2540 2939 ἶ

1374 2968 1412 3008 D
1429 2947 1525 2983 aliud
1545 2947 1629 2983 thus
1649 2957 1758 2994 super
1785 2948 1875 2984 alios
1908 2959 2021 2995 panes
2042 2948 2296 2994 adjiciebatur.
2321 2948 2489 2995 Impone-

1428 3007 1560 3043 bantur
1582 3017 1669 3054 ergo
1700 3018 1811 3054 panes
1846 3009 1998 3045 sabbato
2024 3009 2062 3046 in
2089 3019 2213 3045 mensa
2239 3009 2409 3053 Domini,
2445 3018 2488 3045 ea
2523 3011 2540 3053 f

1427 3068 1554 3113 utique
1584 3068 1784 3105 intentione
1813 3070 2042 3115 ponentium,
2061 3075 2103 3106 ut
2122 3075 2307 3106 transacto
2336 3069 2489 3107 sabbato

1428 3127 1563 3165 ibidem
1579 3137 1645 3174 per
1659 3135 1796 3175 septem
1814 3130 1988 3176 operandi
2003 3131 2081 3167 dies
2097 3135 2302 3175 manerent,
2323 3130 2381 3167 his
2399 3140 2489 3176 quo·

1428 3199 1498 3236 que
1527 3190 1775 3234 transmissis,
1797 3190 1912 3226 altero
1942 3191 2222 3237 superveniente
2255 3190 2420 3235 sabbato,
2450 3191 2489 3227 in
2528 3192 2540 3238 ξ

1429 3249 1666 3286 refectionem
1687 3251 1819 3286 summi
1840 3251 2039 3286 sacerdotis
2058 3257 2095 3287 et
2119 3251 2276 3288 filiorum
2296 3250 2372 3297 ejus
2402 3260 2488 3288 con·
2508 3268 2540 3328 ‘G

1430 3312 1702 3344 summarentur
1717 3319 1726 3344 ε
1743 3309 1828 3355 quia
1845 3308 2017 3345 nimirum
2029 3311 2066 3345 in
2074 3311 2275 3356 primordio
2291 3311 2396 3348 nohis
2411 3310 2488 3348 Deo

1430 3369 1569 3405 devotae
1599 3369 1888 3405 conversationis
1920 3370 2129 3416 accipienda
2163 3372 2322 3416 requies,
2345 3377 2384 3408 et
2412 3373 2516 3451 vita*

1429 3434 1566 3466 aeterna
1593 3428 1820 3475 promittitur
1835 3455 1845 3472 ,
1871 3438 1915 3466 ea
1935 3434 2057 3466 tamen
2076 3430 2286 3467 conditione
2304 3458 2315 3475 ‚
2348 3436 2388 3467 ut
2423 3429 2504 3479 per'

1428 3490 1573 3528 labores
1589 3494 1626 3527 et
1641 3499 1751 3536 opera
1769 3489 1874 3526 bonae
1889 3490 1972 3527 vitae
1989 3491 2198 3537 temporalis
2223 3493 2268 3529 ad
2296 3503 2377 3529 eam
2406 3479 2515 3540 per-t⁴

1426 3552 1566 3600 tingere
1598 3552 1805 3589 debeamus.
1826 3551 1898 3599 (Ex
1917 3551 2123 3602 Hesychio.)
2145 3554 2342 3604 Solumque
2364 3556 2488 3594 Aaron

1426 3617 1464 3649 et
1495 3611 1591 3648 filios
1623 3609 1702 3656 eius
1732 3609 1840 3656 hujus
1867 3610 1940 3647 cibi
1969 3621 2050 3648 esse
2069 3613 2266 3661 participes
2284 3614 2485 3663 praecepit,

1427 3674 1619 3711 comedere
1636 3683 1710 3710 non
1729 3673 1878 3719 ubique,
1897 3673 1960 3710 sed
1979 3673 2016 3710 in
2035 3674 2116 3712 loco
2139 3682 2286 3720 sancto;
2303 3675 2351 3713 sit
2364 3685 2409 3712 au

1427 3735 1532 3773 nohis
1548 3734 1650 3771 locus
1664 3739 1832 3778 sanctus,
1854 3734 1957 3781 prius
1977 3735 2124 3782 quidem
2146 3737 2228 3774 aula
2246 3736 2335 3782 Dei,
2354 3735 2440 3773 dein

1427 3800 1554 3835 nostra
1573 3803 1743 3842 corpora,
1761 3794 1907 3845 quando
1924 3801 2010 3833 sunt
2025 3806 2045 3832 a
2060 3797 2320 3844 pollutionibus
2333 3795 2483 3843 munda,
