2540 4016
310 175 381 216 82⁷

735 174 776 212 B.
803 174 975 214 RABANI
999 177 1149 216 MAURI
1172 179 1390 219 ARCHIEP.
1415 181 1622 224 MOGUNT.
1648 186 1838 235 OPERUM
1861 189 1982 231 PARS
2004 191 2033 232 1.

2406 201 2477 245 828

309 251 405 288 fluvii
439 248 608 286 ,Iordanis
641 251 821 299 profunda
858 253 1093 291 transierunt.
1127 254 1238 292 Fiunt
1274 266 1362 303 ergo
1379 258 1500 301 Adite
1533 268 1674 300 cunctos
1709 265 1920 302 habitatores
1950 268 2100 313 regionis
2136 269 2245 308 illius.
2281 273 2411 314 Vitutoz
2444 286 2478 317 ει

307 319 432 347 omnes
463 310 670 348 mansiones
698 313 807 358 primi
835 315 936 358 3331,
955 316 1158 352 duodecim.
1190 315 1362 363 Secundi,

306 369 433 418 viginti
453 380 536 407 una.
559 370 684 408 Ultimi
700 398 710 416 ,
726 378 763 409 et
781 373 850 420 ipsi
867 375 1039 411 vicesima
1054 375 1171 421 prima
1185 403 1195 421 ‚
1212 387 1291 424 quoe
1309 385 1367 415 est

306 432 439 476 Cades;
459 437 496 468 et
510 432 590 468 aliae
613 442 757 477 novem,
777 434 812 468 id
828 442 898 478 cst,
923 435 1031 471 simul
1059 446 1185 474 omnes
1205 439 1362 486 quadra-

305 494 401 540 ginta
418 492 508 529 duae.
520 493 572 530 lbi
585 493 791 539 diligentius
805 494 1028 540 intuendum,
1040 508 1153 544 quare
1161 498 1359 546 legislator,

304 558 405 589 tanta
433 553 582 590 solertia
602 553 713 590 trium
746 564 925 591 annorum
946 557 1153 604 conscripto
1183 560 1359 607 catalogo,

304 615 463 661 reliquas
500 615 670 652 maluerit
702 617 889 662 praeterire
930 619 1074 655 silentio
1090 647 1100 664 ,
1121 621 1171 657 ita
1198 627 1237 657 ut
1263 627 1362 658 13310

305 681 487 722 tempore,
517 676 615 712 nullo
651 677 773 723 potius
804 679 1017 715 saeculorum
1049 682 1163 727 spatio
1192 682 1359 718 distincta

304 737 530 772 mansionum
563 737 640 773 loca
658 764 667 781 ,
694 737 760 774 sub
787 744 888 775 textu
917 741 1097 777 continuae
1126 743 1358 786 narrationis,

303 798 407 843 quasi
426 808 506 833 mox
519 797 586 834 sibi
601 798 755 835 invicem
771 799 1000 837 succedentia
1011 807 1214 838 connectat.
1234 802 1361 848 Eqres-

305 856 401 903 sique
436 858 478 893 cte
510 857 666 901 Ebrona,
698 861 935 896 castrametati
955 868 1036 897 sunt
1062 862 1099 898 in
1131 863 1358 909 Asionqaber.

302 916 391 952 Inde
409 917 554 963 profecti
567 926 730 955 venerant
747 921 783 955 in
803 920 973 956 desertum
990 921 1064 964 Sin,
1083 923 1146 958 1100
1164 930 1213 958 est
1233 922 1357 958 Gades.

304 975 512 1024 Egressique
541 978 583 1015 de
603 977 730 1023 Cacles,
746 982 983 1016 castrametati
1001 988 1080 1016 sant
1095 982 1131 1016 in
1148 989 1264 1018 monte
1283 982 1378 1038 Hor·

302 1037 427 1090 (lyam.
448 1040 518 1086 111).
551 1038 639 1075 Cum
665 1041 851 1086 superiora
875 1042 1062 1077 sollicitius
1090 1042 1274 1087 inquisita,
1297 1043 1360 1078 do-

302 1104 407 1134 ceant
426 1109 486 1134 eos
506 1100 663 1135 seeundo
682 1110 755 1136 suae
777 1101 1011 1147 profectionis
1031 1112 1137 1145 anno,
1165 1103 1209 1139 de
1227 1101 1357 1139 Asion-

1430 327 1565 359 statuas
1580 324 1813 368 comminuite,
1831 332 1935 373 atque
1947 326 2084 364 excelsa
2104 335 2250 377 vastate,
2271 333 2488 386 mundantes,

1430 389 1559 420 terram
1587 392 1620 420 et
1652 386 1848 421 habitantes
1866 386 1905 421 in
1918 398 1960 422 ea
1976 395 1988 421 .·
2005 399 2067 435 eqo
2083 391 2175 427 enim
2192 392 2275 430 dedi
2289 396 2382 434 vobis
2401 402 2492 436 eam*

1429 443 1466 479 in
1490 445 1740 490 possessionem
1754 471 1764 487 ‚
1784 456 1888 492 quam
1906 446 2063 486 dividetis
2079 451 2172 488 vobis
2186 460 2291 492 sorte.
2312 454 2480 496 Pluribus

1429 500 1558 537 dabitis
1588 502 1762 546 latiorem,
1795 509 1827 539 et
1853 507 1974 552 paucis
1996 511 2244 557 anqustiorem.
2267 514 2424 563 sinqutis
2442 526 2480 557 ut

1429 572 1504 598 sors
1519 562 1700 605 ceciderit,
1721 563 1771 598 ita
1789 563 1973 602 hoereditas
2006 569 2190 607 tribuetur.
2222 572 2294 610 Per
2321 577 2430 615 tribus
2448 586 2480 616 et

1429 619 1583 666 familias
1603 623 1771 667 possessio
1800 623 1985 662 dividetur.
2009 629 2101 674 Quid
2120 637 2174 669 est
2194 635 2289 680 quod
2307 634 2481 678 Dominus

1423 678 1526 724 jubet
1548 681 1719 719 Israelitis
1738 689 1778 720 ut
1797 687 1940 732 quaudo
1961 690 2170 729 transierint
2193 692 2401 743 Jordanem,
2422 700 2480 736 in-
2514 716 2519 723 ·

1427 745 1565 777 trantes
1583 747 1718 779 terram
1740 744 1924 792 Chanaan,
1947 749 2155 796 disperdant
2176 761 2325 794 cunctos
2340 758 2480 796 habita-

1426 808 1525 839 tores
1549 804 1706 850 regionis
1734 806 1850 851 illius,
1875 814 1912 844 et
1936 811 2167 860 confringant
2199 817 2331 855 vitulos
2369 825 2479 867 atque

1426 866 1547 901 omnia
1570 867 1713 903 excelsa
1736 874 1906 914 vastent,
1941 873 2154 912 mundantes
2176 882 2308 915 terram
2332 880 2478 918 habita-

1427 925 1535 960 tionis
1565 936 1649 967 suac‚
1673 929 1741 963 nisi
1761 935 1800 965 ut
1820 938 1901 976 post
1921 933 2091 980 baptismi
2116 942 2384 987 perceptionem
2408 950 2482 981 stu-

1427 984 1574 1020 deamus
1594 988 1784 1034 omnigena
1807 991 1976 1029 vitiorum
1998 997 2139 1042 agmina
2165 1000 2209 1036 de
2230 1011 2339 1039 carne
2356 1009 2481 1040 nostra

1426 1046 1627 1091 exstirpare
1645 1075 1654 1091 ‚
1674 1051 1890 1088 mundantes
1924 1060 2057 1092 terram
2075 1060 2195 1097 cordis
2215 1064 2331 1099 nostri
2359 1072 2482 1112 quate-

1426 1118 1508 1151 nus,
1531 1120 1681 1146 munere
1701 1111 1877 1149 virtutum
1899 1115 2002 1152 ditati
2020 1145 2028 1160 ‚
2064 1120 2256 1159 salubriter
2274 1124 2311 1160 in
2331 1136 2373 1162 ea
2392 1137 2480 1163 con-

301 1158 409 1204 gaber
426 1161 566 1196 venisse
581 1162 616 1196 iu
635 1161 763 1205 Gades,
781 1168 817 1198 et
832 1169 913 1208 post
927 1164 1051 1210 longos
1070 1164 1213 1210 triginta
1230 1171 1265 1201 ct
1278 1171 1359 1201 octo
1379 1159 1409 1198 Β
1429 1171 1638 1206 versemur?
1653 1171 1847 1208 Jordanem
1865 1185 1951 1221 ergo
1972 1180 2127 1223 transiit,
2155 1183 2217 1227 qui
2238 1184 2390 1221 crimina
2408 1188 2483 1223 cul·
2531 1170 2540 1234 1

301 1227 477 1254 annorum
506 1219 705 1264 anfractus,
725 1222 768 1257 110
794 1224 946 1269 repetita
974 1225 1118 1259 taudem
1144 1225 1269 1261 eadem
1287 1225 1357 1262 Ca-

301 1277 375 1319 des,
406 1280 548 1316 venisse
569 1281 605 1315 in
631 1286 791 1317 montem
815 1282 902 1325 Hor,
924 1293 1150 1329 nequaquam
1182 1285 1251 1321 hoc
1282 1285 1358 1320 sru-

301 1345 389 1383 stra,
401 1342 463 1375 sed
483 1341 603 1387 magni
618 1342 778 1387 mysterii
800 1343 914 1386 gratia
930 1344 1050 1379 taliter
1066 1350 1185 1379 actum
1199 1345 1359 1380 conscri-

297 1404 401 1445 ptum
418 1399 589 1446 intellige.
610 1400 691 1442 Ubi,
712 1401 809 1437 salvo
830 1403 1017 1438 subtiliore
1035 1410 1204 1447 tractatu,
1233 1414 1356 1439 mora-

297 1459 380 1495 liter
397 1466 484 1506 puto
515 1462 741 1496 sentiendum
772 1463 867 1506 quod
900 1463 984 1508 quia
1008 1464 1237 1499 mansionum
1273 1474 1357 1499 con-

301 1523 417 1554 textus
438 1521 646 1556 carumdem
667 1521 785 1566 quide
809 1523 983 1558 servitute
1000 1523 1170 1570 AEgyptia
1186 1525 1357 1561 liberatos

298 1579 342 1614 ad
379 1584 511 1614 terram
555 1582 847 1627 repromissionis
882 1583 1061 1628 provehit,
1100 1583 1193 1618 sicut
1230 1584 1355 1620 beatus

298 1638 537 1686 Hieronymus
572 1640 663 1677 libro
688 1652 796 1688 super
824 1643 877 1678 eis
897 1642 1032 1678 dictato
1052 1644 1273 1680 enucleatius
1294 1656 1355 1680 ex-

297 1702 397 1744 ponit
415 1713 422 1736 :
449 1701 632 1748 Altipctax
650 1709 704 1739 cst
722 1704 938 1750 spiritalium
965 1706 1129 1742 ascensio
1151 1707 1324 1743 virtutum
1343 1720 1351 1743 ε

296 1762 426 1807 quibus
459 1763 629 1800 Ecclesiae
648 1764 795 1808 Christi,
829 1767 958 1811 quibus
976 1778 1202 1814 unaquaeque
1234 1769 1353 1806 anima

297 1821 422 1863 fidelis,
456 1833 518 1868 spe
542 1822 718 1860 libertatis
739 1831 938 1872 assumpta,
958 1837 978 1862 a
997 1827 1158 1863 convalle
1178 1827 1354 1875 lacryma-

298 1891 375 1917 rum
398 1883 441 1917 ad
461 1883 673 1930 dispositum
689 1885 756 1922 sibi
773 1885 905 1931 locum,
931 1887 1000 1924 hoc
1025 1894 1080 1924 cst
1099 1888 1142 1924 ad
1160 1888 1352 1928 videndum

295 1943 407 1979 Deum
437 1944 585 1981 deorum
604 1946 640 1982 in
661 1946 746 1983 Sion
779 1946 943 1991 festinat,
976 1949 1107 1995 satagit
1140 1949 1348 1994 ascendere,

295 2002 407 2039 donec
423 2003 519 2040 salvo
536 2005 650 2041 nostri
665 2006 748 2042 boni
766 2007 885 2052 operis
903 2007 1056 2050 incessu,
1074 2008 1281 2054 proficimus
1306 2011 1349 2046 dc

293 2062 426 2099 virtute
443 2064 479 2099 in
500 2065 686 2108 virtutem,
702 2067 803 2111 quasi
824 2068 984 2112 quaedam
1000 2074 1118 2104 castra
1132 2070 1352 2107 mansiones·
1369 2053 1398 2094 C

295 2132 363 2167 que
388 2123 461 2158 Deo
483 2124 571 2159 duce
604 2126 846 2170 rectissimas,
876 2127 939 2162 Dci
967 2135 1162 2174 conspectu
1187 2131 1352 2177 dignissi-

293 2192 386 2224 mas,
403 2192 468 2228 per
483 2183 663 2220 desertum
683 2186 805 2220 1333111
830 2187 993 2223 sitientes
1018 2199 1181 2235 agamus.
1198 2190 1245 2225 At
1268 2202 1353 2236 quo-

293 2241 362 2277 tics
378 2243 460 2278 victi
477 2244 695 2288 quibuslibet
713 2245 975 2291 diripientibus,
1000 2254 1147 2294 accepto
1164 2250 1351 2288 varietatis

294 2301 385 2337 ealle
413 2304 609 2340 deviamus.
630 2305 706 2341 Non
731 2307 827 2342 03131
864 2308 985 2344 statim
1013 2310 1056 2345 ad
1073 2309 1218 2347 altiores
1233 2313 1348 2348 virtu-

294 2366 368 2396 tum
386 2365 518 2407 gradus
536 2365 730 2402 ascendere
747 2377 952 2413 possumus,
970 2371 1033 2405 sed
1057 2371 1202 2407 interitu
1221 2373 1266 2408 ab
1294 2374 1348 2410 in-

294 2422 386 2458 fimis
405 2423 546 2460 miserae
571 2427 703 2463 mentis
735 2426 934 2464 defectibus
957 2430 1131 2475 paulatim
1163 2434 1348 2479 superiora

292 2483 463 2520 debemus
491 2486 699 2532 poenitendo
729 2494 910 2534 repetere;
931 2491 1058 2535 donec,
1087 2492 1204 2539 dignis
1234 2496 1348 2540 poeni-

290 2543 409 2578 tentia}
425 2544 600 2582 fructibus
615 2548 717 2590 actis,
737 2550 988 2594 perveniamus
1002 2553 1153 2589 reduces
1170 2554 1214 2589 ad
1230 2555 1347 2601 ipsum

287 2603 333 2652 =de
352 2614 421 2648 quo
451 2604 542 2651 lapsi
561 2605 692 2643 suimus
711 2609 855 2644 modum
888 2610 1103 2658 culmenque
1123 2614 1250 2659 gratiae
1277 2616 1347 2661 spi-

292 2662 407 2698 ritalis
435 2676 442 2698 :
467 2675 508 2700 ac
541 2666 594 2701 sic
626 2667 868 2705 intermissum
890 2671 932 2706 ad
958 2677 1099 2718 tempus
1130 2674 1344 2720 incipiamus

292 2719 361 2754 iter
394 2731 498 2767 agere
523 2724 708 2768 virtutum,
743 2730 840 2764 exuti
866 2735 1022 2767 veterem
1050 2733 1232 2770 hominem
1263 2746 1344 2773 cum

291 2780 428 2816 actibus
449 2782 538 2828 eJ'us,
564 2789 599 2819 et
620 2785 733 2821 induti
750 2798 878 2824 novum
912 2791 973 2836 qui
1004 2793 1200 2830 secundum
1231 2796 1342 2832 Deum

291 2848 433 2878 creatus
448 2849 502 2879 est
533 2845 567 2880 in
579 2843 718 2889 justitia
739 2852 774 2882 et
792 2851 983 2886 sanctitate
999 2858 1034 2887 et
1052 2854 1218 2890 veritate.
1239 2855 1342 2900 Quod

288 2910 386 2937 mors
418 2910 453 2938 et
474 2903 650 2942 funeratio
680 2912 823 2952 patrum
847 2913 1075 2954 peccantium
1107 2915 1142 2950 in
1176 2916 1338 2960 deserto,

290 2960 495 3007 ibidemque
520 2970 612 3000 natae
636 2971 672 3002 et
689 2967 817 3003 adultae
845 2969 1022 3014 signifieat
1040 2971 1240 3015 juventutis
1264 2976 1339 3012 ala-

289 3022 422 3058 critas:
443 3034 522 3069 113εο
541 3024 648 3061 fluvio
665 3028 792 3064 mortis
811 3029 963 3073 devicto,
986 3032 1092 3077 digna
1115 3035 1162 3069 sit
1187 3046 1336 3081 regnum

288 3093 454 3129 supernae
481 3087 731 3130 promissionis
763 3089 912 3126 intrare.
939 3092 990 3127 lta
1010 3093 1104 3128 03113
1133 3094 1172 3129 fit
1203 3101 1252 3138 ut,
1281 3107 1338 3133 re-

286 3149 418 3180 novata
449 3152 581 3183 nostrae
606 3148 708 3184 honre
729 3152 1011 3188 conversationis
1030 3152 1218 3198 juventute
1242 3157 1336 3193 sicut

287 3205 428 3251 aquilae,
448 3211 546 3244 tanta
558 3207 633 3254 iam
653 3219 695 3245 ac
710 3210 807 3254 talia,
831 3212 996 3259 malignis
1010 3215 1194 3260 spiritibus
1208 3226 1335 3252 occur-

285 3271 420 3310 renteS,
439 3267 624 3305 valeamus
643 3269 786 3306 firmare
810 3277 931 3308 castra
962 3284 1196 3320 supernorum
1216 3276 1335 3322 prose-

285 3333 421 3372 ctuum,
462 3340 541 3376 qua}
578 3341 650 3367 non
691 3333 805 3370 solum
847 3334 967 3371 divino
995 3337 1174 3382 respectui
1213 3343 1329 3384 grata,

284 3389 346 3423 sed
362 3389 469 3425 ctiam
488 3391 700 3438 spiritalium
717 3393 864 3432 Patrum
893 3395 967 3432 sint
985 3397 1127 3443 scriptis
1159 3408 1200 3435 ac
1229 3397 1331 3435 laude

283 3447 505 3494 dignissima.

693 3514 843 3553 CAPUT
866 3516 927 3554 lx,

284 3566 502 3617 Proeeeptum
516 3571 654 3610 Dommi
669 3575 716 3611 ad
725 3575 868 3622 Moysen
883 3577 925 3613 de
938 3577 1041 3613 idolis
1057 3577 1329 3625 consrinqendis.

330 3630 448 3680 (Into.)
482 3632 634 3672 Locutus
667 3642 719 3672 est
744 3636 917 3674 Dominus
943 3638 989 3674 ad
1015 3637 1160 3686 Moysen
1179 3638 1329 3681 dicens.-

283 3687 440 3739 Proecipe
460 3693 544 3738 filiis
564 3694 678 3733 Israel
694 3722 704 3739 ‚
720 3701 753 3733 et
771 3696 863 3732 dices
881 3696 927 3734 ad
945 3706 1029 3735 eos:
1046 3697 1196 3743 Quando
1214 3703 1330 3741 trans-

285 3745 392 3791 ieritis
408 3751 600 3795 Jordanem
623 3756 794 3800 intrantes
820 3761 949 3798 terram
979 3756 1168 3807 chanaan,
1193 3758 1328 3813 dispens

1424 1241 1551 1276 parum
1573 1233 1666 1267 unda
1686 1233 1914 1279 baptismatis
1949 1238 2074 1275 abluit.
2110 1240 2258 1278 Terram
2279 1244 2449 1283 Chanaan
2469 1274 2480 1294 ,

1425 1291 1493 1326 hoc
1509 1296 1564 1326 est
1588 1297 1723 1327 terram
1743 1296 2046 1341 repromissionis,
2063 1300 2151 1343 adit,
2169 1302 2229 1347 qui
2249 1304 2317 1339 sihi
2337 1316 2481 1351 posses·
2533 1306 2540 1346 “,

1425 1350 1562 1386 sionem
1575 1353 1749 1389 virtutum
1767 1356 1934 1400 acquirit,
1951 1363 2001 1400 111,
2023 1360 2186 1406 deposito
2201 1365 2315 1400 veteri
2335 1366 2480 1404 homine
2534 1370 2540 1380 ·“

1425 1418 1506 1443 cum
1542 1410 1681 1446 actibus
1715 1413 1804 1455 suis,
1829 1415 1890 1460 qui
1910 1420 2153 1464 corrumpitur
2171 1425 2367 1461 secundum
2387 1427 2481 1463 desi-
2535 1441 2540 1471 ς

1425 1467 1524 1502 deria
1546 1470 1696 1512 erroris,
1725 1471 1850 1508 induat
1874 1485 2006 1511 novum
2026 1503 2035 1519 ‚
2054 1488 2135 1514 eum
2154 1482 2214 1526 qui
2236 1492 2428 1523 renovatur
2443 1489 2479 1525 111
2536 1510 2540 1514 -

1423 1527 1606 1573 agnitione
1636 1529 1722 1572 Dei,
1743 1533 1938 1569 secundum
1956 1535 2149 1583 imaginem
2169 1539 2245 1585 ejtts
2266 1545 2326 1589 qui
2346 1549 2481 1584 creavit
2534 1554 2540 1568 -'

1422 1599 1517 1624 eum.
1556 1589 1626 1626 Iste
1657 1591 1832 1638 disperdit
1872 1602 2020 1634 cunctos
2069 1599 2292 1641 habitatores
2324 1609 2480 1654 regionis
2536 1593 2540 1625 3

1421 1651 1529 1694 illius,
1542 1663 1621 1688 cum
1640 1655 1814 1701 malignos
1832 1658 1980 1702 spiritus
2001 1671 2082 1697 cum
2101 1667 2388 1712 suggestionibus
2405 1673 2478 1709 suis

1422 1723 1463 1748 ac
1485 1714 1736 1759 phantasmate
1757 1717 1927 1755 vitiorum
1947 1747 1957 1764 ‚
1981 1721 2109 1759 timore
2142 1726 2276 1764 Christi
2305 1740 2477 1777 compun-

1421 1780 1513 1817 ctus,
1541 1776 1585 1810 de
1605 1782 1726 1813 mente
1758 1788 1822 1814 sua
1855 1786 2042 1819 conterere
2072 1788 2215 1834 satagit.
2239 1789 2290 1826 De
2322 1802 2394 1837 quo
2413 1804 2477 1840 per
2538 1835 2540 1838 ,

1419 1834 1646 1872 Psalmistam
1676 1838 1808 1875 dicitur
1838 1853 1846 1875 :
1877 1841 2007 1879 Beatus
2033 1847 2093 1892 qui
2124 1849 2249 1885 tenebit
2282 1858 2314 1888 et
2348 1853 2470 1891 allidet

1419 1895 1581 1940 part-alos
1601 1907 1683 1933 suos
1707 1898 1753 1933 ad
1777 1906 1909 1946 petram
1933 1901 2048 1950 (Psal.
2067 1907 2227 1956 cxxxvl).
2247 1909 2312 1946 Hic
2333 1913 2474 1949 excelsa

1419 1962 1549 1998 vastat,
1570 1968 1650 1995 cum
1667 1961 1871 2006 superbiam
1892 1964 2014 2000 carnis
2033 1977 2105 2002 suae
2123 1968 2290 2007 edomare
2306 1971 2471 2011 festinat:

1420 2016 1542 2062 sicque
1567 2021 1737 2056 mundam
1756 2027 1890 2059 terram
1911 2025 2144 2065 habitationis
2171 2041 2243 2066 suae
2259 2031 2341 2077 jure
2359 2035 2473 2072 haere-

1419 2077 1550 2114 ditario
1573 2082 1754 2126 possidet,
1783 2086 1926 2130 quando
1956 2097 2101 2124 carnem
2132 2100 2234 2127 suam
2263 2103 2281 2128 a
2305 2096 2473 2140 squalore

1418 2146 1648 2184 pcccatorum
1674 2150 1866 2191 purgatam
1886 2153 1922 2183 et
1939 2159 1958 2184 a
1982 2151 2111 2197 pugnis
2129 2153 2296 2190 vitiorum
2312 2157 2470 2201 quietam

1418 2200 1564 2236 detinet.
1589 2202 1688 2246 Quod
1710 2211 1829 2242 autem
1845 2205 1948 2251 jubet
1963 2209 2125 2255 pluribus
2145 2212 2309 2251 latiorem
2326 2227 2470 2262 posses-

1418 2258 1555 2295 siouem
1573 2261 1664 2305 dari,
1681 2269 1717 2299 ct
1731 2266 1855 2309 paucis
1871 2271 2115 2315 angustiorem
2132 2299 2142 2317 ‚
2164 2274 2315 2322 singulis
2334 2283 2374 2314 ut
2390 2289 2469 2317 sors

1417 2322 1601 2365 ceciderit,
1625 2325 1806 2370 significat
1825 2330 1920 2374 quod
1935 2331 1972 2366 hi
1993 2333 2053 2378 qui
2081 2334 2222 2380 copiam
2243 2336 2378 2375 habent
2396 2341 2470 2376 vir-

1415 2387 1548 2427 tutum,
1564 2384 1788 2422 latitudinem
1805 2399 1952 2433 sperare
1976 2393 2108 2429 debent
2131 2398 2375 2440 praemiorum.
2400 2401 2468 2445 Qui

1416 2450 1534 2481 autem
1559 2447 1739 2491 paucitate
1762 2449 1935 2486 virtutum
1957 2455 2116 2490 contenti
2139 2462 2235 2499 sunt,
2253 2464 2289 2494 et
2307 2461 2468 2496 contenti

1413 2512 1491 2538 esse
1516 2503 1646 2540 debent
1667 2507 1862 2543 secundum
1885 2518 1989 2545 suum
2011 2512 2177 2548 meritum
2201 2516 2376 2561 qualitate
2408 2530 2466 2556 re-

1414 2562 1664 2599 tributionum.
1687 2565 1788 2601 Unde
1807 2567 1939 2604 Paulus
1960 2569 2166 2609 Corinthios
2192 2575 2237 2610 ad
2269 2577 2466 2626 elecmosy-

1412 2637 1539 2663 narum
1558 2627 1762 2673 largitatem
1777 2640 1977 2675 provocans
1998 2633 2046 2668 ait
2068 2647 2076 2669 :
2099 2634 2169 2677 Qui
2183 2648 2286 2681 parce
2302 2641 2463 2686 seminat,

1411 2699 1514 2733 parce
1530 2694 1562 2723 et
1577 2694 1691 2724 metet.
1714 2688 1759 2724 Et
1776 2690 1835 2736 qm·
1853 2692 2000 2727 seminat
2017 2693 2053 2728 in
2071 2693 2306 2734 benedictione
2321 2726 2330 2742 ‚
2350 2700 2392 2735 de
2411 2701 2464 2736 be-

1412 2748 1603 2784 nedictione
1618 2755 1720 2785 metet
1731 2751 1835 2787 vitam
1849 2758 2013 2789 oeternam
2026 2754 2082 2802 (ΙΙ
2093 2755 2174 2792 Cor.
2187 2758 2250 2804 tx).
2264 2759 2458 2806 Sequitur:

1457 2809 1576 2857 (imo.)
1610 2809 1673 2846 Sin
1693 2819 1807 2848 autem
1828 2814 2010 2852 nolueritis
2040 2818 2233 2864 interficere
2247 2822 2459 2861 habitatores

1410 2874 1512 2904 terroe
1526 2870 1587 2916 qui
1607 2874 1850 2917 remanserint,
1876 2882 1977 2911 erunt
1996 2877 2087 2914 vobis
2102 2881 2203 2925 quasi
2225 2882 2313 2919 ctam·
2329 2884 2364 2920 in
2379 2896 2461 2921 ocu-

1409 2928 1465 2970 lis,
1487 2935 1519 2965 et
1543 2929 1673 2967 tanceae
1698 2932 1734 2968 in
1751 2932 1917 2971 lateribus
1935 2945 1947 2970 :
1965 2942 1998 2972 et
2021 2938 2297 2978 adversabuntur
2315 2945 2408 2981 vobis
2422 2947 2458 2982 in

1408 2995 1501 3024 terra
1518 2990 1742 3028 habitationis
1758 3000 1892 3039 restroe,
1910 3003 1942 3032 et
1956 2998 2123 3043 quidquid
2144 2999 2214 3036 illis
2227 3002 2343 3048 facere
2357 3006 2453 3051 coai-

1405 3055 1557 3086 taveram
1575 3078 1584 3094 ,
1615 3051 1743 3096 faciam
1774 3054 1881 3091 vobis.
1918 3056 1970 3093 Ae
2005 3058 2035 3095 si
2061 3059 2222 3098 diceret:
2244 3062 2455 3110 Quicunque

1403 3110 1524 3147 hostes
1543 3112 1722 3157 spiritales
1743 3114 1787 3150 de
1806 3115 1973 3153 cordibus
1993 3118 2068 3156 suis
2100 3121 2279 3166 expellere
2298 3134 2370 3160 non
2391 3135 2454 3161 eu-

1404 3170 1552 3212 raverit‚
1570 3175 1606 3206 et
1621 3181 1641 3206 a
1657 3172 1788 3208 tinibus
1805 3179 1951 3212 actuum
1972 3182 2080 3223 atque
2095 3180 2352 3226 cogitationum
2372 3194 2454 3221 sua-

1401 3238 1482 3263 rum
1506 3239 1630 3266 arcere
1652 3241 1723 3267 non
1743 3235 1982 3276 contenderit,
2004 3236 2117 3273 clavis
2133 3240 2363 3278 continentiae
2379 3254 2452 3281 suae

1400 3291 1664 3335 compungitur,
1678 3301 1745 3327 300
1764 3293 1922 3337 quietem
1941 3295 1978 3332 in
1997 3300 2273 3336 conversatione
2290 3312 2354 3340 sua
2376 3303 2449 3341 ullo

1398 3348 1504 3383 modo
1524 3348 1656 3384 habere
1671 3351 1816 3396 poterit,
1838 3353 1924 3398 quin
1941 3355 2062 3399 potius
2087 3355 2218 3401 ajusto
2231 3361 2447 3400 retributore

1397 3416 1470 3443 non
1497 3406 1663 3443 solatium
1691 3409 1903 3456 amicorum,
1923 3413 1987 3450 sed
2007 3414 2166 3454 hostium
2182 3419 2318 3458 sentire
2330 3432 2443 3461 mere-

1396 3466 1494 3506 bitur
1506 3468 1706 3509 interitum.

1811 3529 1963 3570 CAPUT
1988 3533 2036 3571 X.

1396 3589 1449 3628 De
1472 3591 1771 3632 distributionibus
1799 3598 1902 3630 terroe
1928 3597 2206 3642 repromissioni·
2234 3599 2351 3639 Israel
2376 3608 2443 3651 ‘per

1745 3645 1871 3677 sortem
1897 3640 2081 3697 sacierylis.

1443 3695 1543 3746 (Gn.
1562 3696 1703 3747 xum)
1725 3697 1944 3749 Luctatusque
1961 3707 2011 3740 eet
2030 3702 2203 3743 Dominus
2227 3707 2274 3744 ad
2294 3696 2438 3757 tto'yaeeu

1355 3791 1366 3810 ,.
1392 3757 1510 3803 dicem
1533 3767 1547 3799 .·
1565 3754 1724 3812 Praeotpe
1741 3759 1829 3810 filiis
1846 3759 1963 3803 Israel
1979 3769 2012 3805 et
2040 3763 2134 3810 dices
2150 3766 2197 3807 ad
2217 3777 2277 3818 eos
2300 3777 2318 3814 t
2347 3761 2448 3819 cm,
