2540 4016
4 3899 53 4016 ἐς...

537 119 896 167 EHARRATIONES
918 118 966 157 ΙΝ
988 110 1166 158 LIB'PTUM
1180 112 1498 171 uolumenum.
1523 139 1571 147 --
1593 121 1680 165 ΠΒ,
1705 123 1750 164 11.

2165 130 2235 170 654

169 215 204 241 es
231 213 365 250 eorum,
397 209 429 240 et
456 170 723 238 electos-Israel
753 196 972 246 proepedivit,
995 205 1037 231 ne
1066 194 1112 231 ad
1130 196 1165 238 A
1181 202 1273 228 cum.
1292 190 1413 227 Nubes
1427 202 1562 239 quoque
1578 193 1720 231 Domini
1750 206 1854 243 super
1873 210 1931 236 eos
1945 208 2019 238 erat
2053 214 2116 251 per
2143 205 2236 244 diem

119 264 192 302 lum
211 265 372 303 velociter
399 266 578 301 currerent
612 259 727 309 (Psal.
758 256 909 304 Lxxvu).
945 254 1046 293 Unde
1076 259 1113 291 et

39 315 260 380 siff'ppellatus
278 329 334 362 est
357 324 468 368 locus,
491 320 663 370 Sepulcra
690 315 1007 366 concupiscentiae,
1037 314 1114 351 sive

44 380 100 434 {nt
117 386 151 422 in
171 385 406 435 Septuaginta
427 383 592 430 legimus,
614 380 797 417 memoriae
811 376 994 415 desiderii.

107 445 160 481 Ex
187 446 318 493 quibus
336 443 506 481 omnibus
524 452 592 480 nos
607 441 794 483 docemur,
817 438 879 486 qui
899 435 1114 485 sapientiam

61 505 264 543 dimisimus
281 505 505 549 saecularem,
526 508 561 540 et
577 501 767 549 AEgyptias
787 498 876 535 ollas
895 495 1115 543 contempsi-

60 577 155 609 mus,
174 577 245 602 non
263 566 394 602 debere
412 574 640 602 murmurare
657 566 785 598 contra
803 559 989 596 coelestem
1017 557 1115 595 Scri-

59 632 248 680 pturarum
268 636 414 672 panem,
449 636 517 662 nec
535 623 745 661 virulentias
763 619 1031 668 AEgyptiorum‚
1052 619 1114 664 qui

61 693 144 728 sunt
161 698 373 735 magnarum
393 688 570 731 carnium,
592 685 656 722 sed
674 685 876 730 simplicem
904 691 1046 718 man-nae
1065 680 1117 716 ci-

57 749 145 789 bum
163 760 339 796 quaerere.
366 749 510 795 Alioqui
530 749 560 784 si
584 758 645 784 eas
670 756 796 782 rursus
815 744 1034 780 voluerimus
1054 751 1117 789 ap-

59 816 195 858 petere,
227 810 436 846 vorabimus
471 819 585 855 usque
621 808 667 843 ad
696 814 879 845 nauseam,
918 807 955 838 et
993 800 1115 836 statim

58 868 202 907 Domini
221 870 303 917 igne
335 869 597 915 torquebimur,
627 864 917 908 desideriumque
949 863 1116 895 nostrum

59 937 223 969 vertetur
242 931 279 967 in
294 930 466 974 tumulos,
487 935 527 965 ut
541 929 654 965 simus
671 925 831 973 sepulcra
844 921 1019 964 dealbata,
1038 932 1116 967 quoe

60 992 148 1040 [oris
170 998 293 1041 parent
319 991 517 1028 hominibus
542 990 713 1036 speciosa,
745 987 840 1021 intus
866 988 982 1018 autem
1013 981 1116 1029 plena

59 1059 140 1090 sunt
158 1054 291 1090 ossibus
310 1057 529 1087 mortuorum
558 1055 594 1085 et
624 1047 722 1084 omni
757 1044 932 1092 spurcitia
967 1043 1113 1091 (Mattlz.

58 1114 178 1160 xxm).

472 1169 622 1208 CAPUT
647 1169 691 1206 V.

57 1235 108 1274 De
123 1234 247 1271 Hobab
269 1233 343 1280 filio
373 1231 507 1279 Raquel
536 1230 738 1266 Madianita
763 1235 909 1275 coqnato
932 1227 1060 1274 Moysi,
1083 1232 1115 1262 et

174 1281 387 1329 profectione
402 1280 557 1325 filiorum
571 1277 684 1313 Israel
705 1288 725 1311 a
742 1283 856 1312 monte
879 1275 994 1311 Sinai.

106 1354 223 1404 (Inui.)
242 1355 287 1390 Et
312 1354 402 1390 dixu
425 1352 561 1399 Moyses
583 1351 707 1386 Ilobab
724 1350 799 1395 filio
819 1348 952 1395 Rayuel
972 1348 1115 1383 Madia-

58 1418 141 1453 nt’toe
161 1422 306 1463 coynato
327 1426 390 1451 suo
410 1424 421 1447 .·
439 1413 702 1458 Proficiscimur
723 1410 767 1446 ad
792 1410 906 1444 locum
926 1419 1025 1456 quem
1047 1409 1116 1443 Do-

59 1478 174 1513 minus
194 1478 342 1512 daturus
363 1481 413 1510 est
438 1474 557 1516 nobis;
584 1473 661 1507 veni
682 1471 876 1513 nobiscum,
901 1475 938 1504 ut
975 1468 1116 1515 benefa-

59 1539 192 1574 ciamus
226 1537 310 1580 tibi,
349 1536 431 1583 quia
467 1534 636 1570 Dominus
667 1533 756 1568 bona
782 1531 942 1578 promisit
973 1530 1113 1566 Israeli.

60 1601 125 1638 Cui
146 1600 205 1636 ille
233 1600 408 1647 respondit
430 1609 440 1633 .·
466 1598 547 1634 Non
573 1597 699 1633 vadam
720 1602 843 1637 tecum,
874 1595 934 1630 sed
966 1600 1117 1630 revertar

59 1662 97 1698 in
114 1669 243 1696 terram
275 1671 404 1703 meam,
424 1661 459 1695 in
481 1671 549 1706 qua
581 1665 684 1694 natus
713 1669 803 1693 sum.
827 1656 873 1691 Et
893 1654 952 1691 ille
976 1665 987 1689 .·
1015 1655 1114 1698 Noli,

60 1723 188 1769 inquit,
220 1732 280 1756 nos
297 1721 514 1767 relinquere:
535 1727 571 1755 tu
592 1718 682 1754 enim
713 1718 802 1753 nosti
829 1718 865 1752 in
891 1717 1014 1763 quibus
1031 1715 1116 1750 loeis

60 1791 122 1828 per
143 1781 316 1815 desertum
337 1786 452 1815 castra
479 1790 604 1825 ponere
627 1778 826 1819 debeamus,
842 1781 873 1811 et
901 1775 967 1810 eris
993 1774 1118 1809 ductor

62 1850 192 1879 noster.
222 1842 379 1889 Cumque
400 1841 576 1877 nobiscum
596 1839 726 1875 veneris
740 1866 748 1880 ,
766 1836 932 1884 quidquid
950 1837 1116 1883 optimum

62 1904 167 1950 suerit
189 1914 230 1938 ex
250 1903 371 1949 opibus
398 1913 484 1948 quas
512 1900 607 1935 nobis
629 1899 824 1934 traditurus
858 1903 906 1931 est
930 1896 1115 1940 Dominus,

62 1962 224 1998 dabimus
241 1962 314 1997 tibi.
332 1961 547 2005 Plerumque
564 1958 783 2005 persuadere
801 1957 906 1993 elatis
919 1956 1022 1991 utilia
1040 1965 1115 1990 me-

63 2024 133 2061 lius
155 2034 363 2070 possumus,
398 2023 428 2058 si
454 2022 658 2068 profectum
699 2029 824 2055 eorum
861 2018 965 2054 nobis
997 2016 1118 2062 potius

62 2095 170 2131 quam
194 2084 263 2120 illis
282 2082 510 2129 profuturum
545 2067 718 2124 dicamus,
739 2080 769 2116 si
800 2089 925 2115 eorum
951 2077 1119 2113 meliora-

65 2147 195 2182 tionem
218 2145 322 2181 nobis
338 2144 452 2189 magis
477 2153 585 2189 quam
607 2141 675 2177 sibi
698 2140 857 2186 impendi
878 2138 1116 2184 postulamus.

63 2205 184 2242 Facile
205 2205 301 2241 enim
331 2204 374 2239 ad
396 2205 530 2239 bonum
567 2202 674 2238 elatio
716 2200 886 2242 flectitur,
907 2199 937 2234 si
960 2197 1036 2243 ejus
1063 2198 1120 2232 in-

63 2266 171 2303 flexio
184 2266 355 2312 prodesse
375 2271 410 2301 et
428 2264 506 2300 aliis
521 2265 701 2300 credatur.
724 2262 825 2298 Unde
842 2268 877 2298 et
892 2260 1043 2307 Moyses,
1058 2260 1121 2306 qui

65 2333 212 2374 regente
231 2338 269 2363 se
291 2327 378 2370 Deo,
397 2325 532 2362 deserti
561 2326 651 2361 duce
667 2334 772 2360 aerea
789 2323 969 2366 columna,
994 2332 1120 2368 perge-

63 2389 138 2431 bat,
160 2398 242 2424 cum
263 2387 388 2423 Hobab
409 2391 597 2434 cognatum
626 2396 728 2421 suum
745 2395 791 2420 ex
806 2383 1019 2431 gentilitatis
1035 2392 1120 2418 con-

64 2449 271 2486 versatione
301 2441 408 2483 vellet
437 2448 603 2490 educere,
626 2452 662 2482 et
682 2435 939 2492 omnipotentis
969 2444 1032 2480 Dei
1062 2445 1120 2479 do-

65 2510 176 2546 minio
191 2508 396 2554 subjugare,
419 2508 468 2543 ait
488 2520 496 2543 :
518 2507 782 2553 Proficiscimur
805 2506 850 2541 ad
877 2506 991 2540 locum
1018 2515 1119 2551 quem

64 2568 237 2608 Dominus
255 2571 402 2606 daturus
426 2577 474 2605 est
501 2570 598 2605 nobis
615 2579 626 2603 .·
646 2570 722 2604 veni
748 2568 940 2609 nobiscum,
964 2571 1001 2600 ut
1021 2566 1122 2601 bene-

67 2632 239 2678 faciamus
263 2630 338 2673 tibi,
369 2630 450 2676 quia
475 2630 646 2664 Dominus
675 2629 763 2663 bona
793 2628 951 2674 promisit
976 2626 1118 2662 Israeli.

67 2691 132 2728 Cui
147 2702 228 2727 cum
250 2691 492 2737 respondisset
511 2690 583 2732 ille,
608 2688 642 2723 N
646 2700 690 2724 οη
707 2688 831 2724 vadam
849 2694 976 2731 tecum,
994 2691 1052 2723 sed
1070 2698 1122 2723 re-

68 2759 183 2790 vertar
200 2753 237 2787 in
252 2758 381 2787 terram
398 2762 525 2794 viteam,
546 2751 582 2785 in
613 2761 681 2796 qua
716 2756 818 2785 natus
834 2760 926 2792 sum,
945 2748 1040 2785 illico
1057 2749 1120 2785 ad-

64 2813 210 2860 junxit:
234 2811 319 2847 Noli
335 2823 396 2847 nos
416 2811 606 2857 relinquere
623 2821 634 2846 .·
651 2817 687 2844 tu
703 2810 793 2844 enim
818 2810 907 2844 nosti
931 2810 968 2844 in
997 2809 1121 2856 quibus

70 2876 155 2911 locis
171 2885 232 2922 per
260 2873 433 2908 desertum
450 2879 566 2907 castra
597 2881 722 2917 ponere
754 2870 953 2913 debeamus,
990 2876 1022 2906 et
1054 2871 1122 2906 eris
1139 2897 1175 2937 D

70 2938 196 2974 ductor
216 2941 342 2972 noster.
362 2934 486 2980 Neque
505 2933 600 2969 enim
617 2931 728 2979 Moysi
747 2938 904 2968 mentem
920 2932 1123 2979 ignorantia

70 2998 211 3038 itineris
237 2996 470 3043 angustabat,
502 3003 609 3040 quam
641 2999 677 3029 et
701 2992 745 3028 ad
772 2993 970 3039 prophetiae
1004 2993 1122 3029 scien-

73 3062 161 3099 tiam
181 3059 340 3107 cognitio
357 3057 554 3094 divinitatis
577 3055 811 3102 expanderat,
831 3065 940 3101 quam
958 3054 1122 3092 columna

73 3120 233 3159 exterius
249 3117 412 3164 praeibat,
429 3127 537 3162 quam
562 3115 607 3152 de
626 3115 766 3152 cunctis
786 3115 938 3152 interius
955 3124 1020 3161 per
1039 3124 1124 3151 con-

73 3180 315 3219 versationem
331 3177 394 3213 Dei
409 3176 531 3213 sedula
547 3176 680 3213 locutio
700 3175 889 3212 familiaris
904 3175 1124 3218 instruebat;

74 3242 138 3280 sed
154 3239 321 3278 videlieet
337 3238 392 3275 vir
409 3237 596 3284 providus,
617 3237 710 3274 elato
729 3237 884 3273 auditori
901 3235 1123 3283 colloquens,

76 3302 243 3343 solatium
260 3299 364 3347 petiit
381 3303 421 3335 ut
434 3299 552 3342 daret,
570 3298 775 3344 requirebat
800 3297 837 3333 in
853 3297 927 3341 via,
943 3302 982 3333 ut
1002 3296 1072 3333 dux
1091 3296 1126 3332 ei

76 3364 156 3404 fleri
172 3361 348 3409 potuisset
369 3360 415 3397 ad
430 3359 654 3407 vitam2Egit
677 3359 798 3406 itaque
815 3364 854 3395 ut
869 3359 1045 3405 superbus
1062 3368 1127 3394 au-

77 3423 172 3461 ditor
182 3420 262 3459 voci
281 3420 328 3458 ud
348 3419 498 3458 meliora
525 3419 690 3458 suadenti
703 3429 748 3459 eo
763 3419 879 3466 magis
898 3418 1002 3456 tieret
1018 3417 1126 3455 devo-

76 3487 138 3521 tus
152 3491 227 3528 quo
242 3480 418 3524 tateremr
430 3481 679 3524 necessarius;
697 3485 734 3517 et
748 3481 843 3516 unde
856 3490 895 3516 se
914 3479 1126 3516 exhortato—

68 3552 158 3585 ,κω
179 3552 286 3581 summ
308 3541 515 3589 praecedere
540 3542 718 3585 crederet,
745 3541 828 3577 inde
859 3549 899 3576 se
923 3538 989 3576 sub
1009 3538 1129 3575 verbis

81 3603 306 3646 wantis
329 3603 533 3645 inclinaret.
548 3601 705 3650 Profecti
731 3608 811 3639 sunt
834 3611 914 3647 erqo
940 3599 983 3636 de
1013 3604 1129 3635 monte

85 3662 333 3716 Domitium
350 3665 462 3703 crium
475 3665 626 3710 dierum,
643 3674 794 3719 wne
822 3663 961 3710 foederis
989 3660 1129 3698 Domini

84 3723 368 3775 »weudelmut
381 3736 443 3772 per
455 3725 530 3767 dieo
556 3735 625 3764 tres
647 3725 837 3782 providens
863 3730 1058 3763 castrorum
1078 3721 1131 3759 lo-

1183 262 1261 289 cum
1278 247 1489 292 incederent.
1505 251 1608 309 Quod
1630 259 1752 292 antem
1770 252 1903 294 dicitur
1920 258 1966 296 de
1986 273 2071 305 arca
2081 264 2232 312 t'oederis

1180 312 1325 351 Domini
1339 311 1546 363 praecedere
1558 307 1652 351 filios
1662 310 1773 351 Israel
1783 317 1852 363 'per
1864 313 1941 354 dies
1955 319 2029 359 tres
2041 321 2233 368 providens

1182 377 1384 414 castrorum
1398 373 1533 417 iocum,
1551 369 1638 419 quid
1655 373 1847 422 signifieat,
1865 375 1935 412 nisi
1948 365 2232 429 incarnationem

1181 431 1325 468 Domini
1356 434 1480 471 electis
1498 433 1544 470 ab
1571 433 1676 473 initio
1694 433 1819 473 mundi
1853 434 1922 472 iter
1942 430 2130 484 praesentis
2147 426 2232 484 vita

1182 492 1351 544 dirigere,
1373 498 1483 544 aque
1512 495 1682 531 ducatum
1700 495 1747 531 ad
1769 498 1902 531 terram
1925 502 2087 534 sanctam
2103 503 2239 539 veraci-

1182 557 1239 589 ter
1269 548 1456 600 praebere?
1474 564 1554 601 quae
1586 555 1685 601 prius
1716 555 1783 592 sub
1813 554 1927 603 figura
1952 562 2075 604 patres
2092 559 2234 599 Veteris

1183 612 1404 649 Testamenti
1425 613 1597 658 ducebat,
1619 620 1657 650 et
1678 624 1776 650 nunc
1800 614 1836 650 in
1857 616 2010 654 veritate
2025 617 2121 656 viam
2132 620 2239 667 justi-

1184 675 1243 711 tiae
1260 675 1364 712 nobis
1385 675 1619 728 demonstrat.
1637 674 1703 711 Via
1723 686 1808 722 ergo
1821 677 1933 714 trium
1948 678 2087 716 dierum
2105 689 2240 720 sanctae

1185 734 1374 772 Trinitatis
1395 740 1452 771 est
1467 727 1570 780 side's,
1593 736 1709 772 tribus
1729 737 1966 783 temporibus,
1988 739 2058 775 hoc
2075 745 2142 784 est,
2157 748 2243 779 ante

1182 796 1313 844 legem,
1332 797 1369 832 in
1386 796 1477 843 lege,
1497 802 1534 835 et
1551 797 1618 833 suh
1631 797 1747 844 gratia
1761 824 1770 840 ,
1790 798 1918 833 callem
1948 799 2115 838 veritatis
2136 807 2246 850 atque

1179 858 1330 904 justitiae
1361 859 1634 895 exsecutoribus
1673 859 1748 895 suis
1781 858 1938 896 fideliter
1971 862 2242 902 demonstrans.

1184 916 1287 961 Quod
1304 923 1426 954 autem
1456 918 1543 954 dicit
1576 919 1707 954 nubem
1727 929 1835 966 super
1858 931 1921 956 cos
1949 931 2030 957 esse
2050 932 2116 969 per
2151 924 2246 961 diem

1184 986 1266 1012 cum
1282 978 1505 1022 incederent,
1524 978 1704 1025 significat
1726 981 1989 1027 protectionem
2008 983 2166 1020 divinam
2181 995 2246 1032 per

1186 1035 1342 1083 Spiritus
1358 1038 1475 1073 sancti
1498 1039 1651 1084 gratiam
1680 1039 1724 1074 ab
1743 1040 1846 1076 initio
1869 1040 2006 1079 electos
2034 1042 2244 1089 defendere,

1133 1095 1166 1135 B
1185 1103 1293 1142 atque
1305 1097 1350 1132 ad
1366 1096 1527 1132 suturam
1541 1099 1700 1144 quietem
1733 1109 1894 1136 servare.
1924 1100 2079 1149 Cumque
2095 1102 2246 1140 elevare-

1187 1165 1245 1194 tur
1261 1170 1344 1194 arca
1364 1158 1444 1203 Dei,
1469 1159 1606 1195 dicebat
1626 1160 1765 1207 Moyses
1782 1171 1794 1195 .·
1815 1161 1943 1209 Surye,
1965 1163 2128 1208 Domine,
2144 1164 2249 1201 dissi-

1185 1226 1312 1267 pentur
1333 1220 1466 1256 inimici
1489 1222 1555 1264 tui,
1572 1227 1603 1256 et
1619 1221 1757 1268 suyiant
1775 1234 1796 1257 a
1816 1222 1908 1267 facie
1932 1229 1993 1258 tua
2012 1225 2072 1271 qui
2099 1225 2248 1261 oderunt

1188 1285 1233 1317 te.
1263 1279 1351 1315 Cum
1375 1286 1491 1316 autem
1519 1281 1753 1328 deponeretur
1780 1282 1894 1318 aiebat
1914 1292 1925 1316 .·
1945 1282 2139 1328 Revertere,
2176 1285 2249 1322 Do-

1187 1342 1292 1383 mine,
1312 1342 1357 1376 ad
1381 1342 1643 1378 multitudinem
1658 1344 1830 1380 exercilus
1849 1344 1975 1380 Israel.
1995 1345 2145 1383 Instruit
2162 1358 2250 1394 ergo

1187 1401 1375 1447 legislator
1395 1403 1592 1439 secundum
1625 1405 1861 1451 tropologiam
1878 1415 1943 1441 suo
1957 1406 2123 1453 exemplo
2138 1408 2249 1445 duces

1187 1465 1304 1510 plebis
1319 1465 1382 1501 Dei
1398 1471 1505 1512 atque
1523 1472 1698 1513 rectores,
1719 1473 1846 1504 utnon
1865 1479 1993 1517 segnes
2010 1481 2127 1517 neque
2142 1473 2251 1520 negli-

1189 1533 1314 1573 gentes
1331 1528 1367 1563 in
1383 1539 1470 1564 eura
1486 1530 1659 1575 pastoraii
1684 1535 1792 1577 atque
1807 1532 1952 1576 negotio
1972 1532 2039 1569 sibi
2054 1535 2250 1572 commisso

1189 1589 1292 1634 fiant,
1309 1591 1372 1626 sed
1394 1591 1511 1628 instar
1543 1593 1693 1629 actionis
1712 1604 1799 1637 suae,
1822 1603 1967 1641 gregem
1987 1594 2056 1631 sibi
2080 1597 2251 1634 commis-

1189 1661 1268 1687 sum
1285 1651 1438 1697 principi
1460 1658 1644 1699 pastorum
1663 1654 1699 1688 in
1732 1654 1835 1690 initio
1862 1655 2054 1701 cujuslibet
2072 1658 2125 1694 rei
2141 1659 2250 1695 simul

1189 1711 1275 1746 etin
1307 1713 1615 1748 consummatione
1650 1712 1803 1750 fideliter
1833 1717 2102 1761 commendent,
2127 1723 2252 1763 quate-

1189 1783 1257 1808 nus
1274 1783 1337 1808 sua
1363 1774 1598 1820 opitulatione
1615 1775 1781 1822 proprias
1798 1785 1884 1812 oves
1900 1782 2110 1824 protegens,
2131 1777 2248 1826 fugiat

1189 1834 1368 1878 inimicos,
1396 1835 1551 1881 depellat
1590 1837 1725 1879 hostes,
1759 1843 1868 1883 atque
1905 1838 1999 1874 inter
2028 1849 2113 1875 suos
2142 1840 2249 1877 habi-

1190 1899 1294 1937 tans,
1328 1895 1499 1941 populum
1530 1906 1634 1932 suum
1672 1898 1708 1932 in
1742 1902 1918 1933 :eternum
1956 1909 2172 1936 conservare
2202 1901 2254 1938 di-

1189 1960 1330 2001 gnetur.

1596 2018 1747 2056 CAPUT
1775 2020 1832 2055 VI.

1190 2091 1256 2128 Ubi
1274 2100 1473 2128 murmurat
1486 2094 1634 2140 populus
1650 2102 1682 2130 et
1712 2096 1792 2141 iyne
1814 2106 1999 2142 percussus
2011 2098 2229 2135 comburitur
2236 2111 2252 2144 ,-

1235 2146 1267 2175 et
1298 2141 1340 2175 de
1369 2151 1429 2175 esu
1466 2142 1598 2184 carnis,
1633 2142 1724 2177 unde
1754 2144 1983 2179 murmuravit
2014 2146 2253 2190 promiscuum

1237 2186 1359 2233 vulqus
1379 2198 1457 2222 cum
1476 2188 1560 2233 filiis
1580 2188 1709 2224 Israel.

1238 2261 1337 2309 (Car.
1362 2261 1429 2310 x1.)
1448 2262 1589 2298 Interea
1607 2270 1722 2299 ortum
1745 2272 1794 2300 est
1825 2276 1984 2302 murmur
2006 2267 2125 2315 populi
2151 2270 2252 2315 quasi

1190 2321 1385 2357 dolentium
1410 2335 1484 2369 proe
1513 2323 1631 2359 labore
1658 2331 1778 2360 contra
1808 2325 2012 2362 Dominum.
2037 2328 2140 2370 Quod
2170 2340 2251 2365 cum

1190 2383 1349 2418 (tudisset
1375 2383 1562 2427 Dominus,
1580 2386 1692 2420 iratus
1711 2391 1774 2420 est.
1796 2385 1842 2420 Ec
1866 2398 2033 2423 accensus
2051 2389 2088 2423 in
2103 2399 2144 2424 eo
2159 2390 2253 2436 iynis

1189 2443 1346 2486 Domini,
1365 2443 1543 2479 devoravit
1559 2452 1751 2480 extremam
1767 2452 1900 2491 partem
1914 2454 2124 2485 castrorum.
2146 2447 2251 2486 Cum-

1189 2515 1256 2550 que
1277 2503 1462 2539 clamasset
1480 2505 1628 2550 populus
1659 2506 1704 2540 ad
1731 2506 1890 2552 Moysen,
1916 2508 2026 2543 oravit
2045 2508 2184 2556 Moyses
2201 2512 2248 2548 ad

1190 2563 1379 2600 Dominum
1408 2570 1439 2599 et
1473 2564 1655 2611 absorptus
1685 2571 1737 2600 est
1763 2566 1868 2611 iqnis.
1896 2565 2104 2614 vocavitque
2123 2580 2250 2607 nomen

1191 2622 1259 2658 loci
1276 2623 1384 2666 illius,
1403 2623 1581 2667 Incensio,
1599 2635 1637 2660 eo
1661 2625 1754 2671 quod
1772 2637 1959 2662 succensus
1982 2627 2105 2673 suisset
2126 2636 2251 2667 contra

1190 2693 1247 2718 eos
1264 2683 1354 2728 iynis
1368 2682 1521 2719 Domini.
1537 2684 1629 2728 Quid
1650 2691 1706 2720 est
1720 2678 1814 2730 qdod
1832 2693 2118 2725 murmurantem
2137 2700 2251 2736 popu-

1190 2743 1264 2779 lum
1297 2744 1391 2791 ignis
1424 2755 1444 2781 a
1478 2745 1630 2782 Domino
1656 2756 1830 2783 accensus
1858 2748 2020 2793 devorat,
2053 2750 2123 2787 nisi
2155 2753 2251 2798 quod

1192 2806 1285 2852 ignis
1294 2804 1403 2851 justae
1431 2806 1578 2842 ultionis
1598 2807 1633 2842 in
1651 2805 1772 2842 futuro
1797 2808 1985 2845 excruciat
2003 2808 2084 2846 illos
2098 2812 2159 2857 qui
2183 2811 2251 2848 lin-

1192 2878 1260 2914 gua
1277 2867 1495 2904 inflammata
1520 2879 1539 2904 a
1570 2869 1734 2915 gehenna
1753 2870 1798 2905 ad
1824 2872 2122 2909 murmurandum
2143 2879 2250 2921 atque

1195 2928 1454 2965 detrahendum
1470 2929 1592 2966 faciles
1606 2930 1807 2976 proruunt?
1826 2929 1927 2967 Unde
1941 2941 2005 2976 per
2026 2931 2250 2979 Sapientiam

1197 2991 1329 3027 dicitur
1352 3003 1360 3026 :
1385 2990 1540 3027 Susurro
1568 2997 1601 3027 et
1632 2991 1811 3038 bilinyuis,
1831 2991 2038 3030 maledictus
2053 3000 2103 3031 est
2121 2994 2249 3042 (Eccli.

1196 3050 1339 3099 xxviii).
1365 3051 1410 3087 Et
1427 3052 1514 3087 item
1532 3063 1540 3087 :
1562 3051 1692 3088 Beatus
1715 3053 1776 3100 qui
1799 3059 1909 3089 tectus
1936 3060 1986 3090 est
2007 3066 2029 3090 a
2047 3054 2168 3102 linqua
2188 3067 2251 3092 ne-

1195 3124 1315 3160 quam.
1335 3112 1434 3149 Mors
1462 3112 1558 3149 illius
1577 3124 1669 3149 mors
1690 3124 1837 3160 nequam
1862 3119 1926 3158 est,
1945 3120 1979 3150 et
2008 3114 2105 3150 utilis
2134 3115 2252 3160 potius

1196 3172 1355 3219 infernus
1373 3183 1480 3219 quam
1498 3171 1575 3208 illa.
1600 3171 1670 3215 Qui
1688 3172 1886 3220 relinquunt
1902 3171 2030 3214 Deum,
2048 3172 2252 3209 incidentia

1196 3233 1295 3270 illam
1323 3244 1335 3269 .·
1358 3233 1536 3269 exardebit
1565 3234 1602 3268 in
1627 3231 1696 3268 illis
1717 3237 1750 3267 et
1770 3242 1840 3267 non
1860 3231 2099 3278 exstinguetur
2124 3229 2250 3278 (Ibid.)

1196 3293 1294 3332 Bene
1311 3300 1433 3332 autem
1450 3294 1617 3330 subditur
1631 3293 1725 3340 quod
1741 3292 1819 3339 ipse
1842 3291 1937 3338 ignis
1965 3291 2112 3328 devoret
2126 3297 2250 3330 extre—

1197 3367 1296 3394 mam
1316 3362 1456 3403 partem
1487 3359 1703 3398 castrorum,
1719 3353 1890 3398 Extrema
1925 3360 2011 3396 pars
2045 3356 2250 3393 castrorum

1171 3450 1173 3452 ,
1197 3416 1280 3455 finis
1297 3415 1528 3462 praesentium
1541 3418 1597 3451 est
1615 3412 1819 3457 actionum,
1830 3410 1890 3449 ubi
1902 3409 2147 3465 cnjuscupqm
2155 3421 2247 3459 qua-

1197 3476 1243 3514 lis
1260 3475 1370 3512 suerit
1400 3474 1587 3516 terminus,
1613 3482 1635 3507 a
1652 3471 1803 3517 Domino
1825 3470 2022 3517 iudicatur.
2035 3471 2142 3518 ,Unde
2155 3472 2248 3513 acri-

1196 3540 1298 3582 ptum
1324 3538 1380 3571 est
1398 3542 1408 3569 :
1428 3531 1599 3569 Dominus
1627 3530 1804 3577 iudicabit
1832 3534 1996 3578 extrema
2030 3537 2151 3571 πει-τω.
2173 3532 2244 3579 Qui

1197 3599 1316 3632 autem
1331 3601 1446 3639 usque
1473 3591 1518 3628 ad
1539 3595 1692 3630 mortem
1721 3590 1945 3639 incorrectus
1968 3595 2176 3639 perseverat
2206 3591 2246 3637 in

1197 3655 1334 3693 malitia
1353 3659 1526 3700 concepta
1538 3679 1549 3695 ‚
1569 3648 1640 3690 tam
1665 3651 1701 3687 in
1719 3651 1840 3691 anima
1851 3658 1971 3699 qum
1980 3647 2094 3691 etiam
2110 3650 2148 3688 in
2163 3659 2247 3691 cor-

1199 3727 1283 3768 pore
1301 3714 1459 3755 utendus
1487 3713 1558 3754 erit
1581 3717 1754 3763 perpetua
1778 3721 1906 3762 ρωπος
1927 3717 1997 3755 noc
2010 3711 2083 3753 ortt
2110 3710 2249 3763 aliqu&
