2540 4016
73 153 146 192 ¹05

68 289 246 325 occultam
272 297 309 327 et
334 291 504 338 injustam
529 291 855 338 concupiscentiam
879 295 1118 342 primogenita

59 350 187 386 cordis
211 352 263 387 tui
280 351 423 400 perdas.
445 351 712 399 Primogenitus
729 355 825 391 enim
847 356 884 391 in
902 358 1008 395 nobis
1027 359 1117 395 ima-

66 408 186 453 ginem
212 411 320 448 habet
347 410 470 458 gratiae
487 411 564 448 Dei.
588 412 711 451 Novus
735 420 854 460 natus,
873 417 974 464 prior
993 425 1113 464 natus,

64 466 161 504 inter
187 479 311 506 omnes
330 473 499 515 tanquam
519 476 623 508 natos
646 474 766 510 cordis
786 476 915 521 nostri,
939 479 1116 527 primoge-

62 527 136 564 nita
156 527 243 566 fides
267 533 334 565 est.
359 528 472 566 Nemo
496 532 594 568 enim
611 533 704 570 bona
728 542 898 582 operatur
925 539 995 575 nisi
1023 540 1113 578 fides

59 589 295 632 praecesserit.
334 589 462 627 Omnia
497 603 607 638 opera
640 600 700 630 tua
732 596 839 641 bona,
866 598 930 634 filii
957 601 1007 635 tui
1028 606 1112 637 sunt

58 646 273 692 spirituales.
293 647 365 685 Sed
386 650 480 687 inter
499 652 565 689 hos
583 654 648 690 tibi
668 655 908 703 primogenita
929 664 986 695 est
1002 660 1107 697 fides.

59 705 228 753 Quisquis
248 718 326 744 rem
350 710 506 748 alienam
524 714 664 751 occulte
686 718 926 763 concupiscis,
954 720 1108 758 interius

56 765 162 803 fidem
186 769 320 814 perdis.
340 770 422 808 Eris
442 773 538 809 enim
558 775 674 820 primo
694 777 772 813 sine
789 778 897 815 dubio
917 780 1108 818 simulator

56 827 271 874 obsequens,
305 842 378 868 non
409 834 587 873 charitate
609 838 672 874 scd
691 838 831 884 fraude,
851 841 959 877 veluti
979 853 1105 881 amans

41 896 135 924 cum
168 900 188 925 a
209 900 280 936 quo
300 897 337 928 te
360 895 460 940 cupis
486 896 566 932 fieri
597 898 790 935 haeredem.
824 900 991 939 Amando
1020 914 1103 941 eum

48 949 141 984 mori
161 953 307 997 quaeris,
333 959 370 990 et
385 960 424 991 ut
439 956 475 991 in
491 967 530 993 re
546 958 623 1004 ejus
645 964 678 995 te
701 959 824 997 videas
841 971 1099 1009 possessorem,

47 1007 100 1044 illi
119 1009 255 1049 invides
272 1023 531 1052 successorem.

433 1076 584 1114 CAPUT
610 1079 702 1117 XIV.

45 1131 98 1167 De
114 1143 153 1168 eo
169 1133 263 1179 quod
281 1138 485 1181 perterritus
503 1146 552 1174 est
571 1140 718 1186 populus
734 1169 744 1185 ‚
763 1142 904 1179 visionis
922 1146 1098 1191 maqnitu-

389 1183 505 1220 dinem
526 1197 593 1221 non
618 1187 744 1233 serens.

87 1238 239 1278 Cunctus
260 1249 375 1280 autem
392 1247 539 1292 populus
555 1249 689 1285 videbat
703 1262 798 1288 voces
818 1259 850 1289 et
869 1255 1046 1301 tampades
1064 1262 1096 1292 et

40 1301 188 1337 sonitum
211 1303 364 1341 buccinae
381 1333 390 1349 ,
412 1314 628 1356 montemque
649 1310 842 1355 fumantem
862 1314 992 1362 (Emod.
1014 1319 1091 1366 xx).

39 1359 136 1398 Solet
157 1365 269 1408 quaeri
292 1368 470 1411 quomodo
494 1371 646 1417 populus
668 1373 813 1411 videbat
838 1387 982 1423 vocem,
1011 1388 1093 1419 cum

37 1431 106 1457 vox
119 1433 190 1459 non
200 1424 246 1460 ad
260 1425 388 1471 visum,
402 1429 463 1465 sed
474 1431 591 1475 potius
607 1433 651 1468 ad
666 1435 826 1472 auditum
837 1443 1017 1484 pertinere
1035 1444 1090 1479 vi-

35 1482 173 1520 deatur.
215 1485 285 1523 Sed
308 1489 415 1525 modo
442 1491 561 1538 aliquo
580 1521 589 1537 ,
615 1495 725 1532 veluti
750 1498 868 1536 dicam
890 1514 897 1537 ε
918 1503 1091 1542 Videatur

35 1543 79 1579 de
97 1546 262 1584 omnibus
278 1558 358 1593 quae
384 1561 404 1585 a
428 1562 485 1588 nie
510 1553 605 1590 dicta
631 1563 724 1593 sunt.
756 1557 817 1595 Sic
846 1562 968 1599 videre
998 1566 1090 1602 solet

34 1614 98 1649 pro
116 1608 272 1652 generali
295 1620 400 1646 sensu
419 1614 518 1657 poni,
538 1626 610 1651 non
632 1618 747 1654 solum
765 1623 939 1667 corporis,
961 1636 1087 1664 verum

34 1666 141 1701 ctiam
158 1668 280 1704 animi.
298 1670 400 1708 Unde
416 1678 470 1709 est
488 1674 574 1710 illud
594 1688 601 1711 :
623 1676 711 1714 Cum
724 1680 862 1718 vidisset
875 1683 984 1721 Jacob
1004 1690 1086 1734 quia

34 1732 110 1760 sunt
127 1738 214 1763 escce
231 1730 266 1764 in
292 1730 447 1778 AEyypto
470 1733 570 1780 (Gen.
587 1739 681 1785 xm);
698 1741 791 1777 unde
814 1743 936 1790 utique
958 1747 1086 1786 absens

34 1792 122 1821 erat.
145 1787 357 1835 Quanquam
386 1794 560 1839 nonnulli,
578 1797 700 1834 videre
716 1809 853 1847 vocem,
878 1805 969 1842 nihil
988 1808 1084 1846 aliud

34 1857 108 1884 esse
142 1850 306 1887 arbitrati
342 1859 447 1898 sunt,
482 1866 589 1902 quam
626 1859 827 1908 intelligere
853 1876 861 1899 :
891 1868 953 1911 qui
984 1869 1083 1908 visus

33 1913 82 1944 est
107 1911 250 1947 mentis.
273 1911 362 1948 Cum
381 1924 466 1952 vero
490 1917 548 1953 hic
581 1919 739 1957 breviter
770 1924 961 1963 dicendum
985 1936 1082 1967 esset

34 1970 120 2015 quod
137 1972 297 2018 populus¹
308 1974 452 2012 videbat
475 1988 598 2016 vocem
615 1987 651 2018 et
668 1982 865 2030 lampades,
894 1994 930 2024 et
953 1999 1079 2028 vocem

28 2029 121 2067 tubae
135 2036 171 2067 et
186 2038 345 2071 montem
367 2035 585 2085 fumantem,
608 2044 757 2088 quaestio
786 2047 900 2093 major
921 2051 1078 2090 oriretur

22 2092 203 2136 quomodo
231 2095 398 2133 audiebat
424 2098 605 2146 lampades
626 2108 663 2139 et
683 2111 842 2143 montem
861 2108 1076 2158 fumantem,

22 2153 117 2198 quod
132 2155 285 2200 pertinet
302 2158 348 2194 ad
367 2169 511 2197 sensum
526 2162 683 2209 videndi,
707 2166 775 2202 nisi
794 2169 874 2214 quis
891 2171 989 2208 dieat
1011 2184 1079 2211 nec

32 2222 96 2248 ,am
123 2214 281 2252 breviter
308 2217 417 2256 fuisse
440 2221 640 2267 dicendum,
670 2231 710 2262 ut
735 2232 847 2264 totum
868 2231 1077 2271 diceretur:

34 2273 190 2310 iudiebat
205 2286 327 2313 vocem
347 2284 383 2314 et
405 2280 546 2318 videbat
562 2283 756 2331 lampades,
777 2295 813 2325 et
832 2292 1000 2330 audiebat
1016 2306 1079 2333 vo-

32 2343 100 2370 :cm
118 2337 224 2380 tubae,
242 2344 278 2374 et
290 2339 433 2377 videbat
445 2350 602 2380 montem
616 2346 837 2386 fumantem?
855 2352 932 2390 Duo
947 2356 1078 2403 quippe

31 2404 151 2440 genera
165 2391 262 2434 vocis
275 2405 377 2436 erant
395 2402 439 2438 de
454 2405 619 2449 nubibus,
638 2407 730 2444 sicut
746 2412 901 2449 tonitrua
917 2420 952 2451 et
968 2417 1075 2453 tuba:

23 2456 51 2492 si
69 2461 184 2494 tamen
206 2459 320 2506 ipsam
343 2463 432 2499 dixit
449 2475 587 2510 vocem,
608 2478 688 2513 quae
712 2471 754 2507 de
772 2474 927 2511 nubibus
946 2478 1076 2515 edeba-

20 2526 92 2562 tur,
107 2529 150 2555 ac
166 2530 231 2566 per
248 2522 316 2559 hoc
332 2525 460 2562 melius
473 2527 509 2562 in
524 2528 580 2563 his
594 2539 674 2576 quae
688 2532 733 2567 ad
747 2544 891 2573 sensum
907 2540 1075 2578 audiendi

31 2579 260 2625 ier-tinebant,
282 2585 457 2629 generalis
473 2597 599 2626 sensus
613 2599 667 2626 est
690 2595 840 2639 positus,
861 2598 929 2634 hoc
945 2605 1000 2635 est
1024 2601 1075 2636 vi-

31 2637 144 2681 lendi;
171 2649 253 2674 cum
277 2642 435 2679 breviter
454 2651 568 2682 totum
587 2649 693 2686 vellet
711 2651 897 2699 Scriptura
917 2660 1074 2706 comple-

31 2696 81 2739 :ti‚
102 2707 209 2742 quam
222 2704 262 2734 ut
275 2699 311 2735 in
326 2700 383 2737 his
396 2712 475 2747 quae
488 2706 668 2750 pertinent
685 2711 729 2746 ad
748 2712 892 2750 videndi
910 2726 1071 2764 sensum,

30 2755 346 2805 subintelligeretur
373 2762 514 2800 auditus
532 2777 540 2799 :
558 2776 628 2811 quo
651 2779 752 2807 more
770 2771 867 2818 loqui
885 2786 956 2812 non
977 2778 1070 2815 sole-

23 2824 110 2854 ¹nus.
144 2818 234 2856 Nam
260 2821 342 2858 vide
374 2823 458 2870 quid
493 2833 608 2871 sonet,
648 2830 804 2870 solemus
828 2835 970 2874 dicere:
986 2841 1069 2878 audi

14 2877 104 2922 ¹quid
127 2878 255 2925 luceat,
277 2892 347 2918 non
373 2884 542 2923 solemus.

64 2938 109 2975 Et
121 2944 294 2988 perterriti
308 2957 349 2981 ac
361 2958 487 2993 pavore
501 2954 674 2997 concussi,
688 2960 853 2994 steterunt
866 2962 1001 3008 procul,
1013 2964 1068 3001 di-

16 3003 126 3036 :emes
146 3000 261 3049 Moysi
275 3004 456 3054 :Loquere
473 3015 511 3046 tu
528 3012 637 3058 nobis,
656 3020 688 3050 et
705 3018 887 3056 audiemus
905 3033 912 3057 :
930 3034 999 3061 non
1015 3025 1068 3062 lo-

404 3276 661 3320 PRAEFATIO.

58 3327 102 3367 h
121 3331 418 3381 priore-quidem
450 3338 555 3385 libro,
583 3352 691 3388 quem
708 3345 753 3383 ab
786 3349 886 3386 exitu
903 3346 1059 3391 filiorum

31 3389 121 3427 smel
138 3391 182 3428 de
205 3392 362 3442 AEgypto
386 3397 609 3446 inchoamus,
630 3403 727 3441 circa
746 3405 856 3445 finem
874 3410 920 3447 de
950 3414 1061 3451 tradi-

32 3446 116 3485 ἰώ
126 3449 215 3498 tegis
233 3453 271 3490 in
286 3461 407 3492 monte
429 3457 529 3495 Sinai
548 3470 870 3504 commemoratum
896 3476 964 3507 est.
988 3473 1061 3510 Sed

123 3567 144 3618 4ῘΓ
168 3582 207 3610 ιιι
222 3577 383 3621 praedicti
405 3578 488 3617 libri
506 3581 586 3620 fieri
604 3588 823 3634 censuimus,
842 3600 1057 3637 praesentem

14 3619 209 3676 11¹¹!st
226 3634 285 3672 bis
299 3646 379 3682 quae
398 3645 550 3687 restant,
577 3652 623 3680 ex
643 3647 822 3686 mandatis
842 3651 983 3689 Domini
1005 3660 1060 3692 at-

65 3679 245 3745 “Q
269 3695 361 3734 datis
383 3708 448 3744 per
466 3700 611 3749 Moysen
630 3707 762 3753 populo
782 3708 906 3754 lsrael,
930 3717 1057 3752 texen-

43 3753 103 3787 um
126 3750 474 3808 cumsimilis..
498 3767 540 3799 ut
563 3764 656 3804 sicut
680 3768 946 3819 conjunguntur
966 3785 1060 3823 prae-

201 3809 381 3863 Puznot..
408 3820 550 3864 cvm.

703 158 1038 199 COMMENTARIA
1061 159 1110 198 IN
1132 160 1342 203 EXODUM.
1368 185 1416 194 -—-
1439 168 1528 207 ΠΒ.
1551 170 1611 208 111.

71 226 138 271 tui,
170 227 388 266 moriuntur.
419 229 508 268 illud
535 229 728 271 molestum
754 237 830 276 est.
860 243 906 270 ne
931 243 998 280 per
1024 235 1120 272 hanc
1136 240 1172 278 A
1187 242 1317 284 quatur
1336 239 1434 275 nobis
1458 241 1569 287 Deus,
1599 254 1642 280 ne
1671 244 1760 290 forte
1785 249 1992 289 moriamur.
2029 254 2180 298 Multum
2206 268 2246 301 et

2175 186 2248 225 too

1185 297 1299 334 solide
1323 300 1551 346 significatur
1573 306 1619 341 ad
1643 304 1755 344 Vetus
1781 307 2052 352 Testamentum
2077 320 2246 362 timorem

1183 358 1303 404 potius
1320 361 1515 407 pertinere,
1533 363 1628 401 sicut
1644 367 1689 403 ad
1706 366 1846 405 Novum
1859 371 2088 412 dilectionem
2108 390 2117 414 ε
2133 391 2246 426 quan.

1183 427 1290 463 quain
1307 424 1343 455 et
1367 420 1404 456 in
1435 423 1556 460 Veteri
1575 424 1713 463 Novum
1733 427 1854 474 lateat,
1876 437 1913 467 et
1940 432 1978 470 in
2010 433 2110 473 Novo
2130 439 2244 480 Vetus

1179 482 1314 524 pateat.
1341 480 1528 525 Quomodo
1547 491 1666 523 autem
1689 489 1750 525 tali
1768 491 1901 538 populo
1920 493 2102 533 tribuatur
2119 498 2245 539 videre

1173 528 1303 576 vvocem
1327 540 1404 586 Dei,
1430 544 1462 580 si
1483 546 1552 582 hoc
1574 548 1822 594 accipiendum
1842 558 1898 590 est
1918 554 2133 604 intelligere,
2158 569 2242 598 cum

1178 598 1247 636 sibi
1272 599 1370 647 loqui
1393 603 1507 642 Deum
1530 607 1681 646 timeant
1710 620 1756 648 ne
1787 614 2015 664 moriantur,
2047 629 2120 656 non
2151 621 2242 659 satis

1179 660 1300 700 elucet

1574 729 1726 769 CAPUT
1756 734 1833 771 XV.

1370 786 1561 835 Responsio
1583 791 1698 839 Moysi
1717 794 1763 830 ad
1783 794 1876 841 filios
1893 797 2020 838 Israel.

1220 843 1267 880 Et
1286 846 1335 882 ait
1353 846 1491 895 Moyses
1511 852 1557 886 ad
1575 853 1768 898 populum:
1786 855 1905 894 Nolite
1920 859 2054 897 timere.
2078 860 2122 898 Ut
2142 865 2234 902 enim

1171 906 1332 950 probaret
1357 920 1436 954 vos,
1462 912 1550 948 veni!
1571 913 1689 958 Deus;
1710 922 1743 951 et
1761 923 1798 952 ut
1817 924 1931 955 terror
1956 921 2052 958 illius
2076 931 2163 961 esset
2196 926 2234 962 in

1170 966 1276 1008 vobis,
1308 974 1342 1003 et
1368 981 1437 1006 non
1463 976 1664 1018 peccaretis.
1694 977 1863 1026 Stetitque
1886 983 2033 1029 populus
2052 985 2094 1021 de
2117 985 2231 1034 lonqe.

1169 1025 1309 1074 Moyses
1326 1036 1443 1066 autem
1465 1037 1608 1070 accessit
1630 1037 1676 1072 ad
1698 1038 1881 1085 caliginem
1898 1043 1935 1079 in
1952 1056 2021 1091 qua
2039 1053 2113 1083 erat
2134 1048 2232 1086 Deus

1168 1084 1299 1131 (Exod.
1328 1089 1404 1135 xx).
1435 1090 1496 1128 Sic
1530 1093 1581 1129 illi
1613 1097 1802 1134 cohibendi
1829 1101 1973 1139 fuerant
2003 1114 2024 1139 a
2056 1110 2228 1154 peccatis,

1115 1164 1147 1203 B
1166 1145 1291 1192 utique
1306 1149 1466 1187 timendo
1487 1163 1531 1189 ne
1549 1164 1676 1200 poenas
1696 1159 1886 1198 sensibiles
1904 1168 2128 1210 paterentur,
2146 1170 2230 1214 quia

1165 1208 1326 1245 nondum
1358 1218 1525 1257 poterant
1554 1227 1678 1254 amare
1701 1219 1900 1268 justitiam;
1932 1230 1969 1262 et
1993 1226 2029 1262 in
2050 1227 2119 1265 hoc
2149 1236 2229 1266 erat

1165 1266 1235 1303 illis
1253 1271 1404 1307 tentatio
1422 1282 1443 1307 a
1460 1273 1625 1319 Domino,
1647 1287 1718 1323 qua
1739 1281 1958 1328 probantum
1975 1291 2016 1321 ut
2036 1296 2229 1334 appareret

1162 1327 1363 1372 cujusmodi
1391 1339 1624 1372 essentznon
1655 1344 1694 1374 ut
1731 1339 1804 1377 Deo
1831 1344 1907 1380 noti
1934 1344 2086 1392 fierent,
2117 1360 2225 1396 quem

1161 1398 1233 1425 non
1252 1389 1386 1427 latebat
1403 1394 1671 1444 qualescunque
1695 1409 1834 1447 essent;
1856 1406 1919 1442 sed
1939 1413 1979 1443 ut
2002 1408 2097 1446 inter
2117 1421 2155 1447 se
2181 1422 2225 1448 ac

1160 1448 1317 1486 sibimet.
1347 1452 1497 1490 Multum
1526 1462 1645 1494 tamen
1671 1460 1750 1498 istis
1775 1466 1974 1504 terroribus
2001 1469 2222 1510 Testamenti

1159 1506 1312 1554 veteris,
1329 1512 1530 1552 differentia
1547 1524 1833 1569 commendatur,
1852 1529 1946 1572 quod
1962 1530 2071 1567 etiam
2086 1532 2123 1568 in
2140 1534 2223 1581 Epi-

1158 1570 1250 1606 stola
1273 1573 1318 1608 ad
1343 1572 1511 1614 Hebraeos
1533 1580 1719 1625 aptissime
1740 1585 1875 1623 dictum
1894 1595 1962 1625 est.
1990 1591 2131 1639 Moyses
2156 1605 2222 1632 au-

1156 1633 1228 1666 tem
1252 1631 1400 1671 intravit
1418 1636 1455 1672 in
1471 1639 1640 1677 nebulam
1668 1643 1728 1679 ubi
1754 1653 1832 1683 erat
1857 1649 1972 1694 Deus,
1999 1653 2035 1689 id
2061 1661 2131 1699 est,
2158 1658 2221 1695 ubi

1157 1694 1384 1736 expressiora
1406 1697 1543 1736 fiebant
1575 1701 1675 1748 signa
1701 1706 1832 1751 quibus
1856 1713 2086 1757 cognoscitur
2109 1716 2218 1756 Deus.

1153 1750 1244 1789 Nam
1267 1758 1446 1800 quomodo
1475 1761 1606 1797 nebula
1626 1770 1705 1800 erat
1736 1768 1794 1803 cui
1825 1770 1908 1806 coeli
1938 1773 2110 1811 coelorum
2144 1788 2218 1816 non

1152 1815 1358 1863 sufficiunt,
1394 1821 1464 1857 nisi
1497 1826 1798 1869 quemadmodum
1828 1843 2006 1880 nusquam
2040 1848 2113 1875 non
2147 1846 2215 1885 est,

1149 1877 1211 1922 qui
1229 1878 1266 1914 in
1282 1879 1361 1916 loco
1386 1883 1484 1920 nullo
1511 1887 1594 1922 est?
1615 1887 1654 1923 In
1673 1898 1777 1927 sacro
1801 1892 1944 1940 eloquio
1969 1898 2214 1946 intelligentiae

1148 1947 1279 1985 magna
1298 1940 1467 1978 discretio
1484 1950 1551 1981 est.
1579 1946 1680 1994 Saepe
1704 1952 1799 1988 enim
1821 1953 1856 1990 in
1883 1957 2099 2002 quibusdam
2122 1961 2212 1999 locis

1148 1998 1243 2036 illius
1262 2007 1299 2036 et
1326 2002 1477 2040 historia
1501 2010 1677 2046 servanda
1703 2018 1758 2048 est
1782 2019 1818 2050 et
1842 2016 2038 2064 allegoria:
2056 2026 2094 2057 ct
2119 2033 2216 2070 saepe

1097 2076 1127 2119 C
1149 2058 1186 2094 in
1223 2061 1436 2105 quibusdam
1470 2066 1546 2103 sola
1579 2071 1799 2116 exquirenda
1829 2082 1885 2113 est
1913 2078 2110 2125 allegoria;
2146 2084 2213 2121 ali-

1150 2123 1293 2166 quando
1316 2135 1402 2162 vero
1430 2127 1506 2164 sola
1535 2140 1682 2170 necesse
1710 2141 1766 2172 est
1792 2143 1829 2172 ut
1857 2144 2023 2177 tencatur
2047 2145 2211 2182 historia.

1148 2181 1239 2220 Nam
1258 2186 1293 2221 in
1310 2188 1523 2232 quibusdam
1546 2192 1655 2238 locis,
1677 2196 1771 2233 sicut
1798 2198 1973 2245 diximus,
1996 2203 2147 2243 historia
2166 2207 2214 2244 si-

1148 2244 1223 2281 mul
1241 2248 1391 2284 tenenda
1414 2255 1519 2287 estet
1535 2252 1704 2300 allegoria
1720 2268 1728 2292 :
1745 2262 1781 2293 et
1805 2264 1844 2295 ut
1866 2261 2042 2300 tardiores
2062 2275 2212 2311 pascan-

1147 2311 1207 2341 tur
1238 2318 1303 2353 per
1333 2310 1535 2358 historiam,
1553 2320 1589 2350 et
1611 2317 1811 2357 velociores
1839 2321 1980 2368 ingenio
2002 2334 2068 2370 per
2081 2327 2211 2375 allego-

1145 2367 1250 2403 riam.
1285 2369 1386 2406 Unde
1404 2382 1485 2408 eum
1511 2374 1680 2422 loquente
1702 2379 1773 2416 Deo
1799 2383 1952 2429 populus
1971 2385 2154 2433 lampades
2174 2396 2210 2426 et

1146 2429 1303 2466 sonitum
1334 2431 1497 2471 buceinae
1524 2442 1560 2473 et
1584 2446 1743 2477 montem
1767 2442 2004 2492 fumigantem
2025 2456 2205 2494 cerneret,

1144 2490 1357 2533 perterritus
1380 2494 1484 2538 petiit
1500 2501 1540 2531 ut
1557 2498 1610 2534 eis
1634 2509 1700 2544 per
1720 2502 1866 2547 Moysen
1886 2506 2058 2544 Dominus
2082 2509 2207 2555 loque-

1142 2550 1254 2580 retur.
1274 2546 1456 2595 Scriptum
1474 2558 1549 2589 est:
1571 2555 1674 2591 Stetit
1687 2560 1835 2605 populus
1853 2563 1896 2598 de
1914 2564 2014 2611 lonae
2032 2575 2044 2600 .·
2066 2567 2206 2615 Moyses

1143 2607 1285 2641 accessit
1307 2608 1352 2643 ad
1375 2609 1559 2656 caliqinem
1574 2615 1610 2649 in
1626 2627 1693 2662 qua
1710 2626 1783 2654 erat
1802 2620 1908 2658 Deus.
1938 2624 2058 2662 Turba
2073 2628 2205 2675 quippe

1141 2666 1276 2710 populi,
1301 2667 1556 2716 allegoriarum
1580 2675 1769 2722 caliginem
1789 2691 1861 2718 non
1881 2685 1974 2721 valet
1991 2693 2201 2736 penetrare,

1141 2724 1224 2768 quia
1241 2726 1342 2764 valde
1355 2738 1554 2774 paucorum
1574 2741 1642 2779 est,
1659 2739 1885 2783 spiritualem
1907 2745 2128 2785 intellectum
2154 2752 2203 2789 ri-

1138 2786 1242 2822 mari.
1283 2788 1372 2833 Quia
1394 2793 1489 2829 enim
1508 2803 1648 2835 mentes
1665 2803 1863 2841 carnalium
1882 2808 1957 2844 sola
1978 2820 2072 2857 saepe
2087 2814 2201 2851 histo-

1138 2846 1190 2881 ria
1210 2856 1419 2896 pascuntur,
1443 2854 1612 2902 loquente
1632 2860 1720 2906 Deo,
1742 2866 1835 2900 stetit
1855 2869 2003 2913 populus
2018 2872 2060 2907 de
2081 2874 2197 2922 tonqe.

1138 2905 1227 2949 Quia
1246 2919 1332 2946 vero
1349 2913 1554 2958 spirituales
1568 2919 1700 2966 quique
1720 2922 1971 2971 allegoriarum
1986 2930 2118 2968 nubem
2137 2944 2198 2980 pe-

1083 2977 1119 3016 D
1137 2973 1295 3015 netrant‚
1317 2978 1354 3009 ut
1371 2976 1608 3020 spiritualiter
1630 2982 1693 3020 Dei
1715 2985 1824 3022 verba
1843 2997 2083 3037 cognoscant,
2105 2994 2198 3043 Moy-

1139 3039 1198 3067 ses
1222 3035 1374 3072 accessit
1392 3037 1438 3073 ad
1460 3039 1663 3089 caliginem,
1690 3045 1727 3082 in
1754 3057 1826 3093 q-ua
1847 3054 1926 3087 erat
1944 3052 2053 3091 Deus.

835 3158 1037 3215 LIBER
1086 3167 1406 3225 TERTIUS.
1770 3141 1780 3150 ·

1131 3304 1238 3346 cepta
1270 3295 1474 3354 praeceptis,
1508 3309 1560 3348 ita
1579 3315 1816 3360 expositionis
1840 3322 2049 3361 eorumdem
2073 3325 2191 3364 conti-

1130 3365 1288 3398 nuentur
1301 3362 1398 3403 libri.

1477 3432 1627 3472 CAPUT
1652 3437 1845 3477 PRIMUM.

1132 3483 1314 3535 Proecepta
1341 3491 1452 3536 juris,
1487 3506 1565 3541 quae
1593 3499 1772 3534 constituit
1800 3499 1973 3540 Dominus
1998 3505 2038 3542 in
2070 3513 2188 3548 monte

1390 3537 1508 3584 Sinai,
1529 3541 1672 3587 loquens
1693 3544 1740 3579 ad
1763 3545 1923 3592 Moysen.

1177 3599 1277 3636 Dixit
1295 3611 1465 3648 proeterea
1490 3607 1663 3645 Dominus
1695 3613 1742 3648 ad
1767 3613 1915 3662 Moysen
1939 3629 1953 3656 .·
1973 3619 2063 3658 Hoec
2086 3622 2186 3660 dices

1128 3659 1212 3704 filiis
1233 3659 1348 3696 Israel
1364 3672 1378 3698 .·
1403 3663 1471 3700 Vos
1497 3667 1630 3705 vidistis
1653 3673 1747 3717 quod
1769 3675 1813 3711 de
1834 3675 1919 3716 coelo
1943 3679 2079 3718 locutus
2104 3693 2184 3720 sum

1129 3719 1236 3754 vobis.
1257 3719 1341 3756 Non
1365 3721 1504 3768 facietis
1528 3727 1622 3764 vobis
1646 3730 1730 3768 deos
1752 3742 1936 3781 arqenteos
1953 3764 1962 3781 ,
2001 3750 2062 3775 nec
2096 3741 2182 3780 deos

1130 3789 1255 3816 aureos
1283 3780 1421 3825 facietis
1442 3785 1549 3825 vobis.
1575 3788 1695 3828 Altare
1716 3792 1759 3830 de
1793 3799 1888 3832 terra
1915 3797 2052 3844 facietis
2076 3801 2180 3849 milii,

1854 3856 1881 3896 lt
