2540 4016
330 174 399 210 84⁷

769 170 811 206 Β.
838 169 1009 207 ΒΑΒΑΝΙ
1035 170 1182 208 MAURl
1203 170 1416 208 ARCHIEP.
1442 172 1648 212 MOGUNT.
1676 174 1866 214 OPERUM
1891 176 2012 215 PARS
2035 178 2063 214 1.

328 247 378 282 tia
391 233 490 281 enim
507 244 629 280 carnis
643 244 745 289 vivit,
763 255 844 281 cum
864 250 1038 292 tanquam
1061 251 1162 292 petra
1180 256 1374 292 percussa,
1393 248 1430 289 A
1445 253 1539 292 sunt,
1560 253 1598 284 et
1615 248 1819 295 gigantibus
1838 251 2059 297 proceritate
2081 251 2371 299 coaequabantur,
2388 257 2457 295 sim

325 305 460 341 Christi
493 305 680 342 humilitas
715 306 752 342 in
778 316 885 342 eruce
923 307 1181 343 contemnitur.
1207 305 1373 344 Christus

325 364 522 402 crucifixus
546 364 680 402 Judaeis
717 366 925 402 scandalum
955 371 1029 409 est,
1059 365 1228 410 gentibus
1253 372 1376 404 autem

323 426 491 462 stultitia.
507 426 552 461 Et
567 426 759 472 prudentia
777 427 896 462 carnis
910 425 1078 470 moritur,
1097 436 1181 463 cum
1201 431 1374 474 tanquam

323 486 456 523 montis
499 486 697 522 eminentia
741 485 906 522 Christus
943 485 1107 523 excelsus
1151 488 1371 534 agnoscitur.

322 545 414 591 Ipsis
438 545 535 581 enim
560 545 697 581 vocatis
722 545 854 582 Judaeis
881 551 918 583 et
952 545 1102 591 Graecis,
1125 545 1292 585 Christus
1308 547 1373 584 Dei

322 607 452 651 virtus,
471 611 508 643 et
527 607 592 643 Dei
609 607 787 653 sapientia
806 612 874 643 est.

729 681 880 718 CAPUT
909 682 967 719 lv.

320 742 373 777 De
389 741 470 784 hoc,
486 741 579 788 quod
597 742 760 788 prohibiti
785 749 866 778 sunt
911 754 1042 789 uqnare
1058 741 1371 790 Israelitaejcontra

631 787 805 824 Moabitas
826 796 857 824 et
893 789 1066 825 dumaeos.

369 847 487 896 (lem.)
519 861 531 881 ι
559 847 722 894 Cumque
753 849 919 885 instructi
953 850 1064 886 armis
1099 849 1300 896 pergeretis
1334 849 1371 886 in

326 923 337 943 ‹
366 915 540 954 montem,
568 910 619 946 ait
653 910 743 945 mihi
766 910 941 947 Dominus
964 923 972 946 ε
1000 911 1065 947 Die
1093 913 1138 947 ad
1173 921 1236 948 eos
1263 922 1274 947 ε
1300 911 1372 947 Ne-

325 983 337 1004 «
366 971 430 1007 lite
457 971 822 1017 ascendere‚·neque
848 972 1029 1018 pugnetis.
1057 971 1135 1008 Non
1166 973 1263 1008 enim
1292 983 1371 1009 sum

324 1042 336 1063 ι
366 1030 565 1073 vobiscum,
582 1030 795 1067 ne·cadatis
812 1040 933 1066 coram
951 1031 1107 1067 inimicis
1136 1033 1280 1068 vestris.
1299 1032 1370 1067 Lo-

323 1102 335 1123 «
366 1095 471 1125 cutus
498 1100 578 1125 sum
605 1095 642 1125 et
661 1089 814 1124 audistis
836 1101 843 1124 ε
867 1090 931 1125 sed
956 1090 1190 1125 adversantes
1219 1091 1370 1136 imperio

322 1164 334 1183 ‹
366 1150 523 1193 Domini,
566 1156 602 1185 et
636 1155 814 1185 tumentes
855 1150 1035 1195 superbia,
1079 1151 1293 1186 ascendistis
1332 1146 1419 1186 inB

321 1226 335 1249 ι
365 1219 539 1250 montem.
558 1213 681 1259 Itaque
698 1211 931 1248 Amorrhaeus
950 1223 1129 1258 egressuS,
1147 1214 1207 1258 qui
1225 1214 1368 1249 habita-

321 1288 334 1310 «
365 1276 428 1311 bat
447 1276 483 1310 in
503 1274 685 1310 montibus
698 1279 735 1309 et
750 1274 892 1308 obviam
910 1274 1073 1316 veniens,
1094 1280 1305 1318 persecutus
1316 1280 1370 1309 est

321 1349 334 1371 ι
363 1347 440 1379 vos,
461 1336 554 1371 sicut
573 1335 690 1370 solent
721 1344 807 1379 apes
827 1334 996 1378 persequi
1016 1346 1023 1367 :
1047 1339 1084 1368 et
1115 1334 1297 1369 cecidistis
1327 1335 1370 1369 de

321 1408 332 1429 ι
365 1395 446 1431 Seir
468 1403 583 1438 usque
613 1392 760 1434 Horma,
796 1398 867 1426 etc.
895 1404 906 1424 ι
932 1391 1015 1426 Haec
1042 1392 1221 1429 sententia
1244 1392 1371 1426 huma-

315 1467 398 1492 nam
418 1456 574 1501 percutit
591 1453 812 1498 superbiam,
835 1462 915 1497 quae
935 1453 977 1487 de
994 1453 1068 1487 suis
1084 1451 1222 1487 viribus
1239 1462 1372 1497 praesu-

317 1518 396 1560 mit,
418 1521 537 1551 etnon
556 1515 593 1549 in
612 1514 675 1549 Dei
697 1512 845 1549 confidit
860 1512 1033 1558 potentia.
1054 1511 1252 1547 Amorrhaei
1268 1522 1370 1558 ergo,

315 1579 377 1625 qui
399 1579 695 1623 interpretantur,
718 1580 758 1610 ut
783 1574 946 1620 superius
966 1574 1122 1609 diximus
1139 1601 1148 1616 ,
1170 1574 1372 1608 amarican-

316 1648 384 1683 tes,
405 1641 527 1675 hostes
547 1642 630 1673 sunt
648 1636 843 1682 spiritales,
862 1636 923 1680 qui
944 1635 1109 1670 habitant
1130 1634 1165 1669 in
1186 1634 1371 1670 montibus

317 1701 506 1746 superbiae,
534 1704 572 1733 et
598 1702 903 1744 praesumptuosos
926 1700 1068 1731 necant.
1091 1695 1140 1730 De
1157 1693 1238 1729 Seir
1256 1704 1372 1739 usque

315 1763 465 1804 Horma,
501 1761 570 1796 hoc
590 1766 657 1802 est,
691 1758 774 1803 qnia
809 1757 974 1803 squalore
1001 1757 1172 1791 vitiorum
1207 1755 1372 1791 sordibus

315 1834 388 1860 non
419 1823 547 1858 metuit
567 1821 691 1868 pollui,
730 1821 826 1855 hunc
857 1828 1006 1854 necesse
1030 1823 1084 1854 est
1115 1828 1181 1864 pro
1211 1817 1372 1863 pristinis

316 1883 469 1925 meritis,
499 1882 673 1928 gehennae
704 1880 846 1926 ignibus
866 1878 971 1913 tradi.
999 1878 1173 1913 Caelestes
1190 1877 1287 1912 enim
1311 1886 1374 1911 ne-

316 1943 438 1989 quitiae
459 1952 537 1988 quse
558 1941 744 1976 interitum
766 1944 930 1975 nostrum
952 1938 1171 1979 desiderant,
1196 1943 1233 1972 et
1259 1942 1373 1973 terre-

315 2004 373 2039 nis
395 2002 657 2049 cupiditatibus
685 2011 750 2036 nos
772 1999 956 2045 implicare
986 1997 1122 2039 volunt,
1153 1997 1184 2033 si
1205 2007 1374 2044 perseve-

315 2065 517 2100 raverimus
532 2064 567 2098 in
586 2062 788 2108 pcccatiset
803 2061 838 2095 in
855 2060 1036 2096 montibus
1052 2059 1231 2105 superbiae
1249 2069 1376 2095 ascen-

317 2125 402 2159 dere
422 2133 493 2158 non
528 2122 748 2163 desistimus,
780 2121 970 2155 concident
1002 2130 1071 2155 nos
1093 2119 1216 2166 ignitis
1232 2118 1372 2163 jaculis,

315 2187 427 2228 atque
459 2181 653 2216 anathema
686 2185 901 2225 perpetuum
927 2180 1140 2225 perducent.
1165 2179 1268 2215 Unde
1289 2189 1373 2220 non,

316 2240 513 2277 secundum
541 2238 815 2283 Pelagimiistas,
848 2240 891 2274 (le
921 2244 1046 2274 nostra
1068 2238 1146 2273 sine
1167 2238 1281 2284 gratia
1310 2237 1374 2272 Dei

314 2309 535 2347 praesumere
553 2299 724 2335 debemus
744 2299 921 2344 potentia,
950 2299 1013 2334 sed
1038 2298 1287 2333 infirmitatem
1307 2307 1374 2333 no-

315 2367 430 2397 stram
451 2360 738 2402 considerantes,
774 2359 811 2394 id
839 2359 936 2404 quod
955 2358 1098 2394 Domini
1120 2367 1183 2393 ore
1213 2357 1376 2393 decerni·

316 2429 387 2465 tur,
412 2421 651 2457 obediendum
677 2425 714 2455 et
736 2420 958 2465 sequendum
975 2429 1040 2464 per
1055 2419 1176 2454 omnia
1194 2419 1298 2454 nobis
1314 2419 1376 2454 hu-

313 2482 448 2517 militer
479 2481 685 2523 credamus,
707 2480 831 2526 sicque
860 2479 965 2515 nobis
999 2479 1121 2516 hostes
1139 2479 1261 2515 cuncti
1281 2478 1375 2514 inse-

316 2543 431 2577 riores
452 2541 632 2583 existunt,
652 2545 687 2576 et
717 2540 763 2575 ad
784 2540 942 2576 eoelestis
961 2540 1089 2585 patriae
1107 2540 1236 2586 gaudia
1253 2566 1263 2583 ,
1297 2549 1376 2584 quae

314 2602 417 2637 nobis
438 2601 618 2647 promissa
637 2607 735 2643 sunt,
760 2600 953 2646 pervenire
971 2610 1035 2646 per
1059 2599 1204 2635 Domini
1234 2599 1378 2635 miseri-

315 2664 475 2700 cordiam
494 2662 783 2708 praevalebimus.
823 2660 922 2708 (cip.
947 2660 1004 2708 ιι.)
1032 2673 1043 2694 ‹
1067 2660 1238 2706 Dixitque
1254 2660 1377 2696 Domi-

319 2737 331 2757 «
365 2734 433 2758 nus
460 2724 505 2757 ad
537 2733 595 2758 me
626 2722 734 2758 :Non
765 2733 903 2768 pugnes
937 2727 1064 2758 contra
1091 2721 1279 2764 Moabitas,
1309 2732 1377 2758 nec

321 2795 333 2817 α
365 2784 464 2818 ineas
488 2782 660 2818 adversus
682 2792 743 2817 eos
766 2783 929 2827 praelium
958 2796 966 2818 :
987 2793 1059 2818 non
1078 2783 1175 2818 enim
1191 2783 1283 2819 dabo
1310 2782 1376 2818 tibi

320 2856 333 2879 ‹
362 2843 562 2890 quidquam
580 2842 624 2877 de
642 2846 740 2876 terra
761 2841 907 2884 eorum',
939 2842 1023 2887 quia
1045 2842 1128 2877 filiis
1151 2842 1244 2878 Loth
1265 2841 1376 2878 tradi-

321 2917 334 2938 «
364 2905 399 2941 di
422 2903 472 2939 Ar
491 2904 528 2939 in
563 2902 844 2949 possessionem.
867 2902 984 2938 Emim
1005 2903 1042 2938 in
1074 2903 1202 2948 primis
1230 2903 1376 2939 fuerunt

324 2976 337 2997 ‹
369 2964 592 2999 habitatores
626 2961 714 3007 ejus,
737 2962 890 3007 populus
921 2971 1073 3006 magnus
1103 2967 1139 2997 et
1160 2963 1313 3007 validus,
1339 2968 1376 2999 et

323 3037 335 3059 ‹
366 3030 442 3060 tam
464 3023 644 3067 excelsus,
672 3028 722 3068 utg
732 3022 775 3058 de
792 3022 940 3057 Enacim
960 3023 1072 3068 stirpe
1090 3024 1194 3068 quasi
1213 3024 1376 3070 gigantes

325 3098 337 3119 ‹
370 3085 620 3126 crederentur,
653 3087 689 3119 et
719 3087 840 3117 essent
859 3082 994 3118 similes
1026 3083 1373 3131 filiorum2Enacim.

325 3161 337 3181 ‹
370 3147 532 3193 Denique
551 3144 716 3181 Moabitae
733 3143 915 3189 appellant
937 3152 998 3179 eos
1017 3144 1146 3180 Emim.
1178 3158 1190 3179 ι
1218 3145 1270 3180 Ar
1301 3155 1377 3182 me-

321 3208 472 3256 tropolis
492 3211 547 3244 est
565 3206 807 3243 Moabitarum
825 3215 933 3250 super
961 3205 1076 3250 ripam
1093 3205 1217 3242 Arnon
1238 3208 1354 3252 posita
1366 3233 1377 3250 ,

321 3277 490 3318 possessa
507 3267 594 3303 olim
618 3270 748 3313 agente
765 3265 960 3302 veterrima
976 3264 1107 3309 Emim,
1125 3271 1161 3301 et
1176 3271 1303 3311 postea
1321 3276 1379 3302 re-

324 3336 424 3367 tenta
456 3340 477 3365 a
496 3328 582 3365 filiis
609 3327 717 3371 Loth,
749 3327 785 3363 id
813 3331 868 3362 est
885 3336 906 3361 a
925 3325 1104 3370 Moabitis‚
1123 3336 1208 3363 cum
1236 3325 1379 3362 accolas

325 3391 611 3434 subvertissent;
643 3395 679 3426 et
696 3389 900 3426 ostenditur
915 3398 1031 3435 usque
1049 3388 1159 3426 hodie
1188 3389 1227 3424 in
1243 3388 1380 3426 vertice

326 3452 461 3488 montis
492 3451 620 3497 ipsius.
646 3450 719 3487 Sed
745 3455 782 3486 et
802 3454 947 3487 torrens
965 3459 1031 3497 per
1055 3449 1210 3497 abrupta
1231 3448 1380 3486 deseen-

329 3515 433 3559 dens‚
450 3516 488 3551 in
507 3525 609 3552 mare
635 3514 816 3552 Mortuum
847 3513 939 3550 fluit.
971 3513 1235 3560 Interpretatur
1259 3517 1383 3549 autem

327 3579 394 3624 Ar,
425 3580 612 3616 suscitavit
647 3584 685 3616 et
713 3579 832 3615 Emim
868 3578 1072 3622 terribiles,
1105 3576 1383 3624 significantque

329 3643 454 3679 hostes
485 3641 680 3689 spiritales,
716 3641 778 3687 qui
810 3650 952 3687 semper
973 3640 1055 3676 lites
1079 3647 1116 3676 et
1133 3638 1382 3676 contentiones

333 3701 521 3746 suscitant,
539 3705 576 3738 et
592 3700 665 3738 tela
682 3699 853 3747 nequitiae
876 3704 1002 3736 eontra
1015 3699 1081 3736 Dei
1093 3708 1219 3736 servos
1236 3701 1380 3746 parant·

333 3759 407 3797 Nee
435 3771 509 3799 non
537 3767 574 3798 et
602 3761 768 3805 Enacim‚
790 3760 852 3807 qui
881 3759 925 3796 de
941 3759 1054 3811 stirpe
1072 3758 1174 3810 Enak
1200 3757 1382 3807 procreati

1431 305 1528 343 -liter
1546 307 1750 352 significant
1767 309 1949 355 spiritales
1968 309 2161 354 nequitias,
2179 311 2273 348 sicut
2288 322 2421 353 nomen
2442 340 2449 347 .

1441 377 1522 404 rum
1542 372 1708 404 testatur.
1728 368 1819 403 Nam
1835 367 1969 404 monile
1986 369 2025 405 in
2042 369 2136 406 collo
2152 371 2296 410 sublimi
2313 374 2433 422 interp
2452 374 2470 389 ‘⁷

1440 431 1550 463 tatur.
1584 428 1716 464 Hostes
1733 428 1831 463 enim
1861 428 2042 474 spiritales
2059 432 2238 478 superbiae
2267 432 2366 471 fastu
2388 427 2469 474 elas

1439 498 1583 524 omnem
1618 492 1827 534 paraturam
1870 489 2020 526 malitiae
2056 501 2130 528 suae
2169 495 2325 540 propriae
2363 497 2461 534 virt..

1439 548 1636 584 ascribunt.
1655 547 1700 582 Et
1725 546 1806 584 ideo
1823 547 1931 585 facile
1949 557 2169 596 superantur
2183 553 2230 589 ab
2245 553 2302 591 his
2333 556 2395 602 qui
2417 566 2469 594 nt*

1438 604 1476 641 in
1494 615 1573 648 sua,
1593 604 1713 641 sedin
1730 605 1795 642 Dei
1820 607 1956 644 virtute
1972 609 2170 655 confidunt,
2199 612 2262 658 qui
2279 623 2363 650 cum
2390 615 2450 651 Ρ;.
2471 615 2475 632 ³

1438 666 1547 701 mista
1563 665 1685 702 dicere
1698 674 1876 713 possunt:
1903 682 1915 703 ‹
1940 670 2128 710 Fortitudo
2145 684 2226 711 mea
2249 681 2287 713 et
2303 676 2382 714 laus
2410 686 2473 715 mz‘

1438 726 1626 772 Dominus,
1640 734 1676 764 et
1688 728 1806 766 factus
1815 735 1871 767 est
1884 732 1974 768 mihi
1985 732 2022 768 in
2039 734 2191 771 salutem
2202 735 2318 784 (Paul.
2331 738 2456 787 cxvn).
2472 735 2474 739 ⁷

1438 787 1477 823 ln
1498 788 1579 824 Scir
1613 794 1734 826 autem
1765 792 1868 836 prius
1900 793 2157 831 habitaverunt
2182 795 2326 842 Horim;
2360 800 2486 846 quibu

1440 850 1598 895 expulsis
1608 857 1716 897 atque
1733 853 1873 898 deletis,
1884 855 2139 894 habitaverunt
2147 858 2211 894 filii
2220 859 2434 907 Esau,1sieut
2442 860 2494 895 fr„

1438 910 1605 946 eitlsrael
1620 913 1656 947 in
1666 917 1763 949 terra
1772 916 2012 959 possessionis
2020 927 2106 962 suae,
2117 929 2225 964 quam
2233 920 2331 956 dedit
2337 921 2372 957 ei
2379 922 2467 959 Deu*
2481 923 2497 947 ·'

1439 968 1520 1004 Seir
1530 980 1634 1006 mons
1649 972 1749 1007 estin
1763 978 1861 1009 terra
1873 973 2000 1018 Edom,
2011 976 2047 1011 in
2061 986 2133 1022 quo
2149 977 2324 1014 habitavit
2342 979 2437 1016 Esau
2453 981 2466 1018 i
2496 967 2498 970 ⁷

1438 1029 1584 1075 regione
1601 1030 1806 1076 Gebabena,
1835 1044 1913 1078 quae
1932 1045 2032 1071 ex·eo
2053 1037 2148 1082 quod
2166 1037 2262 1074 Esau
2278 1039 2416 1084 pilosus
2430 1050 2464 1077 e
2491 1067 2494 1071 .

1441 1096 1496 1127 set
1514 1097 1550 1128 et
1569 1092 1743 1139 hispidus,
1765 1093 1859 1138 Seir,
1881 1096 1950 1131 hoc
1969 1102 2024 1132 est
2042 1097 2160 1142 pilosi,
2182 1109 2314 1135 nomen
2331 1095 2487 1148 aceepit'

1438 1154 1475 1188 in
1495 1155 1626 1199 quibus
1647 1154 1737 1191 locis
1758 1160 1841 1190 ante
1860 1155 2036 1192 habitavit
2069 1157 2274 1203 chorraeus,
2293 1170 2400 1206 quem
2434 1161 2498 1198 in·-

1439 1213 1582 1250 terfecit
1617 1214 1913 1252 Chodorlaomor.
1958 1217 2121 1253 Meminit
2161 1220 2295 1255 montis
2337 1219 2418 1255 Seir
2457 1213 2495 1259 et*
2522 1258 2525 1259 γ

1438 1273 1550 1309 Isaias
1569 1274 1606 1309 in
1625 1274 1763 1310 visione
1779 1275 1955 1311 Idumaeae.
1979 1276 2141 1313 Chorraei
2160 1278 2258 1314 enim
2274 1279 2333 1315 isti
2351 1285 2388 1316 et
2409 1291 2495 1327 gen-

1441 1339 1493 1367 tes
1511 1338 1664 1375 eaeterae,
1697 1343 1786 1377 quas
1817 1341 2077 1379 superaverunt
2102 1337 2153 1372 illi
2181 1337 2243 1382 qui
2265 1339 2308 1374 de
2339 1340 2527 1385 patriar-

1440 1392 1588 1426 charum
1620 1394 1758 1429 semine
1789 1395 2064 1439 descenderunt,
2101 1398 2254 1444 mystice
2288 1399 2495 1445 significant

1440 1451 1617 1496 malignos
1641 1452 1801 1496 spiritus,
1833 1453 1890 1488 vel
1908 1454 1995 1489 vitia
2013 1455 2155 1492 diversa
2174 1468 2254 1503 quae
2271 1460 2323 1495 illi
2340 1460 2409 1496 rite
2436 1471 2497 1496 su·
2514 1470 2530 1507 ξ

1440 1520 1569 1555 perare
1586 1517 1750 1557 possunt,
1770 1513 1831 1558 qui
1849 1520 2058 1550 sanctorum
2074 1514 2225 1552 Patrum
2242 1519 2419 1564 vestigiis,
2436 1520 2498 1556 do-
2512 1542 2528 1561 ῃ

1442 1571 1569 1606 ctrinis
1590 1578 1700 1617 atque
1721 1573 1895 1619 exemplis
1914 1574 2103 1620 insistunt,
2125 1581 2161 1612 et
2188 1577 2364 1613 malitiam
2386 1579 2497 1625 spiri·
2523 1568 2529 1611 .⁷

1441 1629 1550 1665 talem
1581 1631 1647 1666 sub
1676 1640 1761 1677 rege
1785 1631 1929 1668 Christo
1949 1635 2129 1670 veraciter
2145 1641 2257 1682 agunt
2285 1648 2294 1671 z
2314 1637 2358 1673 de
2379 1632 2522 1684 quali-·⁷‘

1440 1689 1507 1725 bus
1529 1691 1616 1726 dicit
1634 1691 1827 1737 Apostolus
1849 1705 1855 1728 :
1884 1706 1895 1727 ‹
1917 1693 1996 1730 Non
2025 1701 2079 1731 est
2098 1696 2202 1732 nobis
2219 1697 2424 1734 colluctatio
2438 1698 2499 1735 ad·

1442 1760 1569 1787 versus
1587 1762 1736 1788 carnem
1752 1758 1788 1789 et
1806 1755 2032 1801 sanguinem,
2050 1757 2114 1793 sed
2129 1758 2301 1794 adversus
2316 1759 2498 1806 principes
2516 1755 2531 1801 '1-

1444 1817 1479 1847 et
1503 1818 1720 1857 potestates,
1748 1815 1921 1852 adversus
1942 1817 2066 1852 mundi
2087 1823 2247 1855 rectores
2268 1820 2497 1857 tenebrarum
2513 1829 2526 1834 ⁴

1441 1873 1585 1918 barum,
1629 1880 1754 1911 contra
1785 1876 1961 1921 spiritalia
1997 1879 2168 1924 nequitiae
2203 1880 2242 1916 in
2280 1880 2491 1920 coelestibus
2512 1877 2525 1926 3

1443 1933 1590 1980 (EpheS.
1611 1935 1678 1982 vl).
1705 1949 1716 1970 t
2528 1944 2529 1951 ¹

1862 1997 2013 2035 CAPUT
2041 2001 2082 2037 V.

1394 2034 1423 2075 C
1446 2052 1738 2091 Commemoraeio
1755 2057 1890 2092 itineris
1905 2058 1947 2093 de
1965 2059 2186 2096 cadesbarne
2199 2072 2307 2108 usque
2326 2062 2371 2098 ad
2386 2068 2502 2100 trans-
2525 2053 2532 2096 ’ἶ

1546 2101 1634 2136 itum
1652 2101 1779 2146 Zured,
1801 2104 1865 2138 hoc
1882 2111 1932 2140 est
1952 2105 2096 2151 triyz‘nta
2116 2113 2191 2142 octo
2210 2119 2395 2144 annorum.
2517 2109 2532 2133 1¹

1493 2176 1612 2223 (Iam.)
1644 2191 1654 2211 ι
1688 2177 1885 2225 Surgentes
1909 2190 1996 2228 ergo
2027 2186 2067 2217 nt
2092 2182 2330 2219 transiremus
2361 2174 2533 2230 terren-⁷³²

1452 2248 1463 2269 ι
1494 2242 1567 2272 tem
1588 2237 1717 2280 Zared,
1740 2240 1903 2276 venimus
1921 2241 1967 2276 ad
1982 2251 2078 2276 eum.
2099 2241 2256 2288 Tempus
2283 2250 2403 2280 autem
2428 2254 2501 2292 quo
2529 2263 2532 2271 ·

1451 2308 1462 2329 ι
1494 2297 1759 2334 ambulavimus
1787 2301 1830 2336 de
1853 2300 2085 2338 Cadesbarne
2109 2312 2223 2348 usque
2242 2305 2288 2340 ad
2307 2298 2529 2348 transitum&

1451 2368 1462 2390 ‹
1492 2359 1664 2394 torrentis
1685 2359 1801 2396 Zared
1822 2362 1968 2408 triginta
1985 2368 2068 2398 octo
2084 2373 2263 2400 annorum
2279 2364 2366 2409 fuit;
2384 2366 2500 2404 donee
2513 2359 2517 2361 ⁷

1448 2428 1461 2450 ‹
1491 2426 1770 2454 consumeretur
1787 2421 1905 2456 omnis
1932 2424 2117 2467 generatio
2141 2424 2330 2460 hominum
2351 2425 2444 2462 bella
2470 2439 2476 2459 ι

1447 2490 1460 2511 ι
1493 2488 1572 2513 rum
1594 2478 1638 2514 de
1655 2479 1787 2515 castris
1803 2506 1812 2522 ,
1843 2480 1938 2515 sieut
1963 2481 2152 2526 juraverat
2175 2484 2375 2520 Dominus:
2399 2487 2494 2532 euJ'u
2520 2519 2526 2523 ,

1449 2551 1461 2572 ι
1493 2549 1622 2575 manus
1643 2539 1715 2575 suit
1731 2541 1904 2577 adversus
1932 2551 1994 2578 eos
2008 2569 2017 2586 ,
2038 2550 2079 2578 ut
2106 2543 2297 2581 interirent
2321 2546 2365 2581 de
2382 2547 2519 2584 medio

1448 2612 1459 2633 a
1491 2605 1709 2636 castrorum.
1738 2614 1750 2635 ι
1774 2601 2004 2638 Cadesbarne
2026 2608 2083 2639 est
2100 2603 2201 2641 locus
2217 2605 2254 2641 in
2276 2605 2420 2643 deserto
2440 2606 2502 2654 qui
2519 2631 2532 2646 2

1444 2662 1673 2710 conjungitur
1701 2663 1840 2699 civitati
1871 2664 1987 2699 Petrae
2007 2664 2044 2700 in
2067 2664 2221 2709 Arabia,
2245 2667 2307 2702 ubi
2334 2668 2522 2706 occubuit

1443 2723 1557 2759 Maria
1575 2728 1611 2759 et
1630 2723 1784 2770 Moyses,
1804 2724 1879 2766 ubi,
1902 2734 1989 2771 rupe
2007 2735 2196 2771 percussa,
2212 2736 2344 2771 aquam
2365 2727 2502 2765 sitienti
2523 2752 2525 2756 -

1434 2784 1575 2829 ,populo
1607 2783 1718 2820 dedit.
1744 2783 1966 2820 Monstratur
1988 2785 2123 2821 ibidem
2143 2796 2257 2832 usque
2287 2787 2323 2822 in
2342 2797 2527 2832 praesen-⁷.

1446 2850 1519 2878 tem
1534 2844 1628 2879 diem
1650 2843 1859 2889 sepulerum
1877 2843 2009 2880 Mariae.
2030 2843 2101 2881 Sed
2129 2850 2164 2881 et
2193 2845 2375 2892 principes
2393 2847 2518 2884 Ama-

1445 2905 1500 2941 lec
1521 2905 1571 2941 ibi
1601 2915 1622 2940 a
1651 2905 1937 2943 Chodorlaomor
1957 2907 2040 2943 caesi
2063 2911 2160 2942 sunt.
2184 2906 2286 2951 Quod
2303 2914 2424 2945 autem
2445 2919 2502 2946 se-
2521 2900 2526 2906 ’

1447 2967 1564 3003 cundo
1585 2977 1680 3002 anno
1700 2967 1920 3013 egressionis
1951 2967 2106 3003 filiorum
2135 2967 2246 3004 lsrael
2273 2969 2317 3005 de
2344 2960 2530 3017 AEgypffl

1447 3028 1543 3065 i'dem
1562 3028 1717 3075 populus
1738 3029 1776 3065 in
1790 3030 1974 3066 desertum
1989 3028 2135 3064 Pharan
2147 3055 2157 3072 ,
2176 3029 2272 3075 quod
2289 3033 2345 3066 est
2361 3028 2479 3068 Gades

1446 3088 1607 3132 venerit,
1629 3088 1691 3124 ubi
1711 3089 1867 3125 reversis
1885 3087 2189 3135 exploratoribus,
2206 3092 2244 3124 et
2262 3088 2306 3124 de
2324 3087 2457 3126 sructib
2493 3079 2506 3112 Ϊ

1449 3156 1556 3187 terrae
1576 3149 1750 3186 Chanaan
1775 3159 1899 3187 seeum
1917 3150 2211 3187 renuntiantibus
2236 3159 2386 3196 quaeque
2402 3149 2463 3186 vid
2472 3155 2504 3183 ’μ’

1450 3215 1551 3254 runt,
1571 3216 1893 3247 murmuraverunt
1911 3217 2039 3246 eontra
2059 3210 2207 3257 Moysen
2232 3214 2270 3246 et
2293 3209 2415 3246 Aaron
2428 3236 2438 3253 ‚
2472 3224 2481 3241 ·-
2497 3217 2500 3232 ³

1448 3271 1495 3307 ob
1510 3272 1581 3306 hoc
1600 3271 1698 3316 longi
1714 3271 1857 3306 itineris
1884 3270 2041 3306 confecti
2062 3271 2190 3313 taedio,
2208 3271 2455 3316 mortalitateq
2478 3290 2502 3298 -.

1446 3329 1612 3376 percussi
1622 3329 1932 3371 interierunt,iste
1946 3329 2048 3364 locus
2059 3328 2260 3374 Scripturae
2270 3328 2462 3366 manifestu
2486 3345 2491 3362 ι
2516 3322 2520 3323 ⁷

1448 3388 1624 3426 indicium
1644 3388 1756 3424 dabit.
1780 3387 1849 3424 Ubi
1871 3388 2070 3423 notandum
2101 3387 2198 3432 quod
2227 3391 2348 3424 castra
2363 3387 2443 3425 scili
2473 3402 2506 3434 2·-

1448 3449 1507 3486 vel
1523 3447 1733 3485 mansiones
1747 3447 1987 3494 quadraginta
2003 3447 2097 3492 duae,
2117 3457 2182 3494 per
2196 3457 2287 3494 quas
2305 3447 2371 3485 filii
2387 3448 2476 3487 lara

1450 3509 1496 3546 de
1503 3507 1659 3556 AEgypto
1671 3507 1869 3554 migrantes
1877 3506 2191 3553 usque-lordanem
2201 3507 2376 3553 habuere.
2385 3509 2433 3545 tri
2471 3524 2474 3530 ¹

1451 3569 1700 3606 tantummodo
1717 3578 1919 3614 congruere
1949 3568 2140 3605 curriculis
2170 3578 2347 3606 annorum
2378 3566 2439 3604 vid
2448 3582 2474 3589 ··

1451 3638 1525 3676 tur,
1543 3630 1652 3679 primi
1669 3629 1850 3673 videlicet,
1873 3630 2022 3667 secundi
2041 3635 2079 3667 et
2093 3629 2363 3678 quadragesimi
2384 3644 2413 3671 ·-·,

1450 3690 1564 3728 sionis
1581 3700 1628 3727 ex
1650 3688 1820 3737 AEgypto.
1837 3686 1982 3726 Primus
2013 3690 2175 3727 continet
2197 3699 2315 3727 annus
2344 3687 2471 3738 mansi*

1450 3764 1518 3793 nes
1534 3756 1634 3791 certa
1659 3752 1891 3792 distinctione
1919 3753 2120 3792 duodecim.
2141 3753 2302 3794 Primam
2325 3752 2475 3802 mute,
