2540 4016
256 209 438 250 civium
447 219 536 256 qna
550 207 771 255 expugnabat
786 206 913 254 Iasae,
925 213 957 244 et
972 209 1118 246 tradidit

134 299 150 311 ,Ι
304 253 390 302 filiis
406 253 524 292 Israel
549 254 588 291 in
603 255 894 303 possessionem}¹

36 368 39 375 ,
106 330 122 379 j.
183 350 210 371 -.-.
228 331 318 380 xa.)
335 343 349 366 c
376 331 423 370 m
441 335 526 370 sum
553 340 659 378 reges
687 336 795 368 terrae
818 341 910 378 quos
939 334 1121 382 percussit

33 408 44 449 ιε
109 387 116 392 “
146 424 150 426 μ
182 398 277 439 ‚et
291 392 360 434 mn
381 391 494 429 braei
510 397 614 430 trans
628 390 825 430 Jordanem
841 393 887 429 ad
914 394 1119 432 occidenta-

30 453 44 510 ξ
71 467 73 469 -
102 466 105 487 ᾖ
129 483 131 485 .
186 454 385 503 ,tama
404 452 585 501 Balgaath
611 453 647 490 in
683 464 811 501 eampo
836 454 976 499 Libani,
1004 466 1119 505 usque

30 534 37 549 t
137 532 139 536 v
171 521 338 555 mntem
357 515 464 562 eujus
477 525 566 561 pars
580 515 745 553 ascendit
761 516 798 552 in
819 515 900 553 Seir
917 529 927 553 ι
949 517 1117 556 tradidit-

137 602 139 607 ·
160 596 166 608 2
189 588 273 617 cam
303 576 414 615 lasne
441 578 479 614 in
498 578 768 625 possessionem
800 578 968 616 tribubus
981 579 1119 619 Israel:

27 668 34 677 ,
66 681 70 684 ,
98 640 255 689 mdis
277 644 404 687 partes
423 649 522 684 suas,
543 646 620 677 tam
650 640 688 677 in
703 641 899 685 montanis,
935 651 1045 688 quam
1079 642 1119 680 'm

25 680 220 752 ξμιιιιίε
251 706 361 748 atque
393 702 671 748 campestribus.
705 701 745 738 ln
764 700 938 745 Asedoth,
965 706 1002 738 et
1033 701 1119 739 soli-

76 763 78 765 ’
94 753 246 806 :utinm
260 766 300 800 et
315 762 482 806 meridie,
498 762 670 800 Hethaeus
699 762 780 807 fuit,
806 768 843 800 et
867 763 1116 807 Amorrhaeus‚

102 823 343 868 cananaeus,
359 829 394 860 et
404 824 630 867 Pherezaeus,
648 823 819 868 Hevaeus,
833 829 870 860 et
882 823 1081 865 Jebusaeus,
1101 837 1115 859 ι

22 885 35 892 “
62 877 65 882 “
107 887 258 933 reliqua.
277 888 401 934 Pugna
419 887 528 924 Josue
543 891 652 933 atque
670 886 823 923 victoria
845 885 922 931 ejus
938 886 976 922 in
994 885 1118 922 alieni-

20 944 35 974 ῗ
64 998 67 1000 ¹
176 949 356 996 signifieat
370 958 529 996 pugnam
548 958 595 984 ae
623 948 815 984 victoriam
833 946 977 983 Domini
1004 948 1119 985 nostri

20 1005 39 1055 ἦ
75 1026 131 1044 =„;.
159 1009 307 1054 Christi,
325 1020 435 1056 quam
450 1020 516 1057 per
536 1019 601 1046 sua
617 1007 796 1052 membra,
821 1007 898 1053 ipse
913 1014 1023 1054 caput
1048 1008 1117 1046 Ee-

57 1071 188 1116 desiae,
210 1071 373 1118 quotidie
391 1071 479 1106 facit
497 1080 540 1107 ac
554 1069 708 1117 perficit.
726 1069 872 1116 Septem
889 1079 977 1116 ergo
994 1076 1119 1116 gentes

22 1126 40 1178 ἐ
56 1128 148 1183 Quas
177 1131 242 1169 tilii
262 1131 375 1168 Israel
385 1131 580 1178 pugnando
600 1132 764 1167 vicerant
782 1131 988 1177 significant
1012 1131 1119 1176 spiri-

16 1187 37 1242 j
56 1188 149 1243 hies
169 1193 365 1240 nequitias,
385 1198 512 1230 contra
538 1203 629 1239 quos
649 1193 802 1239 populus
815 1192 879 1228 Dei
895 1193 1120 1229 incessanter

23 1258 35 1297 ξ’
56 1252 235 1304 bonssigit3
257 1255 353 1292 sicut
367 1265 494 1291 earum
508 1255 716 1290 nominibus
730 1255 822 1290 bene
836 1264 1048 1299 expressum
1066 1255 1120 1290 in-

25 1314 33 1357 Ϊ
55 1316 169 1366 {elligi
182 1321 302 1364 potest
319 1326 329 1352 τ
346 1317 607 1362 interpretatur
622 1315 720 1352 enim
737 1314 908 1351 Hethaeus
922 1314 1120 1353 formidans

53 1378 134 1420 sive
164 1383 327 1424 stupens,
349 1376 562 1423 Gergesaeus
581 1376 749 1413 colonum
782 1375 949 1421 ejiciens,
992 1376 1119 1411 Amor-

23 1445 29 1476 ζ
50 1426 177 1483 ᾗῐιαὲιιε
194 1450 354 1483 amarus,
375 1439 601 1476 Chananaeus
615 1438 819 1485 negotiator
841 1443 902 1473 aut
922 1438 1026 1484 qnasi
1046 1447 1120 1474 mo-

50 1487 144 1542 Qens
162 1503 219 1540 vel
238 1502 470 1544 erubescens,
487 1501 702 1537 Pherezaeus
722 1510 893 1546 separans
914 1500 991 1536 sive
1007 1500 1119 1536 disse-

16 1592 19 1594 -
51 1557 212 1619 jainans,
235 1564 389 1601 Hevaeus
410 1563 508 1600 serus
524 1563 599 1599 sive
617 1563 795 1609 pessimus
811 1563 867 1598 vel
885 1562 1023 1608 lapides
1043 1563 1118 1599 col-

18 1628 28 1629 *
51 1625 186 1680 Jigens,
220 1627 408 1664 Jebusaeus
429 1627 604 1663 calcatus.
627 1627 672 1662 Et
707 1626 792 1672 quid
815 1627 850 1661 in
882 1625 1030 1662 Hetbaeo
1050 1626 1120 1661 nisi

56 1694 175 1727 metus
201 1694 238 1725 et
265 1694 391 1735 stupor
409 1688 557 1732 diaboli,
579 1689 639 1733 qui
662 1692 796 1724 terrere
817 1686 958 1732 semper
975 1687 1121 1723 studens

59 1760 184 1789 servos
225 1750 360 1788 Christi
400 1751 643 1797 exprimitur?
689 1749 773 1796 Agit
814 1750 910 1785 enim
944 1748 1122 1793 malignus

0 1833 1 1842 ι
59 1817 100 1848 ut
134 1812 364 1859 praesentium
418 1821 538 1848 rerum
587 1812 717 1847 damna
763 1814 798 1846 et
829 1809 1121 1855 persecutionum

61 1873 236 1910 molestiae
264 1872 439 1909 militibus
453 1871 599 1918 {Christi
637 1870 766 1907 terrori
804 1870 911 1913 tiant;
948 1874 1123 1915 quatenus

62 1934 110 1972 ad
147 1934 254 1970 luxus
303 1933 426 1970 mundi
462 1939 498 1969 et
528 1932 762 1978 cupiditatem
803 1941 926 1967 rerum
964 1940 1122 1976 praesen-

61 1997 153 2034 tium
185 1994 325 2031 facilius
351 2004 415 2030 eos
440 1999 612 2039 provocet
644 1999 752 2037 atquc
784 1994 943 2028 seducat.
977 1992 1023 2027 Et
1041 1992 1123 2037 quis

61 2058 98 2095 in
131 2057 342 2105 Gergesae0‚
380 2056 449 2092 nisi
487 2055 546 2091 illc
577 2055 837 2101 quimolonum
871 2054 1028 2099 paradisi
1061 2061 1126 2099 per

61 2119 222 2156 fraudem
238 2118 357 2164 ejecit,
375 2117 600 2153 ostenditur?
626 2116 714 2160 Quis
735 2126 819 2151 vero
842 2116 875 2150 in
899 2115 1124 2159 Amori-haec,

60 2179 130 2217 nisi
152 2179 210 2216 ille
227 2179 288 2224 qui
309 2183 405 2214 totns
429 2187 575 2213 amarus
593 2182 649 2213 est
669 2182 705 2213 et
733 2176 980 2222 indignatione
994 2174 1127 2220 plenis-

40 2246 42 2249 ·
61 2240 189 2283 simus,
206 2239 438 2286 designatur?
470 2236 564 2282 Quid
583 2240 715 2272 'autem
746 2237 783 2271 in
816 2236 1035 2279 Chananaeo,
1056 2235 1127 2272 nisi

47 2292 267 2349 'negotiator
284 2299 549 2346 iniquissimus,
579 2298 640 2344 qui
664 2308 730 2344 per
746 2297 938 2333 {u'aritiam
974 2297 1056 2332 lites
1091 2302 1127 2332 et

59 2363 179 2412 jurgia
214 2367 346 2405 movet,
373 2362 558 2398 innuitur?
590 2362 635 2397 Et
675 2361 756 2407 quis
786 2370 850 2406 per
880 2359 1124 2401 Pherezaeum,

44 2418 134 2462 ‘nisi
152 2425 212 2462 ille
232 2424 293 2472 qui
318 2433 383 2471 per
402 2424 519 2460 zelum
538 2423 672 2459 malum
693 2426 837 2468 separat
856 2431 875 2455 a
898 2419 986 2463 Deo,
1007 2424 1043 2455 ct
1060 2419 1126 2456 du-

63 2487 112 2524 cit
131 2486 176 2523 ad
192 2486 389 2530 infernum,
425 2490 533 2531 atque
568 2485 664 2520 inter
697 2484 888 2519 unanimos
916 2481 1127 2518 disseminat

63 2548 306 2591 discordiam,
338 2547 566 2582 insinuatur?
599 2546 638 2581 In
674 2545 804 2580 Ilevaeo
830 2552 971 2589 quoque
1009 2543 1126 2579 nullus

62 2608 191 2645 melius
210 2617 318 2654 quam
348 2606 407 2642 ille
428 2606 490 2652 qui
527 2605 625 2641 ferus
638 2633 646 2649 ,
671 2605 783 2641 durus
800 2609 835 2640 et
851 2605 1030 2651 pessimus
1047 2604 1126 2639 ubi-

63 2679 134 2717 que
167 2674 238 2712 est,
265 2668 451 2715 figuratur.
489 2665 674 2703 Jebusaeus
703 2676 846 2712 quoque
878 2666 1025 2700 nomine
1061 2675 1125 2700 suo

62 2729 283 2776 proterviam
301 2728 433 2764 diaboli
452 2726 645 2774 significat,
663 2726 725 2772 qui
745 2736 810 2772 per
824 2725 1028 2772 superbiam
1048 2735 1126 2770 pro-

43 2789 180 2837 'priam
214 2800 252 2826 se
286 2789 431 2831 exaltat,
474 2788 536 2824 sed
568 2798 633 2833 per
665 2786 907 2822 humilitatem
937 2795 1123 2822 servorum

63 2846 198 2888 Christi
236 2850 492 2892 contemnitur,
531 2849 714 2892 calcatur,
750 2855 857 2894 atque
893 2847 1176 2898 opprimitur.D

27 2947 29 2951 .
62 2910 319 2959 Huiuscemodi
339 2922 426 2959 crgo
450 2911 629 2957 nequitias
653 2910 809 2956 quandiu
834 2909 870 2944 in
896 2910 964 2945 hoe
991 2909 1124 2945 mundo

30 2987 31 2990 ¹
61 2973 316 3023 peregrinatur
359 2978 483 3010 sancta
526 2972 690 3008 Ecclesia
703 2998 713 3015 ,
747 2980 889 3018 semper
922 2970 1126 3007 contrarias

0 3081 2 3083 ‚
62 3035 186 3079 habet,
203 3034 267 3072 sed
283 3043 345 3080 spe
365 3034 526 3070 victoriae
545 3038 671 3078 contra
686 3043 746 3068 eas
763 3042 924 3079 pugnare
940 3041 1126 3077 nunquam

61 3101 194 3134 cessat.
218 3094 322 3133 Unde
341 3093 451 3131 Israel
467 3095 533 3131 sub
553 3093 661 3130 Josue
677 3099 778 3130 trans
800 3091 995 3129 Jordanem
1019 3091 1126 3128 dimi-

63 3169 149 3196 cans
163 3157 211 3196 ad
235 3157 496 3194 occidentalem
523 3156 680 3204 plagam,
699 3166 719 3192 a
740 3153 914 3202 Baalgatb
939 3155 976 3191 in
994 3164 1122 3204 campo

43 3210 188 3258 sLibani
203 3224 319 3266 usque
333 3217 379 3255 ad
395 3223 555 3254 montem
575 3216 675 3263 cujus
691 3227 775 3263 pars
791 3215 956 3253 aseendit
970 3215 1006 3252 in
1027 3213 1120 3259 Scir,

62 3289 128 3318 eos
151 3284 343 3327 percutere
362 3279 605 3316 describitur:
625 3278 709 3326 quia
740 3277 843 3325 plebs
878 3275 1038 3314 fidelium
1060 3276 1123 3313 ubi

63 3342 300 3388 congregatas
321 3343 449 3376 contra
469 3348 508 3375 se
527 3337 686 3374 hostium
704 3341 844 3373 turmas
862 3335 1064 3383 agnoverit,
1082 3334 1119 3370 in

38 3439 43 3443 ,
61 3400 180 3449 planis
197 3405 236 3437 et
264 3400 402 3444 arduis,
423 3399 462 3436 in
477 3397 663 3446 prosperis
682 3403 718 3435 et
741 3397 777 3433 in
797 3397 975 3440 adversis,
993 3395 1038 3432 ad
1068 3394 1119 3431 vi-

10 3455 11 3458 *
42 3446 189 3514 *ctoriae
218 3461 378 3508 palmam
414 3460 538 3498 venire
575 3469 718 3507 semper
752 3457 883 3505 satagit
904 3468 914 3500 ;
946 3454 1120 3502 Baalgath
1152 3443 1154 3446 ’

55 3520 161 3565 ‚enim
182 3521 415 3568 congregatio
447 3530 574 3565 emm
609 3520 880 3566 interpretatur.
915 3513 1120 3552 Possident-

44 3584 136 3641 ‚que
153 3581 270 3620 tribus
298 3582 410 3620 lsrael
427 3581 576 3630 singulm
603 3587 726 3630 partes
745 3589 844 3623 suas,
861 3583 934 3614 tam
956 3575 991 3612 in
1020 3585 1120 3611 mon-

64 3643 160 3699 ζἱιιιιίε
174 3654 283 3692 quam
297 3646 335 3682 in
352 3645 471 3693 planis
483 3648 592 3692 atque
604 3641 882 3689 mmpestribus,
898 3643 935 3676 et
948 3635 1116 3680 Aseroth,

50 3705 328 3761 -gtwlitttdine,
343 3715 429 3744 cum
443 3704 558 3744 sancti
574 3703 643 3742 viri
660 3703 800 3743 animas
824 3711 908 3740 suas
935 3697 1119 3747 possidere

675 69 913 109 COMMENT.
938 71 986 109 IN
1010 66 1184 113 LIBRUM
1209 76 1369 116 JOSUE.
1395 100 1443 109 —
1461 82 1551 121 Lm.
1573 86 1618 124 11.

2137 100 2231 142 ¹062

1137 149 1172 192 Α
1187 159 1258 198 pa·
1269 152 1487 201 mnan
1514 158 1678 208 mm,
1691 164 1806 210 atque
1829 173 1896 211 per
1913 177 2013 208 arma
2036 161 2189 219 Ῑιιειίἶῆί
2208 189 2232 219 a

1186 211 1323 274 dextris
1341 219 1378 250 et
1391 215 1563 264 sinistris,
1577 229 1645 268 per
1659 220 1810 269 gloriam
1827 230 1866 262 et
1881 227 2136 274 ignobilitatem
2165 231 2233 287 pei·

1184 271 1370 327 infamiam
1387 281 1424 314 et
1438 275 1566 315 honam
1581 279 1731 327 famam,
1751 280 1791 319 in
1803 284 1929 323 codem
1941 293 2119 341 aquinas
2132 264 2230 340 {mu

1183 343 1396 380 permanere
1428 337 1595 384 gaudent.
1617 339 1691 379 Sed
1709 339 1769 378 his
1791 341 1951 382 breviter
1967 351 2121 400 anans,
2144 359 2231 405 quid

1185 403 1358 433 numerus
1376 394 1565 435 civitatum
1593 409 1685 446 quas
1714 398 1781 437 filit
1810 399 1923 440 Israel
1940 405 2006 443 sul)
2022 407 2128 450 Iosue
2141 426 2232 465 pm.

1185 454 1307 493 nando
1323 458 1501 502 ceperint,
1529 460 1647 507 typice
1663 460 1841 507 designet,
1860 463 2059 505 videamus.
2075 463 2234 521 Triginta

1186 515 1320 555 etenim
1336 525 1379 552 ac
1397 517 1551 554 duarum
1568 518 1757 558 civitatum
1777 532 1881 571 reges
1898 525 2008 564 simut
2016 539 2097 567 cum
2112 541 2156 570 eo
2171 545 2237 582 pn-

1187 576 1331 625 gnando
1351 577 1576 616 ceciderunt.
1607 577 1650 617 Et
1668 581 1754 627 quid
1771 594 1836 631 per
1856 585 2090 628 tricenarium
2115 602 2238 632 nume-

1187 649 1269 678 rum
1294 639 1367 676 nisi
1400 645 1534 678 sanctae
1553 641 1741 681 Trinitatis
1771 645 1873 691 fides,
1905 656 1988 686 cum
2013 648 2239 694 observantia

1187 700 1349 748 decalogi
1377 701 1630 741 mandatomm
1662 704 1848 753 designat?
1866 707 1915 746 Et
1930 710 2015 756 quid
2042 721 2108 759 per
2135 713 2239 752 bina-

1186 762 1294 806 rium,
1314 763 1385 799 nisi
1405 763 1476 799 duo
1494 769 1710 802 testamenta
1731 772 1768 803 ct
1785 768 1855 805 duo
1883 777 2066 819 praeeepta
2083 774 2240 814 charita-

1185 822 1248 867 tis,
1273 823 1458 869 inquibus
1481 829 1555 860 tota
1586 825 1644 862 lex
1661 827 1793 874 pendet
1812 835 1848 866 et
1862 833 2063 878 prophetae,
2093 838 2238 875 demon-

1186 886 1370 921 strantur?
1401 885 1621 934 Belligerare
1653 898 1738 935 ergo
1757 890 1889 928 milites
1905 891 2040 931 Christi
2072 896 2140 932 suh
2163 898 2240 944 ipso

1188 953 1277 981 vero
1289 954 1372 991 rege
1386 945 1491 982 aliter
1510 957 1582 983 non
1597 954 1741 993 norunt,
1756 950 1826 987 nisi
1841 961 1906 997 per
1924 952 2005 991 fidei
2024 956 2194 995 virtutem
2205 965 2242 996 et

1189 1005 1457 1042 observantiam
1488 1007 1752 1065 mandatorum-
1770 1010 1848 1054 Dei,
1869 1012 1994 1060 sicque
2019 1014 2153 1054 laboris
2183 1019 2239 1056 sui

1138 1053 1172 1094 B
1190 1067 1378 1112 praemium
1392 1068 1579 1115 percipere
1600 1068 1752 1106 fideliter
1768 1078 1967 1118 appetmit:
1990 1078 2086 1122 quod
2118 1078 2158 1116 in
2176 1090 2238 1117 eo-

1189 1129 1272 1165 dem
1291 1139 1444 1166 numero
1465 1130 1583 1166 adhue
1605 1130 1832 1177 designatum
1855 1135 1970 1181 accipi
1994 1143 2135 1183 potest3
2157 1151 2240 1177 nam

1187 1191 1403 1228 tricenarius
1421 1197 1458 1228 et
1486 1191 1648 1228 binarius
1663 1203 1835 1231 numerus
1865 1202 1996 1241 quater
2019 1201 2241 1239 octonarium

1189 1256 1301 1294 tenet,
1332 1257 1368 1287 et
1386 1251 1570 1297 possessio
1588 1256 1706 1287 autern
1726 1262 1812 1289 vera
1838 1263 1910 1290 non
1930 1254 2002 1292 nisi
2030 1262 2111 1294 octo
2129 1258 2243 1296 heati-

1187 1311 1373 1347 tudinibus
1390 1316 1546 1353 constat,
1571 1311 1656 1357 quia
1676 1311 1889 1358 adipiscitur
1920 1314 1970 1351 ibi
1996 1325 2144 1362 regnum
2173 1328 2244 1356 coe-

1187 1371 1316 1407 lorum.
1337 1372 1409 1408 Sed
1443 1372 1488 1407 ad
1506 1372 1576 1408 hoc
1599 1382 1706 1409 nemo
1728 1373 1928 1418 perveniet,
1947 1375 2017 1412 nisi
2045 1380 2240 1416 secundum

1187 1432 1435 1478 magisterium
1466 1437 1620 1477 quatuor
1638 1432 1914 1479 Evangeliormn
1942 1444 2006 1480 per
2028 1438 2240 1486 quadrigam

1186 1493 1359 1529 virtutum
1396 1493 1481 1529 illuc
1516 1494 1709 1531 ascendere
1744 1494 1904 1532 festinet.
1949 1497 2121 1536 Civitates
2153 1510 2239 1547 ergo

1188 1565 1340 1601 quarum
1359 1564 1462 1601 reges
1480 1555 1528 1590 ibi
1543 1556 1700 1600 superati
1719 1565 1799 1592 esse
1815 1557 1986 1604 leguntur
2003 1559 2147 1606 triginta
2160 1562 2239 1598 duae

1189 1614 1334 1651 suerunt
1352 1627 1359 1650 :
1381 1613 1527 1650 Jericbo
1540 1625 1620 1661 qua:
1640 1616 2015 1662 interpretatnrluna,
2031 1619 2099 1656 Abi
2117 1621 2242 1659 oculus

1191 1675 1246 1710 vel
1263 1674 1356 1718 sons,
1376 1674 1574 1711 Jerusalem
1603 1675 1693 1712 vISio
1712 1676 1825 1722 pacis,
1858 1677 1980 1714 Ebton
2013 1680 2242 1727 participatio

1192 1735 1347 1770 tristitiae
1375 1735 1451 1771 sive
1468 1734 1704 1780 fortitudinis,
1726 1735 1902 1774 Jerimoth
1927 1738 2056 1776 timens
2073 1747 2239 1785 mortem,

1191 1794 1246 1830 vel
1266 1794 1491 1830 altitudinem
1508 1795 1648 1840 mortis,
1670 1795 1803 1833 Laeliis
1819 1797 1903 1840 iter,
1918 1797 1975 1834 vel
1998 1798 2142 1836 sibimet
2170 1800 2241 1843 vir,

1190 1855 1304 1901 Eglon
1321 1855 1454 1891 vitulus
1478 1856 1645 1892 moeroris
1663 1856 1717 1893 vel
1741 1857 1948 1895 festivitatis
1973 1868 2111 1899 corum.
2127 1859 2242 1897 Gazer

1192 1917 1355 1963 praecisio
1386 1918 1444 1953 vel
1477 1918 1631 1961 divisio,
1667 1918 1776 1955 Dabir
1817 1919 1966 1965 loquens
1998 1927 2060 1958 aut
2098 1932 2241 1960 rursum

1192 1977 1464 2021 timens,Gader
1474 1978 1626 2013 maceria
1641 1984 1675 2014 et
1694 1979 1928 2024 sepcsAErma
1943 1981 2134 2017 anatliema
2151 1981 2241 2027 ejus,

1191 2038 1304 2075 Areth
1340 2040 1583 2075 consurrectio
1622 2040 1892 2083 descensionis,
1923 2040 2079 2087 Lempna
2110 2044 2244 2079 candor

1193 2101 1268 2136 sive
1299 2100 1445 2143 lateres,
1473 2099 1634 2135 Odollam
1674 2101 1918 2137 testimonium
1936 2111 2072 2145 eorum,
2094 2103 2241 2140 Maccda

1193 2162 1334 2198 exustio
1368 2162 1442 2198 sive
1472 2162 1671 2204 orientalis,
1704 2163 1830 2200 Betlrel
1861 2163 1987 2200 domus
2021 2164 2098 2208 Dei,
2133 2165 2245 2201 Dal'ua

1194 2222 1329 2258 malum
1360 2223 1406 2258 ab
1438 2223 1567 2258 arbore
1600 2233 1670 2259 non
1705 2233 1726 2259 a
1752 2223 1906 2267 malitia,
1936 2223 2022 2261 Aser
2053 2224 2143 2262 fodit
2172 2226 2247 2263 sixc

1194 2284 1340 2325 hunius,
1359 2282 1487 2318 Aseetb
1505 2283 1751 2319 continuitvel
1770 2284 2001 2325 continentia,
2021 2283 2134 2320 Saron
2152 2285 2246 2330 prin-

1193 2353 1276 2388 ceps
1317 2343 1487 2384 tristitiae,
1509 2343 1636 2378 Madon
1672 2343 1907 2380 contradictio
1945 2344 2020 2380 sive
2053 2344 2242 2388 habitatio,

1193 2404 1285 2440 Asor
1308 2404 1439 2450 sagitta
1472 2403 1639 2446 luminis,
1661 2403 1833 2440 Semeren
1851 2410 1973 2440 eustos
1990 2403 2066 2449 ejus
2085 2405 2141 2442 vel
2179 2415 2245 2443 no-

1193 2476 1276 2501 men
1293 2466 1394 2508 vidit,
1415 2465 1554 2501 Aehsas
1572 2465 1889 2508 medicamentum,
1909 2465 1936 2500 T
1940 2465 2076 2501 hauacb
2096 2475 2244 2512 respon-

1193 2528 1280 2563 dens
1316 2527 1392 2563 sive
1422 2527 1620 2570 humilitas,
1659 2526 1831 2574 Mageddo
1860 2537 2049 2574 pomorum
2068 2527 2145 2573 ejus
2160 2529 2236 2566 sive

1193 2587 1417 2623 coenaculum
1436 2587 1526 2633 ejus,
1552 2587 1667 2623 Ledes
1702 2587 1917 2630 sanctitudo,
1937 2586 2127 2624 Jachaneae
2155 2599 2238 2635 pos-

1194 2649 1284 2684 sedit
1312 2649 1496 2695 populum,
1530 2648 1663 2684 Ermeli
1693 2649 1876 2685 damnatio
1904 2648 1960 2684 vel
1999 2649 2240 2694 contendens,

1193 2710 1265 2745 Dor
1293 2710 1492 2756 generatio,
1529 2708 1654 2755 Galgal
1683 2714 1764 2745 vota
1797 2709 1853 2745 vel
1884 2708 2070 2753 revelatio,
2086 2709 2238 2754 {Ther-sa

1193 2771 1432 2817 complacitio.
1465 2769 1536 2806 Sed
1568 2770 1598 2806 si
1632 2769 1701 2806 ista
1734 2769 1879 2806 nomina
1913 2771 2107 2807 seeundum
2139 2779 2242 2806 suam

1194 2832 1527 2878 interpretationem
1547 2832 1593 2867 ad
1608 2830 1804 2877 spiritalem
1820 2831 2041 2868 intellectum
2051 2831 2240 2875 vertimus,

1193 2893 1362 2930 vitiorum
1378 2893 1425 2929 ibi
1446 2893 1523 2929 sine
1555 2891 1662 2929 dubio
1688 2892 1965 2928 destructionem
2000 2896 2038 2927 et
2067 2891 2239 2927 virtutum

1190 2961 1400 3003 proveetum
1416 2954 1649 2991 inveniemus.
1672 2953 1820 3000 Oportet
1836 2963 1923 3001 ergo
1957 2953 2109 2989 militem
2139 2952 2240 2989 Chri-

1191 3016 1238 3053 sti
1262 3016 1418 3062 primum
1444 3023 1666 3062 cognoscere
1694 3013 1924 3060 fragilitatem
1958 3019 1995 3050 et
2025 3013 2241 3049 mutabilita-

1191 3083 1265 3114 tem
1285 3087 1400 3122 suam,
1424 3076 1520 3122 quod
1555 3067 1734 3122 signifieat
1756 3073 1911 3117 Jericho,
1938 3084 2016 3120 quoe
2033 3074 2240 3119 interpreta-

1194 3145 1254 3176 tur
1275 3139 1359 3175 luna
1378 3151 1386 3173 :
1410 3137 1540 3174 deinde
1557 3135 1681 3173 oculos
1696 3135 1826 3171 mentis
1838 3133 2008 3170 extollere
2028 3137 2066 3167 ut
2084 3137 2239 3167 contem-

1193 3202 1311 3250 pletur
1345 3199 1527 3244 coelestia,
1550 3205 1657 3245 atquc
1677 3196 1795 3232 futura
1813 3194 2018 3235 attendens,
2041 3192 2086 3228 ad
2101 3191 2235 3229 sontem

1193 3265 1277 3301 ngae
1291 3270 1448 3306 aeternae,
1463 3269 1567 3306 quem
1583 3258 1642 3304 qui
1660 3255 1788 3292 biberit
1804 3263 1874 3290 non
1886 3253 1982 3289 sitiet
1997 3252 2032 3287 in
2046 3256 2232 3296 aeternum,

1195 3333 1371 3376 quatenus
1388 3323 1569 3369 pertingat
1589 3318 1633 3354 ad
1659 3316 1832 3352 visionem
1848 3314 1960 3361 pacis,
1978 3311 2072 3359 quod
2100 3312 2234 3359 signiti-

1195 3395 1254 3427 cat
1283 3385 1491 3423 Jerusalem.
1532 3379 1663 3416 Deinde
1708 3377 1937 3414 considerare
1977 3383 2059 3411 eum
2095 3377 2235 3421 oportet

1190 3447 1283 3486 mala
1312 3454 1390 3491 quae
1419 3440 1545 3489 gessit,
1570 3443 1605 3476 et
1624 3436 1757 3474 habere
1788 3432 1870 3472 inde
1901 3433 2079 3471 tristitiam
2101 3433 2234 3470 saluta-

1189 3518 1280 3551 rem,
1313 3511 1551 3550 exercereque
1583 3509 1690 3547 opera
1718 3497 1906 3541 virtutum,
1931 3496 2022 3533 sicut
2043 3495 2079 3531 in
2112 3493 2231 3531 Ehmn

1188 3568 1332 3607 nomine
1349 3574 1559 3613 expressum
1577 3567 1645 3598 est,
1670 3559 1831 3607 ttincque
1851 3558 1981 3595 timens
2007 3561 2157 3594 mortem
2174 3554 2232 3592 tu-

1190 3638 1307 3667 turam
1324 3634 1431 3674 atque
1444 3622 1669 3662 altitudinem
1683 3621 1809 3658 mortis
1822 3622 2014 3667 perpetuat,
2034 3616 2130 3664 quod
2148 3613 2234 3653 me-

1189 3690 1324 3730 rimuth
1346 3692 1474 3733 sonat,
1503 3694 1568 3733 per
1587 3682 1719 3722 Lachis
1741 3679 1922 3719 intellectu
1944 3682 2104 3718 assumat
2121 3678 2235 3718 virtu-
