2540 4016
297 197 389 236 ‘1079

719 202 759 237 B.
787 201 959 238 RABANI
985 202 1133 240 MAURI
1157 204 1375 241 ARCHOEP.
1401 192 1612 251 MOQUNT.
1640 205 1834 243 OPERUM
1859 206 1980 243 PARS
2001 206 2030 242 Ι.

2364 195 2463 246 acuo

286 284 469 320 nunquam
483 274 582 310 euim
606 278 769 321 tentatio,
786 288 973 323 nunquam
991 284 1111 315 motus
1135 285 1279 315 cessant
1293 280 1338 315 ab
1356 283 1392 322 A
1407 282 1503 327 quod
1534 283 1744 328 prophetice
1777 282 1972 325 diceretur,
2000 290 2081 317 cum
2111 278 2294 326 praeterita
2315 291 2464 320 narran-

283 346 340 371 eo.
380 333 452 369 Sed
471 339 511 369 tu
529 335 561 371 si
578 345 665 372 vere
681 336 881 374 fructificas
901 338 938 373 in
951 337 1038 381 Deo,
1055 344 1092 375 et
1109 339 1211 376 vides
1228 339 1337 375 talem

284 394 440 440 aliquem
469 393 682 439 inquietum,
706 397 904 441 turbidum,
919 398 1115 442 mobilem,
1142 400 1232 435 scito
1252 400 1336 445 quia

282 453 505 489 Chananaeus
531 459 607 497 est;
635 460 671 491 et
689 466 761 491 non
778 462 881 502 potes
903 457 1036 503 ejicere
1053 469 1136 494 eum
1155 460 1199 496 de
1212 460 1337 496 Eccle-

283 516 347 558 sia,
375 515 459 561 quia
493 525 564 551 non
597 522 792 562 potuerunt
824 518 888 554 filii
924 519 1097 564 Ephraim
1129 521 1336 567 disperdere

282 574 534 611 Chananaeum.
579 576 670 612 ‘Illud
707 578 860 614 observa
876 579 971 625 quod
999 580 1193 626 Apostolus
1214 589 1336 618 monet

280 635 430 671 dicens:
460 649 471 669 ι
497 635 706 672 Subtrahite
723 648 786 674 vos
817 638 862 673 ab
893 640 990 675 omni
1026 640 1137 676 fratre
1174 641 1334 687 inquiete

278 695 483 731 ambulante
510 695 567 742 (11
591 696 709 732 Thess.
727 697 796 744 111).
824 711 836 732 »
872 698 942 735 Sed
965 701 1135 745 quoniam
1165 700 1334 737 Salomon

279 755 506 804 (Prov.xx11)
542 758 667 793 suadet
700 759 777 794 haec
808 770 888 805 quae
917 761 1084 807 legimus,
1104 763 1259 799 describi
1297 764 1334 798 in

276 821 385 856 corde
412 821 615 867 tripliciter,
650 823 759 858 etiam
780 824 890 868 aliud,
911 832 1042 871 praeter
1063 827 1121 862 illa
1141 839 1219 874 quae
1242 829 1333 864 dixi-

275 893 368 924 mus,
405 883 500 927 quod
521 884 620 919 cordi
646 895 726 920 meo
763 888 977 930 occurrerit,
1004 888 1049 923 ad
1071 899 1178 925 aures
1192 896 1333 927 vestras

274 941 455 987 proferam
476 954 484 977 t
513 943 557 978 Et
575 954 638 979 vos
669 943 775 980 facite
795 947 888 991 quod
917 947 1090 993 scriptum
1110 954 1177 992 εει,
1195 955 1235 985 ut
1261 961 1333 986 uno

274 1002 430 1045 dicente,
445 1004 567 1038 caeteri
588 1005 795 1040 examinent
813 1006 848 1051 (Ι
866 1006 947 1042 Cor.
970 1007 1058 1053 x1v).
1094 1008 1149 1043 Me
1174 1019 1261 1055 ergo
1281 1010 1334 1044 di-

273 1069 376 1099 cente
391 1065 487 1109 quod
508 1065 637 1108 sentio,
658 1075 722 1101 vos
738 1067 931 1101 discernite
948 1073 984 1101 et
999 1068 1201 1103 examinate
1229 1069 1259 1104 si
1276 1079 1333 1104 re>-

272 1129 368 1159 ctum
395 1130 465 1167 est,
488 1131 549 1159 aut
567 1125 687 1160 minus
701 1131 852 1161 rectum.
875 1126 924 1161 De
949 1125 1148 1162 Jerusalem
1166 1127 1334 1173 frequen-

1407 347 1480 386 tur,
1498 349 1760 388 taceanturque
1775 342 1898 378 futura
1925 341 2066 387 majora
2099 346 2136 376 et
2154 341 2310 377 maxime
2337 350 2477 379 neces-‘

1407 404 1534 439 saria?
1571 403 1728 439 Proinde
1763 402 1887 448 potius
1915 400 2196 437 existimandum
2225 405 2283 437 est
2313 399 2486 447 Septuaae

1405 465 1503 511 ginta
1519 465 1756 510 Interpretes‚
1780 463 1842 508 qui
1866 463 2080 498 auctoritate
2099 462 2307 507 prophetica
2323 472 2366 498 ex
2386 462 2464 508 ipsa

1404 527 1560 563 mirabili
1578 525 1817 562 consensione
1847 523 2074 569 interpretati
2110 532 2190 559 esse
2213 523 2462 568 perhibentur,
2499 542 2540 577 4,—

1404 586 1482 623 haec
1496 587 1697 628 addidisse;
1723 595 1796 621 non
1816 589 1990 629 tanquam
2021 583 2141 619 futura
2173 584 2461 630 pronuntiantes,

1405 647 1466 682 sed
1496 646 1578 691 quia
1599 651 1761 691 tempore
1776 645 1837 680 illo
1859 645 1926 690 ipsi
1947 650 2064 688 erant,
2084 654 2154 690 quo
2182 644 2274 680 sacta
2290 655 2371 680 esse
2387 654 2464 680 me-

1404 707 1596 750 minerant,
1638 707 1736 742 etin
1765 706 1856 742 libro
1887 705 2092 752 Regnorum
2128 706 2302 752 legerant,
2337 716 2462 751 regum

1403 767 1626 812 temporibus
1661 767 1730 802 hoc
1755 765 1891 801 factum
1923 775 2004 801 esse
2037 765 2118 812 (III
2150 765 2238 812 Req.
2263 765 2331 813 ix).
2360 765 2463 809 Quod

1403 828 1484 863 ideo
1517 827 1724 863 credibilius
1759 827 1866 862 nobis
1908 827 2025 862 visum
2067 831 2155 870 est,
2191 827 2361 871 quoniam
2406 826 2463 861 in-

1403 889 1585 934 speximus
1609 877 1942 933 interpretationem
1973 897 2052 932 quae
2081 892 2196 923 estex
2225 886 2389 928 Hebraeo,
2426 890 2462 921 et

1402 949 1472 985 hoc
1495 948 1545 984 ibi
1579 958 1651 983 non
1686 949 1917 984 invenimus:
1957 948 2050 984 sicut
2083 958 2150 984 nec
2181 947 2268 983 illud
2289 947 2386 993 quod
2405 947 2460 982 di-

1403 1016 1501 1046 ctum
1521 1015 1577 1045 est
1606 1010 1648 1045 de
1674 1008 1819 1045 Jericho
1849 1010 1943 1054 quod
1974 1010 2036 1055 qui
2053 1020 2133 1045 eam
2163 1014 2381 1055 reparasset,
2410 1009 2464 1044 in-

1403 1075 1567 1105 curreret
1601 1070 1835 1105 maledictum
1855 1070 1950 1114 quod
1973 1069 2114 1105 dixerat
2136 1069 2254 1105 Jesus.
2291 1069 2350 1105 Sic
2365 1070 2461 1104 enim

1403 1131 1577 1175 scriptum
1607 1136 1661 1166 est
1697 1143 1704 1166 :
1751 1143 1762 1163 ‹
1789 1131 1833 1165 Et
1862 1129 2042 1174 adjuravit
2073 1130 2176 1166 Jesus
2213 1131 2250 1166 in
2285 1130 2342 1166 die
2371 1131 2458 1165 illa:

272 1191 326 1221 ter
343 1187 499 1222 diximus
517 1187 601 1232 quia
635 1188 726 1223 visio
745 1188 843 1233 pacis
871 1188 1141 1234 iuterpretatur.
1178 1190 1216 1225 Si
1241 1200 1326 1236 ergo
1347 1183 1378 1221 Β
1398 1189 1606 1226 Maledictus
1637 1191 1744 1227 homo
1766 1191 1826 1235 qui
1845 1190 2077 1225 resuscitabit
2098 1195 2135 1225 et
2159 1190 2349 1225 aedificabit
2375 1190 2462 1225 civi-

271 1247 307 1282 in
329 1248 438 1283 corde
451 1253 577 1283 nostro
594 1247 793 1283 Jerusalem
815 1248 991 1283 aedificata
1011 1256 1080 1292 est,
1103 1250 1171 1284 hoc
1189 1255 1258 1292 est,
1274 1251 1327 1285 vi-

270 1309 323 1345 sio
337 1310 437 1355 pacis
453 1309 488 1343 in
506 1309 614 1344 corde
629 1313 753 1344 nostro
774 1308 923 1343 fundata
940 1315 1007 1351 est,
1022 1315 1058 1344 et
1068 1310 1249 1354 spiritum,
1265 1311 1326 1354 qui

270 1375 324 1405 εει
343 1380 412 1415 pax
434 1374 573 1411 nostra,
604 1378 744 1413 semper
780 1369 985 1403 intueamur
1015 1375 1051 1404 et
1086 1379 1270 1404 servemus
1289 1370 1327 1404 in

268 1429 394 1472 corde;
432 1429 462 1465 si
485 1429 629 1474 quidem
658 1429 707 1463 ita
733 1428 795 1462 fixi
827 1432 862 1463 et
881 1427 1028 1463 stabiles
1045 1438 1169 1463 sumus
1198 1429 1236 1463 in
1258 1429 1327 1464 hac

268 1491 407 1526 visione
438 1491 554 1536 pacis,
579 1495 620 1525 ut
655 1499 837 1534 nunquam
871 1499 1021 1534 prorsus
1044 1488 1116 1523 ulla
1156 1488 1327 1533 cogitatio

269 1552 362 1587 mala
380 1559 417 1588 et
434 1551 586 1596 alicujus
603 1551 744 1597 peccati
764 1551 954 1588 consilium
977 1551 1148 1586 ascendat
1162 1551 1197 1585 in
1218 1551 1327 1587 corde

268 1618 407 1649 nostro.
447 1612 486 1648 Si
508 1613 575 1648 hoc
604 1613 653 1647 ita
678 1612 756 1646 sieri
782 1617 916 1656 posset,
951 1616 1160 1656 poteramus
1206 1611 1326 1646 dicere

268 1677 352 1722 quia
368 1676 405 1711 in
423 1674 621 1711 Jerusalem
638 1685 776 1717 sumus,
792 1680 828 1710 et
843 1674 963 1709 nullus
979 1674 1070 1710 alius
1104 1675 1244 1710 habitat
1262 1684 1325 1710 no·

267 1736 407 1772 biscum
423 1736 492 1771 nisi
522 1735 574 1770 illi
606 1736 668 1780 qui
705 1736 819 1771 sancti
846 1742 941 1770 sunt.
980 1734 1083 1770 Nunc
1106 1745 1193 1770 vero
1229 1735 1258 1769 si
1282 1736 1325 1771 ad

265 1799 439 1843 grandem
472 1803 682 1844 provectum
707 1798 907 1839 veniamus,
929 1802 965 1832 et
986 1797 1136 1832 summis
1162 1802 1323 1832 nosmet-

264 1860 363 1905 ipsos
388 1859 517 1895 studiis
550 1858 769 1901 excolamus,
794 1863 915 1894 tamen
949 1868 1022 1893 non
1039 1863 1126 1904 puto
1152 1858 1323 1902 cuiquam

266 1925 406 1956 tantum
422 1919 459 1955 in
476 1920 585 1956 corde
606 1919 776 1965 puritatis
804 1918 963 1960 evenire,
986 1923 1025 1952 ut
1042 1927 1227 1962 nunquam
1260 1916 1322 1951 ad-

262 1992 376 2019 versae
408 1982 639 2028 cogitationis
668 1981 880 2027 contagione
906 1979 1120 2014 maculetur.
1172 1976 1323 2012 Certum

261 2047 317 2077 est
335 2041 498 2077 habitare
527 2041 710 2077 Jebusaeos
728 2051 811 2076 cum
828 2040 911 2075 filiis
929 2040 1020 2075 Juda
1044 2039 1080 2074 in
1094 2038 1296 2074 Jerusalem
1311 2050 1318 2072 :

1399 1256 1505 1286 tatem
1523 1251 1633 1285 illam.
1664 1251 1702 1285 ln
1715 1250 1956 1295 primogenito
1978 1259 2042 1284 suo
2071 1248 2237 1284 fundabit
2262 1259 2357 1292 eam,
2374 1250 2461 1285 etin

1395 1311 1591 1345 novissimo
1612 1320 1676 1346 suo
1698 1310 1858 1354 imponet
1877 1315 2000 1354 portas
2026 1309 2116 1354 ejus.
2139 1322 2150 1343 ›
2187 1309 2382 1356 Hucusque
2401 1311 2458 1346 in-

1395 1371 1539 1405 venitur
1559 1371 1595 1405 in
1632 1370 1933 1414 interpretatione
1953 1379 1997 1404 ex
2016 1369 2179 1405 Hebraeo.
2225 1369 2315 1405 Illud
2337 1376 2459 1406 autem

1396 1432 1491 1476 quod
1512 1431 1675 1476 sequitur
1693 1443 1700 1466 :
1735 1443 1747 1464 ‹
1771 1431 1816 1466 Et
1835 1431 1884 1466 ita
1903 1430 1989 1466 fecit
2008 1430 2096 1473 Oza,
2119 1431 2178 1475 qui
2204 1441 2250 1466 ex
2269 1431 2394 1466 Bethel
2423 1432 2460 1467 iu

1395 1491 1531 1526 Abii-on
1559 1491 1798 1537 primogenito
1825 1502 1889 1526 suo
1917 1491 2075 1526 fundavit
2114 1501 2208 1533 eam,
2227 1491 2317 1526 etin
2339 1490 2458 1537 Segub

1396 1554 1592 1590 novissimo
1635 1553 1805 1598 imposuit
1835 1558 1958 1598 portas
1994 1552 2071 1597 ejus
2102 1552 2182 1600 (III
2204 1553 2287 1599 Req.
2315 1553 2388 1600 xv1)
2409 1564 2417 1596 ;
2442 1567 2454 1587 ›

1398 1616 1467 1650 hoc
1488 1615 1559 1650 illie
1578 1625 1649 1650 non
1667 1614 1811 1661 legitur.
1833 1614 1934 1650 Unde
1949 1620 2099 1659 apparet
2114 1625 2134 1649 a
2146 1613 2382 1660 Septuaginta
2399 1613 2458 1649 in-

1396 1677 1625 1722 terpositum,
1650 1676 1711 1722 qui
1731 1675 1867 1711 factum
1885 1686 1965 1711 esse
1981 1680 2170 1711 noverant.
2188 1674 2259 1721 (Ex
2274 1674 2458 1709 Adaman-

1395 1737 1474 1785 tio.)
1491 1738 1685 1774 Chananaei
1704 1738 1813 1774 tertio
1829 1738 1915 1774 dicti
1931 1744 2015 1774 sunt
2031 1748 2112 1774 esse
2130 1738 2166 1772 in
2175 1736 2259 1772 filiis
2269 1737 2456 1782 Ephraim.

1396 1798 1435 1834 Si
1466 1799 1563 1834 enim
1585 1799 1792 1845 diligentius
1813 1799 2047 1834 observemus
2074 1800 2252 1844 quomodo
2273 1800 2378 1834 tertio
2398 1799 2454 1834 di-

1395 1866 1524 1896 cantur
1540 1871 1621 1897 esse
1633 1860 1827 1897 Chananaei
1845 1871 1926 1896 cum
1949 1860 2031 1896 filiis
2050 1861 2236 1906 Ephraim,
2249 1866 2285 1896 et
2301 1860 2456 1897 Domino

1392 1929 1587 1968 praestante
1607 1923 1806 1969 poterimus
1824 1923 2041 1970 investigare
2060 1924 2222 1959 ordinem
2257 1923 2456 1958 dictionum

1393 1985 1479 2030 quid
1498 1995 1541 2019 ex
1563 1985 1632 2020 hoc
1651 1984 1686 2019 in
1704 1985 1835 2029 primo,
1858 1985 1944 2029 quid
1964 1985 2000 2019 in
2021 1985 2194 2028 secundo,
2216 1984 2300 2030 quid
2321 1984 2358 2019 in
2382 1989 2455 2019 ter-

1392 2045 1443 2079 tio
1460 2044 1595 2079 factum
1613 2043 1780 2079 refertur.
1831 2044 1922 2079 Puto
1948 2045 2044 2089 quod
2077 2055 2148 2079 non
2178 2045 2312 2079 erimus
2333 2045 2455 2079 iucre-

261 2113 334 2138 non
351 2109 473 2138 tamen
509 2104 666 2138 diximus
700 2104 776 2139 haec
808 2109 848 2138 ut
876 2103 1113 2149 negligamus,
1146 2108 1321 2147 quantum
1341 2089 1370 2130 C
1393 2103 1478 2145 duli,
1502 2104 1586 2149 quia
1618 2113 1703 2139 vere
1727 2104 1819 2145 haec,
1843 2113 1913 2138 non
1935 2109 1975 2138 ut
2001 2104 2075 2139 sola
2110 2103 2213 2138 nobis
2249 2113 2369 2138 rerum
2389 2113 2452 2149 ge-

262 2162 342 2198 fieri
362 2167 494 2207 potest,
510 2162 639 2206 ejicere
663 2172 746 2205 eos,
763 2163 825 2198 sed
853 2163 941 2198 satis
973 2163 1149 2208 agendum
1169 2163 1272 2197 nobis
1287 2167 1324 2197 ει

263 2224 475 2259 tentandum
500 2224 659 2269 quotidie
682 2222 811 2268 ejicere
834 2234 895 2259 eos
928 2223 971 2259 de
999 2223 1212 2260 Jerusalem.
1237 2223 1320 2267 Sed,

262 2285 355 2321 sicut
375 2286 548 2331 scriptum
570 2291 638 2327 est,
656 2296 727 2321 non
745 2295 936 2331 possumus
972 2286 1080 2321 simul
1101 2296 1228 2321 omnes
1259 2287 1323 2332 eji-

261 2354 356 2382 cere.
390 2345 466 2380 Hoc
488 2345 582 2380 idem
605 2351 725 2381 autem
758 2346 794 2381 in
819 2346 875 2381 his
902 2346 962 2391 qui
994 2346 1218 2381 fructificant
1236 2356 1322 2382 sen-

259 2404 421 2441 tiendum
446 2411 516 2448 est,
549 2406 631 2450 quia
652 2406 823 2451 Ephraim
841 2406 902 2441 lilii
919 2407 1093 2442 nominati
1129 2413 1227 2450 sunt,
1259 2409 1320 2453 qui

259 2470 297 2502 et
329 2465 398 2511 ipsi
432 2464 668 2508 Chananaeos‚
707 2475 816 2512 vagas
837 2471 873 2501 et
893 2466 1050 2502 lubricas
1065 2467 1317 2513 cogitationes,

259 2536 400 2572 semper
419 2525 549 2561 debent
565 2526 696 2572 ejicere
712 2526 756 2562 de
776 2526 964 2562 animabus
987 2527 1076 2563 suis.
1121 2527 1243 2563 Potest
1262 2539 1322 2563 au-

258 2593 328 2623 tem
363 2587 458 2622 Deus
485 2585 669 2623 Jebusaeos
688 2592 724 2622 et
756 2586 983 2622 Chananaeos
1007 2597 1024 2622 a
1046 2586 1130 2623 filiis
1150 2588 1322 2634 Ephraim

259 2646 449 2694 projicere.
484 2648 602 2693 Ipsum
621 2658 706 2695 ergo
720 2647 914 2684 Dominum
931 2648 1181 2694 deprecemur,
1195 2655 1235 2684 ut
1254 2649 1321 2695 eji-

261 2708 359 2743 ciens
383 2718 403 2741 a
427 2707 530 2742 uobis
559 2707 673 2743 malas
708 2708 959 2755 cogitationes,
990 2709 1104 2744 bonas
1129 2710 1264 2744 inserat
1286 2715 1322 2745 et

258 2769 385 2816 dignas
404 2769 440 2803 in
471 2766 669 2803 Jerusalem
700 2768 839 2804 civitati
854 2769 1015 2810 coeleste,
1034 2768 1072 2803 in
1107 2769 1238 2814 quibus
1267 2770 1321 2805 ni-

257 2829 308 2865 hil
340 2830 515 2876 pollutum
540 2830 744 2866 inveniatur
763 2836 826 2867 aut
854 2831 1038 2866 sordidum
1068 2832 1164 2876 quod
1196 2842 1262 2868 nos
1283 2832 1320 2867 in

258 2892 315 2928 die
339 2892 466 2938 judicii
484 2902 530 2928 ex
549 2892 781 2928 conscientia}
800 2891 1078 2938 cogitationibus
1096 2899 1236 2939 arguat,
1257 2894 1318 2929 sed

257 2952 461 2988 inveniatur
478 2952 514 2987 in
534 2952 637 2988 nobis
650 2952 791 2997 puritas
809 2952 942 2987 cordis.

305 3014 424 3063 (lem.)
464 3027 475 3047 ι
501 3014 757 3059 Habitavitque
783 3014 1009 3049 Chananaeus
1028 3014 1066 3048 in
1081 3013 1199 3049 medio
1219 3012 1317 3058 Eph-

259 3089 272 3110 ‹
303 3077 395 3112 raim
416 3086 530 3121 usque
550 3076 586 3110 in
601 3075 696 3110 diem
720 3075 813 3109 hanc
828 3074 1056 3116 tributarius,
1078 3087 1090 3108 »
1115 3079 1150 3109 et
1169 3078 1313 3109 caetera.

258 3135 464 3172 Secundum
486 3135 592 3170 aliam
612 3140 733 3170 autem
748 3134 942 3170 editionem
964 3134 1012 3168 ita
1028 3134 1160 3180 legitur
1191 3146 1198 3168 :
1237 3146 1248 3166 ε
1271 3134 1316 3169 Ει

259 3208 273 3231 ι
301 3206 373 3232 non
404 3195 561 3241 perdidit
585 3194 757 3240 Ephraim
786 3193 1029 3229 chananaeum
1049 3194 1110 3238 qui
1131 3194 1316 3230 habitabat

260 3270 274 3292 ι
305 3258 342 3293 in
361 3255 504 3292 Gazer:
543 3259 578 3290 et
598 3254 787 3290 habitabat
818 3253 1044 3289 Chananaeus
1069 3253 1106 3288 in
1139 3253 1313 3298 Ephraim

261 3331 274 3353 t
302 3328 418 3364 usque
449 3317 486 3352 in
524 3316 619 3352 diem
641 3315 749 3350 istum
774 3327 782 3348 :
828 3314 942 3350 donec
973 3313 1135 3349 ascendit
1172 3312 1315 3348 P-harao

262 3391 275 3413 ε
305 3389 370 3415 rex
385 3377 547 3424 AEgypti‚
582 3381 619 3412 et
648 3376 743 3422 cepit
771 3375 970 3417 civitatem,
997 3380 1034 3409 et
1056 3374 1214 3410 incendit
1234 3382 1315 3408 eam

261 3453 276 3477 ι
306 3441 346 3478 ἰιι
377 3440 458 3485 igne
483 3450 491 3474 ε
522 3443 560 3474 ει
604 3438 840 3480 chananaeos,
874 3442 910 3473 et
934 3436 1162 3479 Pherezaeos,
1187 3440 1224 3472 et
1253 3435 1315 3481 qui

263 3513 276 3536 c
303 3499 515 3537 habitabant
544 3498 582 3534 in
608 3497 738 3542 Gazer,
773 3497 1015 3543 transpunxit,
1052 3501 1089 3532 et
1115 3496 1213 3533 dedit
1234 3505 1315 3532 eam

264 3576 275 3596 α
304 3561 448 3597 Pharao
476 3560 514 3595 in
544 3560 665 3595 dotem
693 3559 777 3595 filiae
815 3568 901 3595 suae.
927 3572 939 3592 ›
984 3557 1056 3603 (Ex
1087 3558 1312 3605 Auqusaetno.)

261 3621 363 3666 Quod
381 3622 426 3658 de
442 3620 633 3657 Pharaone
658 3619 794 3656 dictum
823 3623 892 3662 est,
917 3619 1030 3655 miror
1056 3618 1087 3655 si
1105 3618 1314 3664 prophetice

263 3683 398 3717 dictum
422 3680 622 3727 intelligere
640 3680 852 3724 debeamus,
871 3690 953 3717 cum
973 3680 1052 3716 haec
1075 3679 1226 3715 historia
1242 3678 1314 3715 illis

262 3742 483 3787 temporibus
509 3743 712 3789 conscripta
736 3742 916 3785 credatur,
936 3742 1066 3788 quibus
1091 3746 1196 3777 erant
1214 3745 1315 3788 gesta

266 3801 332 3843 itta
359 3803 531 3841 recentia.
587 3803 683 3848 Quid
714 3810 834 3841 autem
867 3814 1036 3851 maguum
1073 3803 1158 3850 eligi
1197 3802 1314 3851 potuit

1393 2170 1530 2212 starum
1550 2164 1710 2199 narratio
1734 2164 1952 2207 traderetur,
1974 2164 2108 2208 scripta
2131 2171 2227 2206 sunt,
2249 2163 2312 2198 sed
2331 2172 2454 2198 sacra-

1391 2225 1521 2260 mentis
1551 2224 1681 2259 divinis
1698 2224 1844 2269 Deoque
1863 2224 1979 2269 dignis
2012 2224 2161 2269 repleta.
2212 2222 2333 2259 Primo
2367 2233 2454 2270 ergo

1390 2285 1526 2320 dictum
1546 2289 1601 2320 est
1619 2284 1704 2329 quia
1735 2295 1806 2320 non
1835 2284 1994 2329 perdidit
2010 2285 2181 2330 Ephraim
2209 2283 2454 2322 Chananaeum

1392 2345 1453 2389 qui
1468 2345 1654 2380 habitabat
1673 2345 1709 2380 in
1740 2344 1868 2387 Gazer,
1887 2346 1949 2381 sed
1968 2345 2153 2381 habitabat
2174 2344 2399 2381 Chananaeus
2415 2344 2452 2380 in

1390 2404 1562 2450 Ephraim
1577 2414 1688 2449 usque
1706 2404 1741 2439 in
1752 2405 1967 2440 hodiernum
1978 2404 2086 2447 diem,
2104 2409 2139 2439 et
2156 2403 2273 2440 factus
2291 2409 2369 2439 erat
2386 2405 2452 2440 sul)

1390 2466 1527 2502 tributo
1546 2476 1685 2502 servus.
1726 2465 1899 2501 Ascendit
1930 2476 2072 2511 quoque
2095 2476 2159 2501 rex
2176 2465 2322 2512 AEgypti
2353 2465 2449 2501 Pha-

1391 2537 1468 2570 rao,
1494 2533 1530 2562 et
1556 2527 1695 2572 accepit
1714 2526 1908 2569 civitatem,
1929 2531 1964 2561 et
1981 2526 2140 2562 incendit
2169 2536 2249 2562 eam
2283 2526 2380 2572 igni,
2416 2531 2453 2561 et

1389 2588 1603 2625 Plierezaeos
1629 2590 1689 2634 qui
1714 2590 1924 2625 habitabant
1960 2590 1997 2624 in
2015 2589 2130 2625 Gazer
2166 2589 2374 2631 trucidavit,
2415 2593 2451 2624 et

1391 2651 1488 2687 dedit
1502 2661 1582 2685 eam
1603 2651 1640 2685 in
1660 2651 1779 2686 dotem
1810 2651 1892 2686 filiae
1908 2661 1994 2687 suae.
2036 2649 2203 2686 Secundo
2224 2661 2232 2685 ε
2259 2650 2304 2685 Ει
2314 2649 2450 2685 factum

1390 2718 1460 2755 est,
1479 2712 1610 2757 inquit,
1631 2712 1799 2757 quoniam
1829 2711 2057 2747 invaluerunt
2075 2710 2138 2745 filii
2160 2710 2284 2753 Israel,
2304 2715 2342 2745 et
2354 2709 2450 2746 fece-

1391 2781 1475 2810 runt
1485 2776 1706 2811 Chananaeos
1724 2774 1918 2819 subjectos,
1929 2773 2231 2810 exterminatione
2246 2779 2365 2808 autem
2375 2782 2448 2807 non

1388 2837 1722 2872 exterminaverunt
1737 2846 1811 2871 eos.
1838 2835 1975 2878 Tertio,
1995 2834 2137 2880 quando
2154 2833 2449 2869 contradixerunt

1388 2896 1455 2930 viri
1486 2897 1529 2931 de
1554 2896 1649 2931 tribu
1669 2896 1843 2941 Ephraim
1862 2895 1963 2939 Jesu,
1984 2895 2146 2930 volentes
2164 2894 2360 2929 secundum
2381 2904 2447 2928 nu—

1387 2956 1633 2991 merositatem
1652 2966 1767 2999 suam,
1794 2956 1878 3002 quia
1909 2956 2030 3002 plures
2048 2959 2164 2998 erant,
2186 2959 2222 2990 et
2235 2954 2445 2990 validiorem

1386 3018 1493 3053 etiam
1510 3018 1673 3063 accipere
1693 3024 1828 3054 sortem
1846 3029 1854 3052 ε
1874 3022 1910 3053 ει
1924 3016 2098 3062 jubentur
2117 3016 2312 3052 ascendere
2328 3016 2364 3051 in
2379 3016 2446 3051 sal-

1387 3082 1475 3119 tum,
1495 3083 1531 3112 et
1549 3077 1618 3113 sibi
1640 3078 1727 3123 ipsis
1755 3078 1966 3123 ampliorem
1985 3077 2102 3112 locum
2122 3076 2257 3113 facere.
2287 3076 2334 3113 Ut
2361 3086 2445 3122 pos·

1385 3137 1456 3172 sint
1479 3137 1609 3173 latiora
1643 3137 1758 3182 spatia
1789 3146 1978 3181 occupare,
1995 3134 2168 3180 jubentur
2203 3135 2444 3171 exterminare

1384 3196 1644 3232 Chananaeum.
1685 3197 1879 3232 Videamus
1903 3206 1989 3241 ergo
2011 3195 2098 3239 quid
2115 3194 2183 3230 sibi
2213 3194 2380 3230 videatur
2399 3194 2442 3229 dc

1384 3256 1597 3292 Chananaeis
1629 3256 1810 3300 tripartita
1845 3254 2018 3289 narratio.
2064 3254 2186 3288 Primo
2216 3252 2440 3289 chananaeus

1384 3316 1571 3352 nobiscum
1585 3315 1729 3360 quidem
1755 3319 1825 3356 est,
1862 3319 1898 3349 et
1934 3314 2001 3349 sub
2019 3312 2154 3348 tributo
2173 3318 2256 3356 εει;
2286 3323 2359 3349 non
2384 3320 2439 3349 est

1384 3381 1503 3410 tamen
1521 3374 1690 3409 obediens
1709 3373 1826 3414 nobis,
1847 3382 1963 3418 neque
1981 3382 2118 3408 servus.
2147 3372 2314 3409 Secundo
2329 3374 2438 3410 etiam

1384 3446 1508 3473 servus
1517 3434 1680 3478 efficitur,
1698 3438 1736 3470 et
1751 3433 1934 3470 obediens.
1954 3432 2197 3469 Chananaeum
2215 3434 2274 3470 hic
2291 3445 2438 3471 carnem

1382 3501 1543 3533 nostram
1560 3495 1791 3541 accipiamus,
1815 3492 1872 3529 vel
1902 3503 1944 3529 ea
1973 3503 2053 3538 quae
2080 3494 2200 3530 carnis
2231 3500 2339 3530 sunt:
2359 3496 2437 3532 baec

1384 3557 1501 3603 primo
1518 3555 1705 3591 nobiscum
1729 3558 1797 3596 est,
1821 3553 1891 3589 hoc
1909 3557 1966 3588 est
1985 3552 2128 3596 animae,
2163 3552 2344 3598 adjuncta,
2372 3555 2435 3590 sed

1385 3627 1457 3653 nou
1470 3622 1526 3653 est
1541 3616 1576 3651 ei
1589 3614 1772 3656 obediens,
1787 3612 1858 3649 nisi
1872 3618 2012 3648 tantum
2027 3607 2125 3658 'quod
2141 3612 2273 3647 tributa
2291 3612 2435 3659 dispen-
2487 3613 2498 3625 Ἴ

1384 3678 1456 3721 dit3
1487 3683 1524 3712 ει
1538 3674 1778 3711 ministerium
1799 3673 1945 3719 quidem
1975 3672 2121 3709 exhibet
2147 3672 2275 3717 agendi
2300 3672 2435 3720 aliquid

1383 3737 1440 3775 vel
1455 3736 1642 3780 movendi;
1678 3733 1899 3785 concupiscit
1921 3738 2042 3769 tamen
2061 3732 2234 3769 adversus
2252 3733 2433 3780 spiritum,

1384 3806 1421 3838 et
1441 3810 1514 3838 non
1529 3803 1584 3837 εει
1594 3797 1766 3838 obediens
1785 3795 1930 3834 animae.
1945 3794 2011 3832 sed
2025 3793 2100 3832 suis
2117 3793 2311 3838 desideriis,
2322 3793 2444 3834 cedit„

2523 222 2540 248 ’1
2520 0 2540 212 “imvm

2524 250 2540 275 τ’

2524 515 2532 526 r
2522 389 2540 498 nvlrvfz-v-
2524 358 2532 372 ν
2523 302 2540 346 rs<
2526 283 2536 288 ,
