2540 4016
27 169 131 247 {aas

57 337 163 386 ponit
192 346 256 373 eos
274 336 313 372 in
343 335 516 372 verticem
536 335 671 372 montis
689 333 790 372 Sina.
811 335 879 371 Hic
904 338 1028 369 autem
1048 331 1118 367 Ba-

57 399 130 442 lae,
169 398 232 445 qui
264 397 339 434 Deo
373 397 577 434 contrarius
612 402 681 442 est,
717 397 871 444 imponit
900 395 1051 431 Balaam
1080 395 1118 430 in

58 460 233 496 verticem
250 459 384 496 montis
402 457 558 506 Phogor.
579 458 723 506 Phogor
751 464 871 494 autem
901 457 1119 503 interpreta-

58 527 119 559 tur
148 522 345 559 delectatio.
378 521 419 558 ln
446 521 621 558 verticem
651 526 773 558 autem
806 518 1058 556 delectationis
1083 522 1119 553 et

58 650 116 680 est
146 642 341 689 voluptatis
366 642 482 688 magis
510 653 619 688 quam
637 642 715 678 Dei.
736 642 781 678 Et
810 641 947 678 idcireo
967 639 1119 686 imponit

58 713 121 740 eos
135 703 173 738 in
192 700 440 737 summitatem
460 707 497 737 et
512 702 686 738 verticem
711 701 920 747 voluptatis,
939 706 980 735 ut
1001 699 1121 735 exelu-

58 764 119 801 dat
138 773 201 799 eos
221 763 330 798 Deus.
357 762 560 798 Excludens
577 763 674 798 enim
692 767 728 798 et
747 762 924 798 devoratio
941 761 1121 805 iuterpre-

59 829 157 860 tatur
175 822 298 858 Balac.
327 821 410 857 Ideo
430 821 584 867 denique
618 822 663 857 ad
695 831 858 857 eremum
893 818 1009 854 tendit
1026 818 1120 854 Pho-

59 896 124 934 gor
140 912 149 929 ‚
171 884 207 920 id
225 889 304 928 est,
328 884 374 920 ad
400 893 443 920 ea
475 893 556 919 uuae
573 893 695 920 erema
710 888 808 925 sunt,
829 885 866 916 et
883 879 1027 915 deserta
1047 878 1120 916 Deo

59 946 219 993 negotia.

108 1006 153 1041 Et
174 1006 264 1041 dixit
298 1003 450 1039 Balaam
477 1004 523 1039 ad
539 1003 651 1039 Balae
669 1011 682 1036 .·
699 1001 871 1038 construe
896 999 1120 1046 milziseptem

58 1078 153 1107 aras,
182 1072 215 1100 et
235 1065 292 1110 sac
313 1064 399 1098 mihi
415 1070 542 1108 septem
563 1060 702 1104 vitulos,
718 1066 750 1096 et
766 1065 895 1105 septem
914 1060 1053 1095 arietes.
1074 1059 1120 1095 Ec

59 1127 140 1173 fecit
158 1123 269 1159 Βαίας
295 1123 385 1158 sicut
404 1122 493 1157 dixit
511 1120 676 1157 Balaam.
711 1121 757 1156 Et
777 1120 902 1156 obtulit
924 1120 1074 1155 vitulum
1089 1126 1120 1155 et

58 1246 110 1282 tia
131 1250 188 1281 est
207 1244 388 1281 dicentis:
413 1243 500 1286 Quoe
518 1243 609 1278 enim
624 1243 847 1288 sanctificant
880 1249 1009 1289 gentes,
1046 1243 1122 1278 (ἰω-

57 1307 184 1343 mom'is
199 1312 231 1342 et
251 1317 320 1342 non
334 1304 408 1340 Deo
441 1304 644 1350 sacrificant
661 1303 695 1351 (Ι
714 1303 795 1339 Cor.
816 1303 867 1350 x).
890 1303 962 1339 Sed
984 1309 1019 1339 et
1036 1303 1124 1339 Pro-

56 1368 166 1416 pheta
187 1366 353 1403 similiter
387 1366 504 1402 dicit:
532 1364 829 1411 Sacrificaverunt
860 1366 1056 1409 ammonas,
1090 1372 1122 1401 et

58 1439 128 1464 non
161 1427 249 1463 Deo.
273 1427 410 1464 Tamen
449 1426 620 1471 quoniam
652 1432 687 1462 et
708 1426 766 1462 lex
785 1427 848 1462 Dei
870 1427 913 1462 de
931 1426 1122 1463 sacrificiis

57 1488 222 1534 praecipit
240 1492 276 1522 et
308 1487 418 1521 ritum
441 1485 669 1521 sacrificandi
689 1485 800 1520 tradit
817 1486 900 1521 filiis
917 1486 1041 1529 lsrael,
1064 1497 1123 1522 re-

59 1549 226 1593 quiratur
240 1547 406 1583 fortassis
426 1556 490 1582 cur
512 1546 589 1581 haec
610 1556 694 1581 eum
718 1546 906 1582 daemoniis
929 1547 1048 1582 dicata
1066 1547 1120 1582 vi-

59 1609 226 1651 deantur,
248 1608 359 1644 ctiam
379 1607 452 1642 Deo
463 1605 659 1651 jubeantur
673 1607 810 1642 offerri.
831 1607 875 1642 Et
890 1607 959 1642 erit
976 1607 1123 1653 quidem

58 1668 211 1714 simplex
229 1676 265 1704 et
284 1669 354 1704 cita
375 1667 562 1714 responsio
585 1680 592 1702 :
614 1673 654 1703 ut
673 1668 975 1712 quemadmodum
991 1668 1027 1703 in
1043 1668 1123 1704 aliis

58 1731 295 1773 ostendimus,
318 1729 414 1776 quod
433 1729 593 1765 libellum
618 1729 758 1774 repudii
775 1729 853 1765 dari
878 1741 951 1766 non
975 1730 1039 1765 Dei
1059 1741 1124 1767 vo-

58 1792 209 1828 luntatis
242 1790 324 1834 fuit,
341 1791 402 1838 qui
424 1792 519 1836 quod
538 1790 778 1835 conjunxerat
801 1791 917 1827 noluit
945 1792 1121 1838 separari,

59 1853 124 1890 sed
142 1852 285 1899 Moyses
311 1852 388 1887 haec
405 1852 550 1898 proprie
572 1851 616 1886 ad
638 1851 812 1887 duritiam
842 1852 963 1888 cordis
980 1851 1123 1888 Judaeo-

58 1926 142 1952 rum
161 1915 308 1961 scripsit
327 1913 447 1962 (Dent.
481 1913 598 1960 xxiv),
627 1914 677 1949 ita
697 1915 804 1949 etiam
838 1915 882 1950 de
901 1915 970 1950 hoc
1007 1914 1123 1950 videri

58 1988 177 2025 posse,
214 1978 298 2023 quia
318 1978 413 2013 Deus
444 1977 538 2013 sicut
567 1987 632 2023 per
651 1977 760 2012 alium
777 1978 991 2023 prophetam
1017 1979 1121 2022 dicit,

59 2050 130 2075 non
148 2037 340 2072 manducat
363 2048 485 2073 carnes
514 2044 713 2080 taurorum,
744 2049 804 2073 nec
828 2039 1006 2073 hircorum
1036 2051 1122 2074 sau-

59 2166 138 2204 est,
159 2162 242 2207 quia
270 2172 340 2196 non
358 2161 523 2197 mandavi
543 2161 604 2196 tibi
623 2162 665 2196 de
691 2162 875 2207 sacrificiis
896 2168 927 2196 et
950 2163 1097 2198 victimis
1111 2191 1121 2208 ,

60 2221 99 2256 in
118 2220 173 2255 die
189 2232 258 2267 qua
277 2220 383 2256 eduxi
401 2227 432 2256 te
445 2221 487 2256 de
509 2227 603 2256 terra
618 2221 787 2268 AEyypti;
808 2223 871 2258 sed
887 2222 1028 2269 Moyses
1046 2224 1122 2260 haee

60 2282 107 2318 ad
123 2283 295 2318 duritiam
317 2282 436 2318 cordis
453 2293 578 2319 eorum
595 2294 661 2330 pro
682 2284 943 2320 consuetudine
964 2287 1122 2331 pessima

60 2354 133 2391 qua
160 2345 288 2380 imbuti
315 2343 514 2380 luerantin
543 2345 715 2393 AEgypto‚
738 2346 962 2382 mandaverit
991 2347 1056 2391 eis,
1084 2353 1124 2382 ut

61 2404 125 2451 qui
146 2404 328 2440 abstinere
365 2414 403 2440 se
421 2414 492 2440 non
514 2411 665 2450 possunt
701 2406 745 2441 ab
778 2406 1013 2450 immolando,
1049 2407 1123 2443 Deo

63 2466 191 2503 saltem
212 2471 248 2502 et
263 2476 336 2502 non
357 2466 544 2503 daenioniis
565 2467 809 2503 immolarent.
842 2469 1047 2505 Videndum
1066 2475 1122 2506 ta-

61 2537 144 2564 men
162 2533 231 2571 est‚
252 2538 298 2563 ne
333 2527 426 2564 sorte
455 2528 502 2563 sit
523 2528 642 2574 aliqua
664 2528 892 2564 sacrificandi
908 2530 983 2566 Deo
1003 2531 1122 2566 occul-

62 2589 134 2625 tior
153 2599 196 2624 ae
226 2589 401 2625 secretior
422 2589 528 2632 ratio,
551 2600 596 2625 ne
628 2589 733 2632 sorte,
756 2591 918 2636 inquam,
945 2592 1123 2628 sacrificia

63 2660 144 2697 quae
163 2649 237 2684 Deo
257 2647 427 2692 offerunt,
447 2650 493 2685 ad
520 2649 790 2686 distinctionem
807 2651 894 2686 fiant
914 2661 1042 2688 eorum
1067 2663 1124 2689 sa-

63 2709 284 2746 crificiorum
323 2719 402 2754 quae
434 2709 655 2744 daemonibus
691 2709 936 2755 immolantur,
969 2717 1009 2747 ut
1039 2713 1124 2759 quia

62 2780 128 2817 per
147 2769 207 2805 illa
219 2768 456 2804 vulnerantur
478 2769 621 2812 animae,
643 2779 708 2815 per
734 2770 804 2806 ista
822 2777 1008 2816 sanentur,
1030 2774 1124 2811 sicut

64 2830 103 2866 hi
121 2829 337 2867 confirmant
361 2829 424 2875 qui
447 2829 635 2865 medicinae
666 2830 834 2875 peritiam
865 2839 1007 2878 gerunt.
1039 2833 1123 2871 Ser-

63 2895 210 2937 pentum
241 2899 398 2935 namque
433 2899 574 2926 venena
594 2890 722 2935 depelli
753 2890 987 2929 nihilominus
1014 2895 1123 2932 sectis

65 2962 111 2988 ex
136 2952 363 2997 serpentibus
378 2951 584 2998 perhibent.
614 2951 667 2986 Ita
686 2962 771 2998 ergo
793 2958 829 2988 et
859 2955 1122 2992 sacrificiorum

65 3012 345 3049 daemonicorum
362 3012 463 3048 virus
483 3022 549 3057 per
570 3012 749 3048 sacrificia
766 3013 839 3050 Deo
855 3014 976 3051 oblata
1004 3017 1123 3063 depel-

63 3073 163 3118 litur,
188 3074 282 3110 sieut
298 3079 335 3110 et
349 3084 447 3109 mors
462 3073 548 3110 Jesu
566 3079 720 3111 mortem
735 3077 876 3122 peccati
893 3079 1124 3117 credentibus

64 3144 138 3171 non
160 3135 247 3170 sinit
267 3134 459 3169 dominari.
483 3134 527 3169 Et
547 3135 695 3180 quidem
710 3136 825 3173 donee
848 3143 990 3185 tempus
1009 3141 1124 3186 patie-

56 3184 185 3237 ¹batur,
219 3193 396 3229 sacrificia
413 3193 604 3230 sacrificiis
625 3196 911 3241 opponebantur.
949 3198 1017 3234 Ubi
1037 3210 1123 3236 vero

55 3246 163 3290 'venit
177 3252 335 3299 perfecta
347 3253 467 3289 hostia
483 3258 519 3288 et
534 3264 647 3300 agnus
666 3255 917 3293 immaculatus
933 3259 993 3303 qui
1014 3260 1123 3296 totius

56 3306 189 3350 *mundi
213 3313 354 3350 tolleret
371 3319 574 3360 peccatum,
599 3315 777 3352 sacrificia
795 3316 866 3360 illa,
888 3328 968 3363 quae
989 3319 1123 3366 sigilla—

60 3375 132 3414 tim
151 3374 397 3412 offerebantur
413 3375 502 3419 Deo,
520 3374 596 3421 jam
621 3377 802 3423 superflua
816 3378 892 3414 visa
920 3385 1016 3423 sunt,
1040 3391 1122 3417 eum

65 3445 139 3472 una
171 3436 290 3476 hostia
321 3436 439 3473 omnis
469 3438 674 3474 daemonum
712 3439 854 3475 cultura
886 3440 1035 3487 depulsa
1059 3443 1119 3477 sit.

66 3495 202 3536 verum
216 3497 361 3535 Balaam
375 3499 444 3536 iste
458 3499 535 3536 sive
549 3501 747 3537 secundum
763 3501 860 3536 illam
879 3500 1031 3547 liguram
1049 3512 1121 3547 qna

62 3547 223 3607 ’diximus
241 3569 324 3596 eum
349 3557 543 3606 personam
569 3565 694 3598 tenere
713 3562 903 3598 doctorum
933 3572 975 3597 ac
994 3561 1122 3597 Phari-

69 3607 223 3656 saeorum
241 3619 356 3667 plebis
375 3621 583 3665 incredulae,
604 3621 785 3660 instaurat
798 3623 914 3659 adhuc
935 3623 1072 3660 hostias
1085 3628 1122 3660 ct

69 3667 265 3724 praeparari
289 3679 468 3718 sacrificia
482 3679 598 3727 jubet.
615 3682 655 3719 In
678 3682 736 3719 his
758 3683 854 3720 enim
871 3693 972 3730 spem
993 3688 1122 3731 gerunt

54 3732 109 3771 ἰ1ιί
129 3735 282 3793 quorum
300 3746 364 3776 cor
379 3749 453 3777 non
472 3741 612 3788 respuit
629 3741 736 3779 fidem
756 3741 906 3780 Christi.
942 3742 1014 3781 Sed
1035 3743 1122 3790 quid

55 3795 260 3846 [sequitui-t
352 3800 354 3804 ’
528 3803 545 3811 ·’

36 3868 37 3872 ’
51 3846 87 3916 'a‘
259 3857 447 3916 Parma-¹
459 3875 461 3877 ’
472 3867 615 3918 cvm.

31 3990 37 4016 ι
57 3966 75 4016 ὃ

504 172 891 232 (mma-nouas
914 189 962 228 m
986 190 1162 230 mauu
1184 190 1497 231 armenum.
1520 213 1570 222 —
1592 196 1679 235 un.
1703 196 1761 234 m.

58 275 113 319 dit
140 275 178 311 in
199 274 398 311 desertum.
419 270 492 311 Eos
509 272 656 319 quidem
678 283 769 320 quos
787 273 884 310 Deus
907 275 1029 314 vocat,
1050 271 1118 306 im·
1135 271 1172 312 A
1235 271 1336 320 (Car.
1363 272 1480 320 xxiv.)
1499 271 1656 319 Cumque
1667 273 1808 308 vidisset
1826 273 1971 313 Bataam
1982 284 2074 326 quod
2088 284 2239 331 placeret

57 1185 200 1221 arietem
219 1194 323 1230 super
340 1194 453 1218 aram.
474 1181 611 1229 Aperta
629 1181 774 1227 quidem
793 1181 958 1227 Apostoli
975 1188 1121 1218 senten·
1140 1174 1172 1212 Β

59 2101 200 2147 quinem
218 2105 314 2146 potat
335 2099 450 2147 (Psal.
467 2102 589 2146 xux);
612 2106 648 2136 et
662 2101 757 2136 idem
778 2107 818 2136 ut
844 2100 929 2136 alibi
946 2102 1122 2147 scriptum
1142 2087 1172 2129 C

2165 207 2236 247 'tte

1186 331 1339 368 Domino
1358 338 1398 368 ut
1436 331 1651 368 benediceret
1679 331 1821 376 Israeli,
1857 345 2074 382 nequaquam
2095 345 2181 382 abiit
2199 353 2240 384 ut

1187 399 1268 428 ante
1286 400 1502 440 perrexerat,
1530 400 1570 429 ut
1589 393 1778 440 augurium
1806 402 1989 440 quaereret,
2011 400 2069 433 sed
2087 401 2240 451 dirigens

1188 460 1309 489 eontra
1330 454 1507 491 desertum
1526 453 1660 491 vultum
1688 463 1807 498 suum,
1821 460 1854 489 et
1874 454 1989 491 levans
2015 459 2133 508 oeulos
2147 473 2242 510 suos,

1188 514 1272 551 vidit
1288 514 1404 551 Israel
1419 516 1456 551 in
1476 515 1634 551 tentoriis
1650 521 1921 551 commorantem
1934 527 1997 562 per
2022 517 2133 556 tribus
2148 532 2245 568 suas,

1187 574 1234 610 Et
1263 574 1416 610 irruente
1433 576 1471 611 in
1493 587 1530 611 se
1563 575 1725 622 spiritum
1753 575 1834 620 Dei,
1861 584 2041 624 assumpta
2073 581 2245 626 parabola

1187 647 1266 682 sua,
1286 637 1350 672 ait.
1367 636 1592 683 Requiratur
1605 637 1762 674 fortasse
1781 638 1878 675 unde
1897 639 1990 675 vidit
2005 639 2152 678 Balaam
2165 645 2250 689 quia

1187 696 1323 732 bonum
1351 697 1464 733 estin
1486 703 1683 748 conspectu
1710 698 1853 734 Domini
1878 699 2094 736 benedicere
2123 700 2248 746 Israel,

1189 763 1225 794 et
1243 758 1431 804 putabitur
1451 770 1496 796 ex
1515 759 1706 796 sacrifieiis
1736 760 1959 797 intellexisse
1979 772 2058 808 quae
2088 763 2252 800 immola-

1187 825 1303 856 verat.
1340 820 1410 857 Ubi
1445 822 1543 858 enim
1568 822 1659 859 vidit
1694 823 1834 859 nullum
1866 825 1994 861 adesse
2019 826 2252 871 daemonium,

1188 881 1321 918 nullam
1342 885 1563 920 contrariam
1579 889 1799 931 potestatem
1816 885 1973 922 victimis
1989 886 2064 923 suis
2083 888 2256 926 assistere

1189 943 1395 989 audentem,
1417 946 1586 982 exclusos
1613 956 1694 982 esse
1726 956 1852 982 omnes
1881 947 2028 983 malitiae
2049 949 2252 995 ministros,

1189 1005 1321 1052 quibus
1337 1007 1390 1042 uti
1414 1008 1460 1043 ad
1488 1007 1777 1044 maledicendum
1809 1008 1960 1053 solebat,
1985 1012 2102 1056 potuit
2130 1023 2176 1048 ex
2199 1012 2257 1050 his

1190 1064 1409 1103 intellexisse
1434 1068 1518 1113 quia
1538 1070 1675 1104 bonum
1703 1075 1800 1106 esset
1832 1070 1869 1105 in
1888 1080 2083 1117 conspectu
2109 1074 2174 1109 Dei
2194 1074 2257 1111 be-

1190 1125 1361 1162 nedicere
1394 1126 1519 1163 lsrael.
1555 1129 1630 1176 Ego
1660 1134 1783 1165 tamen
1819 1130 1937 1176 magis
1969 1131 2057 1167 illud
2080 1132 2255 1180 intelligo,

1192 1187 1288 1232 quod
1316 1188 1470 1234 populus
1499 1189 1558 1225 ille
1586 1190 1648 1235 qui
1681 1195 1789 1226 natus
1820 1195 1888 1234 est,
1924 1196 1961 1226 et
1991 1191 2043 1226 illi
2072 1191 2257 1238 doctores,

1193 1248 1254 1294 qui
1278 1247 1423 1284 Christo
1442 1259 1515 1284 non
1547 1249 1738 1285 eredentes
1758 1250 1794 1285 in
1813 1250 1973 1286 vanitate
1997 1251 2169 1297 populum
2197 1253 2260 1288 de-

1192 1307 1324 1352 tinent,
1346 1309 1541 1354 aliquando
1570 1310 1682 1346 visuri
1715 1317 1810 1353 sunt,
1834 1310 1871 1345 id
1891 1316 1958 1354 est,
1993 1311 2029 1347 in
2052 1313 2260 1350 novissimis

1194 1369 1332 1412 diebus,
1368 1380 1450 1405 cum
1479 1370 1664 1416 plenitudo
1688 1372 1849 1417 gentium
1869 1372 2066 1417 introierit,
2087 1380 2123 1410 et
2138 1376 2259 1412 omnis

1191 1429 1304 1465 lsrael
1325 1422 1449 1467 venire
1468 1431 1621 1477 coeperit
1640 1432 1685 1468 ad
1704 1431 1811 1469 iidem
1832 1432 1979 1477 Christi,
2002 1434 2066 1478 illi,
2090 1435 2256 1482 inquam,

1193 1491 1254 1538 qui
1276 1503 1372 1528 nunc
1390 1493 1513 1529 oeulos
1531 1493 1705 1530 habentes
1723 1505 1796 1530 non
1810 1495 1948 1539 vident,
1967 1501 2052 1533 tune
2069 1497 2256 1536 videbunt.

1193 1554 1395 1591 Elevabunt
1426 1557 1522 1591 enim
1565 1557 1689 1592 oculos
1720 1568 1806 1593 suos
1840 1558 1885 1594 de
1906 1558 2028 1595 altiori
2041 1565 2078 1595 et
2104 1562 2259 1608 spiritali

1194 1625 1316 1659 sensu,
1337 1621 1374 1652 et
1392 1617 1567 1652 videbunt
1585 1622 1622 1652 et
1639 1618 1852 1664 intelligent,
1887 1620 1972 1664 quIa
1997 1621 2133 1657 bonum
2149 1623 2258 1659 estin

1193 1686 1388 1725 conspectu
1405 1680 1560 1725 Domini,
1582 1682 1796 1718 benedicere
1825 1684 2023 1729 spiritalem
2043 1685 2167 1723 lsrael.
2202 1688 2260 1724 Vi-

1194 1740 1293 1776 debit
1312 1741 1409 1777 enim
1428 1753 1509 1778 eum
1525 1743 1737 1789 dispositum
1752 1754 1818 1789 per
1834 1745 1963 1789 tribus,
1983 1751 2018 1782 et
2036 1757 2101 1792 per
2115 1749 2255 1793 domos,

1193 1806 1229 1836 et
1248 1813 1311 1848 per
1330 1802 1499 1847 familias,
1517 1810 1552 1840 et
1570 1815 1863 1852 unumquemque
1884 1807 2006 1850 in‚suo
2032 1811 2173 1854 ordine,
2193 1822 2251 1849 re-

1194 1867 1431 1903 surrectionis
1453 1868 1584 1914 glorias
1605 1870 1833 1916 adepturum.
1857 1872 1902 1907 Et
1925 1882 2110 1921 assumpta
2144 1887 2255 1922 para-

1192 1924 1273 1962 bola
1295 1938 1359 1963 sua
1387 1929 1562 1977 intelliget
1582 1942 1660 1977 quae
1696 1933 1733 1968 in
1760 1935 1941 1979 parabolis
1970 1937 2107 1983 scripta
2140 1945 2255 1974 sunt:

1193 1998 1273 2034 quae
1292 2000 1387 2026 nunc
1420 1998 1571 2037 propter
1590 1994 1757 2031 velamen
1778 1997 1874 2041 quod
1896 1999 2052 2043 positum
2073 2006 2128 2036 est
2150 2011 2259 2046 super

1194 2063 1258 2088 cor
1277 2063 1403 2089 eorum
1422 2065 1540 2100 neque
1559 2056 1696 2100 vident,
1720 2068 1839 2104 neque
1855 2059 2074 2106 intelligunt.
2094 2063 2257 2109 Denique

1194 2124 1267 2150 non
1301 2115 1402 2158 abiit,
1433 2117 1565 2163 inquit,
1605 2129 1649 2153 ex
1672 2129 1774 2156 more
1794 2121 1831 2155 in
1861 2131 2053 2158 occursum
2074 2125 2258 2171 auspiciis.

1192 2172 1271 2209 Non
1291 2175 1389 2210 enim
1406 2186 1506 2212 more
1526 2178 1595 2214 sibi
1614 2180 1734 2223 solito,
1762 2181 1882 2218 stultis
1906 2187 1942 2218 et
1958 2184 2125 2221 inanibus
2143 2188 2259 2223 sensi-

1191 2236 1259 2271 bus
1278 2237 1451 2283 rapietur,
1476 2239 1512 2274 in
1534 2240 1751 2277 animalibus
1772 2243 1883 2279 mutis
1909 2249 1946 2279 et
1976 2247 2174 2290 pecudibus
2194 2248 2257 2284 Dei

1193 2297 1442 2343 considerans,
1479 2300 1573 2336 sicut
1608 2302 1644 2337 hi
1675 2303 1735 2348 qui
1759 2312 1803 2338 ex
1823 2304 1902 2340 istis
1931 2305 2063 2342 talibus
2097 2308 2256 2352 auspicia

1192 2357 1378 2403 colligunt,
1409 2361 1472 2394 sed
1490 2368 1663 2405 agnoscet
1692 2363 1803 2398 etiam
1830 2365 1921 2410 ipse,
1951 2366 2034 2410 quia
2059 2377 2174 2412 neque
2210 2369 2254 2404 de

1191 2418 1309 2454 bubus
1334 2429 1421 2454 cura
1444 2426 1499 2455 est
1518 2421 1606 2465 Deo,
1632 2423 1799 2460 similiter
1823 2435 1941 2470 neque
1968 2426 2012 2461 de
2027 2428 2166 2470 ovibus,
2187 2439 2252 2465 ne-

1193 2491 1263 2526 que
1286 2481 1329 2517 de
1347 2483 1486 2525 avibus,
1510 2484 1662 2530 aliisque
1679 2487 1911 2531 animalibus,
1940 2490 2002 2524 sed
2023 2491 2107 2535 quia
2127 2492 2170 2526 de
2197 2491 2253 2527 bis

1193 2540 1327 2586 scripta
1353 2547 1447 2584 sunt,
1471 2549 1618 2589 propter
1637 2545 1802 2582 homines
1831 2547 2006 2594 intelliget
2025 2550 2173 2595 scripta.
2213 2550 2252 2587 Si

1193 2611 1300 2646 quem
1322 2607 1441 2636 autem
1461 2610 1582 2639 movet
1622 2605 1704 2650 boe,
1743 2608 1838 2652 quod
1862 2609 2059 2645 seeundum
2099 2610 2253 2656 Septua-

1194 2662 1294 2708 ginta
1307 2662 1546 2709 interpretum
1561 2666 1755 2702 editionem
1773 2667 1904 2714 legitur
1923 2668 2077 2706 :Factus
2089 2678 2254 2719 estsuper

1192 2721 1292 2758 illum
1320 2724 1463 2769 spiritus
1487 2724 1567 2768 Dei,
1595 2726 1717 2770 idest,
1753 2738 1860 2774 super
1873 2729 2034 2774 Balaam,
2065 2732 2254 2769 sciendum

1194 2785 1290 2829 quod
1304 2785 1374 2821 hoc
1394 2797 1466 2822 non
1485 2787 1536 2823 ita
1555 2788 1804 2834 accipiendum
1819 2795 1889 2834 est,
1920 2796 2091 2838 tanquam
2113 2794 2252 2831 factura

1194 2845 1240 2881 sit
1268 2847 1415 2892 spiritus
1434 2848 1498 2884 Dci
1516 2859 1597 2885 cum
1620 2850 1762 2896 legitur,
1780 2852 1895 2897 sactus
1911 2859 1959 2888 est
1988 2855 2133 2901 spiritus
2156 2856 2223 2892 Dei
2238 2869 2252 2900 ,-

1193 2908 1257 2944 sed
1288 2908 1402 2954 sactus
1417 2916 1467 2946 est
1487 2922 1591 2957 super
1607 2923 1700 2955 eum,
1718 2913 1753 2949 id
1772 2919 1843 2957 est,
1868 2914 2002 2951 factum
2022 2922 2077 2953 est
2093 2923 2131 2953 et
2145 2928 2254 2964 super

1194 2967 1296 3004 illum
1325 2975 1448 3006 esset:
1470 2973 1678 3017 quomodo:
1704 2973 1773 3016 Qui
1802 2982 1880 3022 post
1897 2987 1950 3011 me
1974 2978 2078 3022 venit,
2103 2985 2184 3014 ante
2201 2991 2255 3015 me

1194 3030 1308 3076 [actus
1334 3038 1383 3067 est
1410 3031 1530 3080 (Joan.
1568 3034 1607 3081 1),
1632 3035 1667 3070 id
1694 3041 1763 3078 cst,
1785 3036 1921 3073 sactum
1945 3044 2001 3074 est
2022 3044 2061 3075 ut
2093 3046 2178 3076 ante
2197 3050 2255 3076 me

1194 3098 1300 3134 esset,
1334 3098 1375 3129 ut
1408 3102 1680 3141 praeponcretur
1704 3098 1809 3142 mibi,
1835 3100 1918 3144 quia
1942 3101 2041 3145 prior
2061 3113 2119 3138 me
2160 3109 2249 3145 erat,

1193 3154 1322 3200 inquit.
1344 3154 1460 3200 Sicut,
1476 3156 1649 3194 Dominus
1668 3159 1783 3204 factas
1797 3167 1846 3195 est
1861 3161 2007 3206 adjutor
2019 3173 2115 3197 meus
2133 3162 2248 3209 (Psal.

1193 3215 1319 3263 cxvn).
1351 3216 1430 3253 Non
1453 3218 1549 3254 enim
1571 3220 1743 3255 Dominus
1770 3220 1909 3255 tactura
1930 3226 1997 3263 est,
2037 3222 2100 3256 sed
2114 3221 2250 3259 sactum

1194 3282 1305 3314 estut
1326 3289 1384 3314 nie
1402 3278 1601 3324 adjuvaret.
1623 3281 1669 3315 Et
1690 3292 1698 3314 :
1720 3279 1752 3313 F
1755 3286 1852 3315 actus
1881 3286 1931 3315 est
1956 3281 2128 3317 Dominus
2152 3283 2248 3328 resu-

1194 3337 1290 3382 9ium
1315 3350 1506 3385 pauperum
1524 3339 1636 3386 (Psal.
1663 3339 1728 3385 ix),
1768 3339 1802 3374 id
1823 3344 1890 3382 est,
1913 3338 2047 3375 sactum
2075 3346 2131 3377 est
2146 3347 2186 3378 ut
2199 3344 2245 3380 ad

1195 3407 1275 3432 eum
1312 3397 1518 3444 refugerent
1554 3407 1746 3443 pauperes.
1771 3397 1828 3438 Et,
1851 3397 1964 3433 Facta
1993 3406 2042 3435 est
2066 3412 2171 3448 super
2194 3415 2249 3440 me

1194 3463 1319 3491 'ritanus
1329 3456 1472 3491 Domini
1493 3456 1637 3503 (Ezeca.
1654 3456 1725 3504 m),
1747 3457 1781 3491 id
1796 3463 1866 3500 cst,
1895 3457 2030 3496 sactum
2058 3467 2113 3498 est
2133 3468 2172 3498 ut
2188 3474 2248 3500 su-

1193 3525 1258 3560 per
1275 3525 1332 3550 me
1351 3521 1460 3558 esset,
1477 3520 1514 3550 et
1539 3515 1651 3550 multa
1681 3516 1764 3551 talia
1784 3516 1821 3552 in
1848 3517 2046 3565 Scripturis
2059 3524 2247 3568 reperiun-

1192 3579 1263 3610 tur.
1290 3573 1361 3610 Sed
1387 3575 1571 3611 videamus
1591 3576 1667 3622 Jam
1694 3587 1774 3623 quae
1793 3578 1866 3615 sint
1891 3589 1972 3626 quae
1987 3581 2026 3618 in
2044 3583 2152 3619 tertia
2162 3593 2246 3630 pro-

1189 3634 1309 3681 phetia
1330 3633 1476 3671 Balaam
1499 3635 1680 3682 loquatur.

1237 3693 1439 3740 Assumpta,
1460 3694 1591 3741 inquit,
1611 3696 1781 3743 parabola
1806 3698 1855 3734 ait
1871 3707 1883 3734 :
1900 3698 2063 3748 Dixitque
2089 3701 2244 3740 Balaam

1189 3755 1284 3803 filius
1299 3754 1392 3792 Beor
1411 3755 1538 3793 :Dixit
1559 3758 1662 3794 homo
1692 3757 1793 3806 cujus
1823 3759 2004 3800 obturatus
2021 3768 2072 3799 est
2097 3763 2243 3809 ocutus,

1189 3817 1278 3854 dixit
1297 3817 1439 3855 auditor
1470 3830 1670 3857 sermonum
1699 3820 1774 3867 Dei,
1796 3821 1856 3871 qui
1881 3821 2047 3862 visionem
2083 3825 2244 3874 omnipo-

1894 3885 1948 3945 24
