2540 4016
109 216 182 264 4⁸3

709 176 1045 259 EXPOSITtoNEs
1069 211 1114 253 m
1141 182 1406 257 sennenn.
1433 233 1482 240 -
1506 210 1593 252 tm.
1619 210 1682 253 vi.

2196 205 2279 266 ιιι

109 306 257 334 cussum
271 294 409 334 medai
424 281 686 342 properatjqui
707 292 743 328 ln
760 290 894 329 faciem
917 290 1050 328 vulnus
1077 300 1161 336 por·
1179 295 1212 335 Α
1230 288 1364 327 etenim
1380 287 1528 334 grandis
1558 292 1596 325 et
1625 292 1744 326 tortus
1770 293 1828 327 est
1847 279 2075 335 discretionig
2098 286 2278 338 subtilitas

109 360 190 395 tat?
204 359 264 395 lile
278 367 364 406 ergo
377 381 390 402 ,
408 355 470 392 ille
486 354 604 391 modis
633 353 802 390 omnibus
820 352 929 390 debet
958 352 1006 388 ad
1035 360 1160 389 exem-

109 423 208 469 plum
237 419 380 459 vivendi
407 417 594 465 pertrahi,
611 415 827 461 quicarnis
851 413 993 451 cunctis
1023 412 1162 458 passio-

110 484 216 519 nibus
235 481 414 523 moriens,
435 478 512 524 iam
530 476 768 524 spiritualiter
786 475 876 512 vivit
900 475 964 520 qui
987 483 1162 520 prospera

111 543 236 578 mundi
258 546 340 589 post
363 540 509 587 posuit,
532 538 595 585 qui
617 537 713 574 nulla
739 536 890 573 adversa
922 533 1160 582 pertimescit,

111 604 172 649 qui
206 603 279 638 sola
303 603 447 638 interna
469 598 664 635 desiderat.
697 595 808 641 Cujus
837 596 1038 632 intentione
1071 594 1163 629 bene

110 672 314 708 congruens
334 687 344 704 ,
369 671 434 696 nec
452 660 600 696 omnino
620 669 685 704 per
703 656 988 694 imbecillitatem
1005 663 1160 702 corpus,

110 732 178 759 nec
195 722 299 757 valde
317 731 383 767 per
399 720 654 756 contumeliam
675 722 863 765 repugnat,
886 716 946 762 qui
971 715 1016 753 ad
1043 714 1162 752 aliena

109 783 286 829 cupienda
320 792 392 818 non
426 782 595 824 ducitur,
619 782 682 816 sed
711 779 857 826 propria
885 777 1061 823 largitum
1101 777 1163 821 qui

108 853 173 890 per
190 843 334 889 pietatis
363 843 505 878 viscera
541 842 649 877 citius
679 841 726 876 ad
756 838 1012 886 ignoscendum
1045 836 1161 872 flecti-

109 908 182 945 tur,
203 903 266 939 sed
293 912 477 948 nunquam
509 901 696 946 plusquam
727 899 854 934 deceat
888 897 1088 942 ignoscens,
1118 896 1162 932 ab

110 972 193 998 arce
214 962 438 998 rectitudinis
457 960 674 1002 inclinatur;
697 957 758 1002 qui
778 956 874 992 nulla
894 955 1017 993 illicita
1034 965 1163 1000 perpe-

110 1028 218 1065 trata,
229 1023 291 1058 sed
303 1025 507 1066 perpetrata
517 1020 563 1054 ab
578 1018 658 1054 aliis
673 1023 713 1053 ut
727 1017 871 1063 propria
891 1015 1054 1060 deplorat
1068 1026 1077 1056 ;
1100 1016 1161 1060 qui

107 1082 285 1118 exaffectu
295 1081 414 1117 cordis
429 1080 553 1115 alienae
568 1079 767 1115 infirmitati
785 1077 1163 1123 compatitu1·:sicque

106 1144 141 1179 in
162 1143 265 1179 bonis
289 1142 442 1188 proximi
461 1141 585 1183 ‚sicut
608 1140 645 1175 in
664 1139 739 1175 suis
755 1137 974 1185 profectibus
992 1137 1133 1173 laetatur
1149 1148 1158 1176 ;

1230 348 1470 387 immoderata
1482 373 1492 391 ,
1532 358 1613 395 quae
1631 349 1717 385 dum
1734 348 1926 395 plusquam
1941 351 2044 390 decet
2063 359 2276 402 excreverit,

1229 407 1383 444 actionis
1406 419 1481 444 suae
1508 409 1763 448 rectitudinem
1796 411 1876 457 ipsa
1910 411 2114 457 comundit.
2149 416 2279 457 Fracto

1229 472 1349 505 autem
1379 469 1471 514 pede
1502 470 1560 509 vel
1593 481 1702 511 manu
1725 476 1808 515 est,
1835 472 1898 518 qui
1927 473 2024 511 viam
2049 473 2115 510 Dei
2133 485 2281 524 pergere

1227 527 1436 565 omnimodo
1456 540 1527 566 non
1545 531 1655 575 valet,
1674 536 1784 579 atque
1807 542 1828 568 a
1842 532 1949 570 bonis
1967 534 2108 572 actibus
2122 534 2281 574 funditus

1229 596 1355 624 exsors
1385 595 1503 633 vacat,
1531 596 1708 636 quatenus
1729 592 1807 630 haec
1833 603 1904 631 non
1924 598 1965 631 ut
1988 593 2138 633 claudus
2163 596 2282 635 saltim

1229 656 1311 683 cum
1331 647 1578 687 infirmitatem
1599 656 1733 697 teneat,
1747 654 1811 692 sed
1829 654 1876 692 ab
1894 654 1952 692 his
1969 656 2177 694 omnimodo
2196 657 2283 695 alie-

1229 716 1297 743 nus
1325 708 1469 744 existat.
1494 709 1635 748 Gibbus
1656 722 1742 750 vero
1769 719 1826 750 est
1850 724 1957 761 quem
1979 721 2134 753 tert-enat
2154 716 2284 755 sollici-

1229 768 1364 806 tudinis
1390 771 1530 816 pondus
1568 772 1765 820 deprimit,
1801 784 1846 810 ne
1871 785 2031 825 unquam
2061 777 2107 813 ad
2128 787 2284 824 superna

1230 828 1415 873 respiciat,
1434 830 1496 866 sed
1515 831 1600 868 solis
1616 832 1688 876 his,
1713 843 1794 880 quae
1813 834 1850 873 in
1874 834 2008 872 infimis
2027 836 2214 872 calcantur
2229 838 2284 873 in-

1231 889 1367 933 tendat,
1391 891 1506 936 quiet
1528 893 1557 928 si
1587 894 1778 942 aliquando
1799 895 1935 943 aliquid
1960 907 2006 934 ex
2033 899 2129 936 bono
2158 899 2283 946 patriae

1229 951 1387 987 coelestis
1407 954 1575 999 audierit,
1593 957 1638 992 ad
1657 957 1727 994 hoc
1744 958 1915 996 nimirum
1937 969 2117 1006 perversae
2133 971 2283 997 consue-

1229 1012 1364 1047 tudinis
1382 1014 1475 1049 mole
1493 1023 1738 1061 praegravatus
1758 1020 1878 1056 cordis
1899 1020 2029 1058 faciem
2048 1032 2119 1058 non
2137 1022 2281 1065 attollit,

1229 1071 1313 1116 quia
1342 1074 1571 1118 cogitationis
1594 1082 1729 1113 statum
1758 1080 1898 1126 erigere
1925 1091 1996 1117 non
2024 1082 2147 1125 valet,
2175 1092 2282 1128 quein

1230 1139 1384 1169 terrenae
1402 1144 1489 1170 usus
1511 1136 1766 1174 sollicitudinis
1781 1149 1930 1176 curvum
1950 1145 2062 1177 tenet.
2085 1141 2138 1176 Ex
2154 1141 2283 1178 horum

105 1205 165 1250 qui
198 1205 247 1239 ita
275 1213 319 1239 se
348 1202 561 1238 imitabilem
581 1202 722 1237 caeteris
751 1201 787 1237 in
808 1200 961 1242 cunctis,
989 1209 1069 1244 quae
1086 1200 1159 1244 agit
1178 1194 1209 1232 Β
1229 1196 1360 1240 quippe
1389 1197 1508 1242 specie
1534 1197 1727 1235 Psalmista
1753 1201 1841 1236 dicit
1871 1213 1880 1236 ε
1915 1200 2126 1239 Incurvatus
2149 1213 2227 1239 sum
2251 1208 2284 1238 et

105 1266 281 1309 insinuat,
306 1270 346 1300 ut
383 1265 535 1300 interius
566 1274 639 1298 non
672 1262 804 1298 habeat
833 1262 927 1307 quod
960 1261 1085 1297 saltem
1116 1261 1160 1296 de

104 1326 296 1361 transactis
315 1324 517 1366 erubescat,
538 1323 597 1369 qui
628 1323 680 1358 sic
704 1323 824 1358 studet
842 1322 963 1357 vivere
982 1326 1021 1357 ut
1038 1321 1160 1366 proxi-

104 1397 245 1422 morum
264 1396 406 1432 quoque
420 1386 528 1420 corda
545 1384 682 1420 arentia
697 1383 871 1419 doctrinae
887 1383 1005 1419 valeat
1018 1381 1160 1417 fluentis

104 1445 278 1493 irrigare;
301 1446 362 1492 qui
393 1445 566 1481 orationis
589 1455 654 1479 usu
683 1450 718 1479 et
738 1443 988 1488 experimento
1012 1440 1087 1487 jam
1108 1441 1161 1476 di-

105 1506 193 1542 dicit
211 1507 307 1552 quod
325 1506 487 1541 obtinere
504 1516 523 1540 a
540 1504 692 1540 Domino
710 1512 790 1548 quae
808 1501 1015 1547 poposcerit
1028 1500 1157 1545 possit.

103 1566 196 1603 Hinc
217 1572 284 1607 est,
308 1566 403 1612 quod
424 1575 578 1610 superna
596 1574 699 1605 voce,
726 1573 867 1598 morum
886 1562 974 1597 vitia
995 1571 1059 1606 per
1076 1570 1158 1596 cor-

104 1637 190 1673 pora
209 1626 352 1662 infirma
373 1627 561 1672 signantur
575 1651 586 1664 .
620 1625 704 1660 dum
741 1625 787 1660 ad
817 1623 965 1669 Moysen
986 1621 1160 1658 Dominus

105 1688 205 1724 dicit.

150 1748 306 1795 Loquere
328 1747 373 1782 ad
392 1746 511 1782 Aaron
531 1754 543 1779 .·
562 1745 677 1780 Homo
696 1745 739 1779 de
759 1745 888 1780 semine
921 1749 980 1779 tuo
1010 1753 1071 1790 per
1100 1743 1157 1788 sa-

105 1809 239 1850 rrtt'lias,
264 1808 325 1854 qut*
342 1806 502 1842 habuerit
517 1805 708 1846 maculam,
728 1816 797 1839 non
818 1805 938 1849 offeret
959 1816 1065 1850 panes
1085 1804 1158 1838 Deo

103 1880 166 1905 suo
183 1894 194 1911 ‚
226 1878 287 1903 nec
318 1866 456 1901 accedet
495 1865 541 1901 ad
573 1866 805 1900 ministerium
829 1864 918 1910 ejus.
949 1864 1015 1900 Ubi
1036 1870 1072 1901 et
1103 1875 1158 1900 rc-

102 1934 208 1974 pente
227 1926 456 1972 subjungitur
476 1938 483 1960 :
502 1925 540 1960 si
557 1936 670 1960 caecus
686 1924 804 1970 suerit,
823 1925 852 1960 si
873 1924 1036 1966 claudam,
1058 1925 1087 1959 si
1108 1923 1158 1959 vel

99 2000 204 2036 parvo
216 1995 247 2024 et
265 1986 406 2034 mandi,
425 1985 475 2021 vel
490 1991 578 2020 torto
595 1996 693 2027 naso,
709 1985 738 2019 si
754 1984 866 2030 [racto
877 1984 974 2030 pede,
991 1984 1019 2018 si
1034 1995 1156 2027 vunnu,

101 2051 131 2086 si
148 2049 284 2096 qibbus,
300 2049 328 2084 si
345 2047 458 2093 lippus
475 2072 484 2089 ,
505 2046 533 2081 si
554 2045 752 2090 albuyinem
772 2044 901 2079 habens
921 2045 957 2082 in
977 2043 1077 2079 oculo
1097 2071 1106 2085 ‚
1126 2044 1157 2078 si

1228 1256 1432 1294 humiliatus
1460 1270 1536 1294 sum
1558 1271 1803 1309 usquequaque
1822 1262 1938 1309 (Psal.
1960 1265 2100 1311 cxvm).
2124 1265 2284 1309 Quorum

1229 1316 1370 1361 culpam
1400 1328 1543 1364 quoque
1574 1322 1803 1368 semetipsam
1823 1322 1966 1361 Veritas
1985 1326 2183 1370 reprobans
2201 1326 2252 1362 ait
2271 1338 2281 1362 ;

1230 1375 1355 1412 Semen
1373 1385 1489 1413 autem
1505 1380 1596 1425 quod
1615 1381 1651 1415 in
1669 1382 1778 1427 spinis
1798 1384 1943 1427 cecidit,
1968 1385 2005 1420 ln·
2021 1391 2103 1424 sunt
2132 1387 2191 1432 qui
2216 1398 2281 1423 au-

1227 1435 1380 1479 dierunt,
1400 1443 1432 1472 et
1447 1450 1468 1473 a
1489 1439 1782 1477 sollicitudinibus
1802 1449 1834 1478 et
1851 1443 1983 1479 divitiis
1999 1450 2031 1480 et
2050 1446 2282 1492 voluptatibus

1228 1496 1306 1532 vitae
1344 1503 1488 1542 euntes,
1528 1500 1748 1546 suffocantur
1783 1508 1815 1538 et
1842 1514 1912 1540 non
1947 1504 2103 1550 referunt
2128 1506 2283 1552 fructum

1229 1555 1372 1602 (Matth.
1395 1558 1490 1605 xiii).

1275 1618 1411 1665 Lippus
1429 1630 1516 1656 vero
1531 1626 1586 1657 est
1604 1622 1706 1669 cuius
1724 1623 1868 1669 quidem
1895 1625 2078 1672 ingenium
2098 1627 2143 1664 ad
2159 1621 2283 1673 cogni-

1229 1681 1361 1717 tionem
1393 1684 1554 1720 veritatis
1584 1685 1739 1728 emicat,
1779 1687 1843 1722 sed
1871 1674 1991 1724 tamen
2021 1688 2090 1724 hoe
2121 1689 2283 1725 carnalia

1227 1750 1335 1787 opera
1353 1743 1560 1779 obscurant.
1578 1743 1617 1780 ln
1630 1744 1735 1791 lippis
1745 1747 1876 1792 quippe
1893 1747 2006 1783 oculis
2024 1748 2168 1795 pupiltae
2186 1758 2283 1785 sanae

1227 1809 1330 1847 sunt,
1364 1805 1427 1840 sed
1458 1806 1610 1842 humore
1643 1806 1820 1844 defluente
1854 1808 2072 1846 infirmantia
2110 1810 2282 1856 palpebra

1227 1871 1485 1910 grossescunt,
1511 1876 1664 1911 quorum
1690 1868 1773 1913 quia
1802 1868 1982 1905 infusione
2013 1870 2140 1907 crebro
2157 1872 2283 1907 atteri-

1229 1929 1308 1967 tur,
1343 1926 1451 1960 etiam
1478 1927 1575 1962 acies
1598 1928 1739 1973 pupillae
1767 1929 1925 1966 vitiatur.
1955 1930 2000 1966 Et
2020 1936 2102 1967 sunt
2120 1931 2282 1967 nonnulli

1225 1995 1379 2030 quorum
1399 1996 1544 2022 sensum
1564 1989 1719 2024 earnalis
1738 1990 1820 2026 vitae
1844 1992 2006 2037 operatio
2040 1993 2198 2036 sauciat,
2218 1993 2281 2038 qui

1224 2047 1347 2083 videre
1382 2054 1480 2084 recta
1506 2049 1687 2086 subtiliter
1713 2060 1778 2095 per
1805 2052 1988 2098 ingenium
2015 2059 2197 2097 poterant,
2220 2055 2283 2091 sed

96 2111 217 2159 jugem
236 2109 386 2146 scabiem
404 2136 413 2152 ,
432 2108 463 2143 si
482 2107 715 2153 impetiqincm
734 2105 931 2151 incorpore
949 2131 958 2147 ,
991 2103 1041 2140 vel
1065 2115 1155 2151 pon-
1175 2104 1204 2145 C
1225 2117 1293 2142 usu
1315 2118 1428 2153 pravo
1453 2119 1519 2154 per
1538 2115 1658 2147 actum
1678 2110 1848 2157 caligant.
1874 2111 2009 2159 Lippus
2035 2114 2159 2159 itaque
2193 2120 2250 2150 est
2269 2142 2279 2157 ,

100 2170 259 2206 derosus.
285 2169 408 2206 Gaeeus
439 2173 494 2204 est
524 2167 586 2213 qui
617 2177 782 2212 supernae
799 2165 920 2202 lumen
937 2165 1158 2211 contempla-

100 2230 210 2266 tionis
227 2230 387 2276 ignorat,
407 2228 468 2274 qui
487 2226 675 2273 praesentis
701 2226 782 2262 vitae
810 2226 968 2262 tenebris
988 2236 1153 2271 pressus,

101 2291 185 2327 dum
203 2294 392 2326 venturam
422 2289 539 2324 lucem
565 2297 793 2333 nequaquam
816 2285 996 2333 diligendo
1013 2286 1157 2332 conspi-

97 2349 150 2386 cit
167 2376 177 2393 ‚
204 2359 274 2395 quo
289 2358 452 2395 gressum
469 2347 587 2393 operis
604 2347 765 2393 porrigat
783 2346 912 2382 nescit.
932 2346 1023 2381 Hinc
1040 2351 1077 2381 et
1091 2355 1156 2391 per

96 2410 372 2457 prophetantem
409 2411 549 2444 Annam
591 2407 723 2444 dicitur
755 2418 764 2442 t
807 2406 919 2444 Pedes
952 2413 1155 2441 sanctorum

97 2481 241 2506 suorum
273 2469 447 2511 servabit,
481 2474 512 2503 et
536 2467 634 2513 impii
674 2467 710 2501 in
742 2466 892 2502 tenebris
927 2467 1154 2502 conticescent

100 2529 134 2576 (Ι
157 2530 241 2576 Req.
262 2529 319 2576 ιι).
340 2528 496 2565 Claudus
511 2539 597 2563 vero
621 2534 675 2564 est
691 2555 700 2571 ,
720 2528 865 2574 quidem
902 2537 974 2572 quo
1005 2536 1155 2572 pergere

99 2589 227 2624 debeat
242 2588 382 2633 aspicit,
400 2589 462 2624 sed
481 2598 546 2634 per
564 2587 814 2622 infirmitatem
825 2587 1048 2622 mentisvitae
1058 2587 1154 2621 viam

99 2648 254 2694 perfecte
270 2659 342 2685 non
360 2649 453 2684 valet
475 2654 595 2683 tenere
611 2659 718 2693 quam
734 2649 935 2694 t'idit‚quia
947 2649 990 2684 ad
1010 2649 1154 2684 virtutis

99 2713 232 2743 statum
254 2707 394 2743 defluxa
415 2708 637 2743 consuetudo
665 2717 735 2742 non
755 2707 908 2752 erigitur
926 2733 936 2750 ,
970 2716 1050 2742 cum
1082 2717 1153 2752 quo

98 2767 276 2804 desiderio
298 2767 464 2803 innititur
482 2793 492 2810 ,
526 2767 610 2803 illuc
645 2778 790 2813 gressus
815 2769 936 2813 operis
956 2768 1154 2804 efficaciter

98 2842 167 2867 nou
187 2836 396 2876 sequuntur.
424 2829 515 2864 ilinc
534 2830 666 2866 etenim
685 2830 816 2865 Paulus
838 2831 923 2867 dicit
945 2843 953 2866 :
975 2830 1152 2866 Remissas

99 2903 221 2927 ritanus
250 2899 281 2927 et
307 2890 476 2927 dissoluta
495 2902 609 2937 qenua
630 2891 750 2936 eripite
768 2919 777 2934 ,
808 2899 839 2927 et
873 2903 1011 2938 yressus
1040 2899 1151 2928 rectos

97 2953 202 2999 [acite
217 2953 361 2999 pedibus
380 2954 518 2995 vestris,
549 2959 587 2988 ut
609 2963 677 2989 non
692 2952 896 2989 claudicans
915 2959 1020 2996 erret,
1040 2954 1150 2999 muqis

1225 2169 1328 2215 cujus
1363 2179 1510 2206 sensum
1545 2178 1676 2207 natura
1707 2172 1864 2216 exacuit,
1901 2174 1965 2209 sed
1999 2175 2284 2211 conversationis

1224 2229 1383 2273 pravitas
1401 2229 1602 2266 confundit.
1624 2230 1689 2266 Cui
1718 2232 1811 2268 liene
1836 2242 1902 2277 per
1924 2232 2098 2280 Angelum
2117 2234 2251 2271 dicitur
2271 2246 2280 2270 ε

1224 2288 1379 2336 Collyrio
1397 2291 1526 2337 inunqe
1541 2291 1660 2326 oculos
1679 2298 1756 2328 tuos
1777 2299 1813 2327 ut
1832 2292 1947 2329 videas
1967 2293 2091 2341 (Apoc.
2114 2294 2186 2342 ιιι).
2202 2296 2282 2331 Col-

1226 2350 1318 2396 lyrio
1338 2351 1471 2396 quippe
1500 2352 1624 2389 oculos
1658 2357 1697 2387 ut
1734 2353 1918 2388 videamus
1942 2353 2163 2399 inungimus,
2199 2365 2282 2391 cum

1224 2411 1269 2446 ad
1296 2412 1581 2455 cognoscendam
1623 2413 1696 2447 veri
1732 2412 1878 2448 luminis
1904 2413 2105 2450 claritatem
2126 2441 2137 2457 ,
2175 2415 2281 2452 intel-

1224 2471 1338 2506 lectus
1366 2472 1482 2507 nostri
1509 2472 1622 2508 aciem
1653 2473 1892 2508 medicamine
1922 2462 2025 2509 lioiiae
2058 2475 2278 2520 operationis

1223 2533 1446 2578 adjuvamus.
1474 2531 1689 2581 Albuginem
1721 2547 1806 2572 vero
1839 2538 1948 2574 habet
1979 2537 2017 2572 in
2049 2538 2180 2581 oculo,
2217 2539 2277 2584 qui

1223 2594 1387 2629 veritatis
1407 2595 1523 2631 lucem
1551 2596 1674 2631 videre
1701 2606 1773 2632 non
1798 2584 1940 2640 sinitur,
1959 2597 2043 2642 quia
2072 2599 2276 2645 arrogantia

1223 2656 1410 2700 sapientire
1425 2667 1487 2692 seu
1501 2655 1651 2701 justitiae
1667 2663 1837 2694 execatur.
1857 2658 1994 2703 Pupilla
2015 2669 2169 2705 namque
2183 2660 2276 2697 oculi

1222 2715 1326 2761 nigra
1346 2715 1460 2758 videt,
1483 2716 1687 2762 albuginem
1708 2716 1865 2752 tolerans
1882 2717 1931 2752 nil
1947 2717 2059 2760 videt,
2078 2718 2160 2763 quia
2180 2719 2275 2756 vide-

1222 2775 1308 2811 licet
1337 2786 1464 2812 sensus
1499 2777 1667 2812 humanae
1698 2777 1927 2823 cogitationis
1963 2777 1994 2814 si
2029 2778 2176 2814 stultum
2213 2790 2274 2824 se,

1220 2842 1527 2882 peccatorumque
1554 2837 1744 2884 intelligit,
1777 2839 2022 2885 cognitionem
2043 2839 2180 2876 intima:
2202 2841 2275 2876 cla-

1221 2897 1340 2934 ritatis
1358 2898 1607 2943 apprehendit.

1268 2954 1307 2991 Si
1342 2961 1463 2992 autem
1500 2958 1694 2993 candorem
1728 2957 1796 2993 sibi
1824 2956 1976 3002 justitiae
2007 2969 2069 2995 seu
2090 2960 2275 3005 sapientia:

98 3021 214 3048 autem
229 3012 469 3059 sanetur(1sa.
488 3011 687 3059 nv).Parvo
701 3018 821 3050 autem
836 3022 923 3048 naso
938 3018 1006 3054 est,
1025 3013 1085 3058 qui
1104 3014 1149 3049 ad
1167 3002 1202 3040 D
1221 3015 1365 3057 tribuit,
1402 3026 1421 3051 a
1449 3017 1540 3052 luce·
1557 3027 1595 3052 se
1623 3026 1787 3064 supernae
1824 3019 2041 3065 cognitionis
2083 3020 2241 3056 excludit
2261 3048 2272 3064 ,

97 3073 290 3108 tenendam
317 3082 523 3108 mensuram
543 3072 772 3109 discretionis
795 3072 944 3109 idoneus
977 3084 1049 3111 non
1079 3080 1148 3116 est,

52 3143 53 3146 ’
97 3133 193 3171 Naso
214 3135 344 3180 quippe
374 3135 504 3171 odores
522 3135 727 3181 fetoresque
756 3135 1009 3174 discernimus.
1038 3138 1149 3174 Recte

98 3203 183 3241 ergo
201 3204 265 3240 pcr
284 3204 410 3230 nasum
431 3195 600 3231 discretio
617 3195 844 3241 exprimitur,
863 3206 928 3242 per
954 3206 1062 3242 quam
1080 3198 1150 3235 vir-

97 3259 193 3292 tutes
205 3254 383 3301 eligimus,
400 3254 528 3291 delicta
552 3256 800 3300 reprobamus.
821 3257 920 3294 Unde
936 3262 973 3293 et
992 3258 1026 3293 in
1045 3258 1148 3295 laude

93 3324 238 3362 sponsae
252 3315 385 3355 dicitur
405 3327 414 3352 z
433 3316 554 3352 Nasus
581 3322 662 3354 tuus
690 3317 779 3354 sicut
810 3319 918 3355 turris
941 3330 1019 3366 quae
1041 3325 1092 3355 est
1112 3320 1149 3355 in

94 3373 229 3414 Libano
248 3373 371 3428 {Gent-
392 3375 479 3424 ιιιι);
501 3377 584 3423 quia
616 3378 788 3416 nimirum
812 3385 938 3416 sancta
959 3380 1119 3416 Ecclesia
1137 3407 1147 3424 ,

97 3441 176 3479 tutte
194 3444 239 3473 ex
271 3435 391 3475 caesis
417 3436 566 3483 singulis
599 3441 854 3483 temptamenta
883 3441 1059 3485 prodeant
1084 3450 1149 3486 per

100 3491 349 3539 discretim
366 3497 569 3543 conspicit,
595 3502 634 3534 ct
660 3504 812 3540 ventura
845 3500 1016 3538 vinorum
1053 3501 1146 3538 bella

96 3551 232 3609 exalta
248 3555 535 3597 oonsideratione
562 3557 811 3604 deprehendit.
851 3558 923 3596 Sed
950 3565 1036 3597 sunt
1060 3571 1148 3597 non-

98 3611 267 3660 18113111
283 3615 368 3659 dum
386 3617 568 3668 &stimate
585 3629 625 3655 ne
641 3619 789 3657 hebetes
809 3619 936 3657 nolunt
954 3646 966 3663 ,
992 3631 1090 3668 saepe
1110 3631 1149 3658 se

101 3667 143 3711 iit
156 3672 371 3727 mugil-m
393 3676 688 3724 inquisitionibus
711 3679 905 3726 plusquam
925 3690 1077 3718 neeesse
1092 3687 1149 3718 est

102 3734 386 3779 mx
404 3736 518 3778 “nia
534 3738 735 3787 stibium
754 3739 948 3780 sau-nm.
967 3741 1070 3779 Unde
1087 3742 1147 3778 hie

104 3795 247 3836 quoque
270 3791 433 3832 subdam
457 3808 467 3832 ε
502 3795 563 3834 Vel
591 3799 719 3844 qrandn'
743 3805 776 3836 et
801 3806 891 3837 torto
910 3812 1009 3838 naso.
1031 3801 1147 3838 Nasus

1218 3080 1254 3111 et
1285 3086 1329 3112 eo
1348 3076 1549 3112 claritatem
1567 3078 1643 3113 veri
1664 3077 1809 3114 luminis
1827 3089 2054 3124 nequaquam
2077 3087 2242 3124 penetrat
2262 3108 2272 3123 ,

1218 3145 1288 3180 quo
1314 3146 1354 3173 se
1377 3137 1472 3182 apud
1492 3147 1529 3172 se
1556 3147 1622 3182 per
1645 3138 1889 3184 arrogantiam
1913 3138 2048 3173 exaltat
2063 3164 2074 3180 ,
2101 3139 2195 3174 sicut
2228 3139 2273 3174 de

1215 3197 1432 3241 quibusdam
1453 3198 1587 3233 dicitur
1607 3208 1616 3233 ε
1635 3197 1797 3233 Dicentes
1813 3197 1906 3232 enim
1933 3209 1970 3232 se
1993 3208 2066 3232 esse
2082 3198 2268 3243 sapientes,

1218 3254 1313 3290 stulti
1333 3255 1419 3301 sacti
1433 3263 1511 3292 sum
1530 3254 1655 3303 (Rom.
1673 3254 1714 3302 ι).
1731 3254 1858 3301 Jngem
1873 3264 1957 3290 vero
1970 3255 2078 3290 habet
2098 3256 2270 3301 scabiem,

1216 3316 1274 3352 cui
1303 3317 1423 3352 carnis
1441 3317 1639 3361 petulantia
1664 3315 1742 3351 sine
1765 3314 1966 3350 cessatione
1997 3315 2202 3351 dominatur
2231 3317 2269 3353 in

1216 3380 1351 3411 monte.
1372 3375 1410 3411 ln
1435 3376 1556 3412 scabie
1584 3375 1716 3410 etenim
1735 3374 1854 3410 servor
1870 3374 2050 3410 viscerum
2075 3376 2121 3412 ad
2149 3382 2268 3413 cutem

1216 3437 1389 3478 trabitur,
1415 3447 1480 3483 per
1504 3446 1612 3481 quam
1642 3440 1739 3470 recte
1762 3433 1903 3469 luxuria
1927 3434 2146 3482 designatur.
2176 3437 2267 3482 Quia

1215 3496 1247 3534 si
1279 3495 1401 3535 cordis
1424 3495 1609 3540 temptatio
1626 3503 1740 3539 usque
1758 3493 1805 3529 ad
1822 3494 2070 3540 operationem
2097 3498 2238 3543 prosilit
2254 3525 2265 3542 ,

1215 3556 1388 3593 nimirum
1408 3555 1529 3591 servor
1546 3555 1696 3611 intimus
1708 3562 1823 3600 usque
1834 3555 1881 3592 ad
1895 3556 1991 3592 cutis
2007 3557 2164 3594 scabiem
2179 3568 2265 3604 pno—

1215 3616 1362 3662 rumpit,
1381 3620 1417 3653 et
1446 3614 1640 3660 tarasiam
1667 3625 1801 3662 corpus
1832 3617 1983 3660 sauciat,
2008 3618 2094 3664 quia
2113 3618 2197 3655 dum
2228 3619 2266 3656 iu

1215 3677 1433 3723 cogitatione
1445 3675 1612 3723 voluptas
1626 3685 1698 3713 non
1713 3675 1936 3722 reprimitur,
1944 3676 2058 3718 etiam
2070 3677 2109 3716 in
2125 3678 2268 3716 actione

1214 3737 1432 3775 dominatur.
1454 3735 1567 3781 Quasi
1585 3737 1684 3775 enim
1697 3736 1796 3774 cutis
1813 3736 2036 3784 pruriginem
2052 3737 2188 3775 Paul-n
2202 3748 2264 3776 eu·

1217 3799 1318 3835 rabat
1351 3798 1558 3845 abstergere
1590 3809 1672 3834 cum
1694 3798 1838 3836 dicebat
1860 3810 1869 3834 :
1893 3797 2086 3845 Temptatio
2112 3810 2169 3837 vos
2197 3812 2266 3839 non
