2540 4016
313 162 380 198 627

759 159 798 194 Β.
826 158 995 196 ΒΑΒΑΝΙ
1020 159 1167 198 MAURI
1190 158 1406 198 ARCHIEP.
1433 160 1640 200 MOGUNT.
1663 161 1854 202 onnam!
1878 164 1998 201 PARS
2023 164 2052 202 1.

2407 167 2478 205 628

309 235 462 280 inopiam
502 237 656 268 nostram
686 238 718 268 et
749 233 1010 269 tribulationem
1046 240 1202 270 nostram
1234 234 1359 284 (Psal.
1378 237 1415 279 A
1431 247 1524 274 mam
1549 248 1675 284 meam,
1698 239 1759 275 sed
1779 250 1840 286 eqo
1861 251 1952 286 pono
1969 250 2063 283 eam,
2077 243 2112 276 et
2130 238 2257 277 iterum
2270 250 2370 284 sumo
2385 237 2476 278 eam.

309 294 416 342 xmn)
433 294 448 330 ⁴?
464 294 684 331 Convertere
701 291 876 339 Dominus
895 294 1028 331 faeiem
1054 305 1158 332 suam
1173 300 1357 340 exoratur,

307 356 391 403 quia
411 365 517 403 quem
543 353 673 391 merito
696 357 928 401 peccatorum
953 361 1162 392 nostrorum
1186 356 1358 393 auxilium

308 426 413 452 suum
432 427 452 451 a
471 414 576 451 nobis
608 418 771 450 avertere
789 415 986 460 coegimus,
1015 425 1165 453 necesse
1180 421 1235 454 est
1253 421 1294 453 ut
1312 417 1358 453 ab

307 476 383 521 ejus
417 473 605 511 clementia
634 473 767 510 iterum
805 475 1045 521 postulemus,
1065 476 1161 524 quod
1190 486 1256 524 per
1288 475 1358 513 im-

305 546 468 572 mensam
485 535 657 580 pietatem
677 545 778 571 suam
801 535 846 571 ad
868 545 935 572 nos
953 535 1090 572 vultum
1113 546 1218 573 suum
1239 536 1357 572 denuo

304 604 516 635 convertere
535 598 717 644 dignetur,
737 605 915 643 quatenns
934 599 980 634 ab
1009 599 1177 635 omnibus
1197 598 1356 635 inimicis

302 669 445 702 eruens,
468 659 603 694 tribuat
626 659 728 695 nobis
753 665 963 705 perpetuam
981 669 1121 706 pacem.
1141 658 1233 696 Nota
1260 660 1356 706 quod

302 721 338 756 in
357 721 424 757 hac
454 721 705 756 benedictione
722 719 910 767 tripliciter
928 719 1095 764 formata,
1122 731 1254 756 nomen
1284 719 1357 755 Do-

302 782 392 818 mini
417 782 522 817 tertio
541 782 694 817 inditum
720 781 781 825 sit,
802 788 842 817 ut
860 782 1038 828 intelligas
1057 787 1219 818 sanctam
1239 780 1357 816 Trini-

303 848 414 879 tatem
437 853 516 879 esse
537 843 725 888 aequalem,
747 853 812 889 per
827 853 935 888 quem
957 848 991 878 et
1010 843 1044 878 in
1065 853 1135 888 quo
1150 842 1273 878 onmia
1290 842 1355 877 ho-

300 911 417 948 nesta,
450 905 542 940 bona
566 911 601 940 ct
631 905 789 941 salubria
819 905 1033 950 expetenda,
1068 904 1296 950 impetranda
1317 907 1355 938 et

300 965 451 1001 fruenda
471 966 557 1007 sint,
587 966 668 1011 quia
698 976 741 1000 cx
761 966 851 1011 ipso,
872 970 908 1001 et
929 976 993 1011 per
1016 965 1147 1011 ipsum,
1167 964 1253 1000 etin
1277 964 1354 1009 ipso

302 1031 384 1062 sunt
405 1027 523 1062 onmia
540 1037 549 1061 :
570 1026 637 1072 ipsi
661 1027 773 1072 gloria
802 1027 837 1060 in
857 1026 987 1061 saecula
1004 1025 1230 1061 saeculorum.
1252 1023 1354 1066 Quod

299 1092 420 1121 autem
441 1087 628 1122 subditur:
651 1086 868 1121 Invocabunt
891 1097 1013 1120 nomen
1044 1096 1159 1120 meum
1187 1095 1291 1130 super
1307 1084 1353 1129 fi-

1427 297 1473 334 Et
1489 298 1535 335 ad
1550 298 1732 336 Pilatum:
1753 299 1837 337 Non
1865 302 2008 338 haberes
2030 301 2068 336 in
2084 311 2151 345 me,
2171 300 2303 347 inquit,
2325 308 2479 348 potesta-
2503 339 2506 341 Α

1427 363 1493 394 tem
1518 359 1699 395 adversum
1717 371 1771 396 me
1798 361 1924 405 ullam,
1953 362 2021 398 nisi
2035 361 2158 397 datum
2180 361 2244 398 tibi
2271 360 2395 407 [uisset
2414 363 2478 405 de-

1426 430 1529 466 super
1548 419 1668 467 (Joan.
1683 421 1776 468 xxx).

1459 479 1748 527 -obtuleruntque
1785 482 1959 528 principes
2000 482 2115 520 Israel
2148 489 2181 519 et
2213 483 2329 529 capita
2371 483 2480 530 sami-

1426 538 1554 574 liarum
1573 566 1581 582 ,
1628 551 1706 586 quoe
1754 548 1855 576 erant
1901 553 1964 587 per
1999 542 2156 588 singulas
2195 543 2308 580 tribus
2342 544 2480 591 proese-

1426 599 1472 633 cti
1502 609 1636 642 eornm,
1671 601 1730 645 qui
1764 603 1940 636 numerati
1962 601 2104 646 fuerant
2122 629 2131 646 ‚
2171 614 2321 641 munera
2359 615 2479 641 coram

1424 656 1590 694 Domino.
1612 659 1798 706 Principes
1817 671 1904 708 ergo
1929 662 2040 699 Israel
2062 668 2099 700 et
2117 664 2239 711 capita
2259 664 2479 703 familiarum

1406 724 1510 761 ‚sunt
1532 721 1762 766 patriarchae,
1783 724 1968 768 propheiae
2000 730 2038 762 et
2057 726 2224 772 apostoli,
2255 728 2316 773 qui
2345 728 2478 774 partim

1425 778 1599 816 doctrinis
1619 808 1628 824 ,
1678 782 1811 827 partim
1855 783 2166 830 exhortamentis,
2199 787 2332 832 partim
2373 787 2478 824 bonis
2524 818 2532 824 .

1425 841 1600 886 exemplis
1614 847 1721 887 atquc
1737 843 1910 879 virtutum
1929 846 2098 890 operibus
2118 846 2192 883 Deo
2213 857 2362 884 munera
2375 853 2477 894 grata
2524 868 2531 888 ;

1424 901 1613 947 dederunt,
1635 905 1732 940 etad
1751 905 2027 942 instructionem
2050 912 2183 944 sanctae
2206 908 2377 944 Ecclesiae
2399 919 2479 955 gra·
2527 930 2530 931 ν

1424 962 1554 997 tulanti
1574 965 1709 1008 animo,
1729 966 1900 1012 quidquid
1917 973 2112 1012 potuerunt
2127 969 2368 1006 contulerunt.
2393 970 2478 1007 Sive

1419 1022 1523 1069 juxta
1552 1026 1787 1072 tropologiam
1813 1028 1995 1073 principes
2027 1029 2096 1064 dici
2125 1036 2289 1075 possunt,
2313 1032 2476 1078 quiapu-

1427 1084 1553 1119 stolica
1589 1086 1751 1121 doctrina
1784 1087 1973 1131 instructi,
2005 1094 2077 1123 tani
2120 1090 2286 1127 sensibus
2314 1091 2476 1137 corporis

301 1145 366 1181 lios
385 1146 519 1190 Israel,
542 1152 573 1181 et
602 1157 662 1192 eyo
683 1146 880 1181 benedicam
910 1146 974 1189 eis,
1001 1146 1046 1181 ad
1063 1145 1228 1181 eumdem
1244 1144 1356 1190 perti·
1373 1135 1405 1174 Β
1425 1155 1531 1190 quam
1558 1146 1668 1182 etiam
1687 1147 1816 1183 animae
1847 1148 2035 1197 affectibus
2054 1150 2122 1186 rite
2148 1151 2345 1196 principari
2369 1156 2477 1197 atque

299 1211 360 1242 net
379 1216 538 1248 sensum,
558 1206 641 1251 quia
657 1205 887 1241 sacerdotum
912 1210 966 1241 est
983 1216 1114 1241 nomen
1134 1204 1277 1241 Domini
1298 1204 1354 1239 in-

298 1279 428 1305 vocare
449 1282 456 1304 :
480 1269 622 1304 Domini
651 1274 771 1304 autem
796 1269 915 1314 ipsum
946 1270 990 1304 ad
1019 1269 1115 1314 quod
1146 1269 1349 1309 invocatur,

297 1329 484 1374 perficere.
505 1329 549 1363 Et
567 1329 647 1364 ideo
671 1339 742 1363 non
760 1328 864 1363 debet
881 1329 949 1364 hoc
967 1329 1034 1364 sibi
1054 1339 1118 1374 per
1136 1328 1270 1364 fastum
1291 1338 1351 1363 su-

296 1390 429 1435 perbIae
455 1390 611 1425 hnmana
643 1389 878 1433 praesumptio
905 1397 1093 1432 usurpare,
1115 1387 1210 1432 quod
1240 1386 1351 1422 solius

296 1455 352 1485 est
368 1455 501 1485 sanctae
521 1449 709 1485 Trinitatis
727 1449 785 1484 cui
800 1448 876 1483 vult
895 1458 959 1494 per
974 1448 1128 1494 gratiam
1148 1458 1249 1483 suam
1264 1457 1351 1483 con-

296 1508 404 1546 ferre.

698 1555 849 1592 CAPUT
873 1555 949 1590 ΧΠ.

296 1615 347 1651 De
371 1615 544 1651 oblatione
563 1616 758 1662 principum
784 1615 898 1650 Israel
913 1625 924 1648 .·
946 1616 1010 1650 Ιιοο
1035 1622 1083 1650 est
1103 1625 1163 1650 sem
1182 1614 1349 1661 plaustris

344 1663 460 1702 tectis,
492 1673 571 1697 cum
598 1663 780 1698 duodecim
813 1662 922 1697 bubus
945 1662 990 1697 ad
1021 1662 1200 1698 servitium
1235 1661 1349 1696 taber-

345 1709 476 1744 naculi.

347 1768 447 1815 (Car.
464 1768 546 1816 vu.)
579 1768 612 1803 F
614 1775 730 1805 actum
762 1775 811 1804 est
832 1774 950 1807 ,autem
965 1769 1002 1804 in
1024 1768 1079 1803 die
1104 1778 1173 1814 qua
1201 1766 1350 1813 comple-

300 1829 346 1865 vit
360 1827 497 1875 Moyses
521 1829 783 1865 tabernaculum
800 1836 831 1865 et
850 1830 959 1865 erexit
973 1829 1062 1864 illud
1077 1841 1088 1872 ,·
1106 1828 1350 1873 sanctificavit·

295 1901 360 1936 que
381 1896 412 1925 et
427 1890 525 1925 unxit
545 1901 623 1925 cum
645 1891 804 1926 omnibus
824 1891 916 1926 vasis
939 1891 1027 1932 suis,
1058 1889 1169 1924 altare
1189 1888 1351 1924 similiter

298 1956 329 1985 et
353 1960 437 1985 vasa
463 1950 551 1995 ejus.
570 1950 711 1997 Moyses
730 1951 876 1996 quidem
905 1950 941 1985 in
971 1950 1125 1986 diversis
1144 1948 1232 1985 locis
1252 1948 1350 1984 Scri-

297 2014 410 2054 pturae
428 2019 540 2045 sacrae
561 2010 699 2045 variam
716 2016 752 2046 et
767 2019 839 2045 non
857 2010 1018 2045 eamdem
1047 2008 1347 2055 significationem

1424 1206 1599 1242 dominari
1626 1208 1755 1243 sciunt.
1793 1209 1952 1253 Quorum
1978 1212 2131 1248 virtutes
2165 1213 2239 1249 Deo
2259 1215 2476 1260 gratissimae

1421 1275 1499 1302 esse
1518 1268 1725 1311 creduntur,
1743 1269 1825 1315 quia
1846 1281 1891 1306 ex
1910 1263 2058 1308 unitatis
2074 1279 2109 1308 et
2127 1275 2330 1310 concordiae
2348 1275 2472 1311 radice

1418 1329 1559 1373 prolata
1573 1330 1785 1374 probantur,
1805 1332 1881 1376 ipsa
1894 1333 2053 1370 Veritate
2071 1340 2276 1378 attestante,
2300 1346 2379 1381 quae
2396 1336 2446 1372 ait
2463 1349 2472 1372 :

1422 1387 1514 1430 Quia
1542 1390 1571 1424 si
1591 1398 1833 1426 consenserent
1853 1393 1921 1427 duo
1949 1405 1991 1429 ex
2023 1395 2119 1431 vobis
2136 1407 2240 1442 saper
2261 1403 2403 1440 terram,
2432 1396 2475 1432 de

1420 1449 1515 1482 omm'
1533 1459 1568 1483 re
1585 1460 1825 1497 quanicumque
1845 1454 2021 1497 petierint,
2041 1455 2099 1499 fiet
2125 1455 2197 1491 illis
2214 1468 2236 1492 a
2256 1456 2365 1492 Patre
2382 1467 2472 1501 mee,
2534 1499 2535 1503 Ἰ

1423 1507 1478 1554 qui
1493 1514 1542 1542 est
1559 1508 1595 1542 in
1613 1510 1705 1545 coelis
1725 1510 1867 1556 (Manli.
1884 1512 2003 1559 xvrn).

1467 1566 1536 1603 Sex
1569 1568 1728 1614 plaustra
1763 1577 1853 1606 tecta
1883 1583 1961 1607 cum
1992 1573 2174 1610 duodecim
2206 1576 2329 1612 bubus.
2360 1575 2475 1613 Unum

1418 1626 1615 1673 plaustrum
1646 1630 1799 1666 obtulere
1822 1632 1892 1667 duo
1912 1633 2032 1677 duces,
2067 1641 2098 1670 et
2121 1646 2229 1671 imum
2259 1637 2377 1673 bovem
2396 1638 2471 1674 sin-

1418 1687 1514 1733 9uIi;
1545 1690 1811 1737 obtuleruntque
1837 1694 1874 1728 in
1901 1702 2084 1741 conspectu
2116 1697 2345 1734 tabernaculi.
2386 1698 2471 1743 Sex,

1419 1746 1550 1793 inquit,
1583 1749 1742 1795 plaustra
1773 1759 1863 1788 tecta
1897 1765 1976 1789 cum
1999 1755 2182 1792 duodecim
2213 1758 2335 1794 bubus.
2365 1759 2474 1796 Tecta

1418 1808 1580 1853 plaustra
1611 1817 1731 1848 autem
1751 1813 1989 1851 historialiter
2021 1817 2123 1860 dicit,
2145 1819 2199 1853 vel
2231 1825 2400 1865 cooperta
2423 1826 2476 1857 ta-

1418 1868 1524 1913 bulis,
1543 1877 1581 1907 ut
1601 1873 1697 1910 intus
1718 1876 1922 1922 reciperent
1943 1888 2067 1922 onera,
2087 1879 2143 1915 vel
2164 1881 2273 1916 etiam
2295 1881 2475 1928 aliquibus

1417 1931 1547 1975 pannis
1581 1938 1710 1977 strata,
1744 1940 1784 1971 ut
1819 1936 1962 1983 dignius
1995 1939 2215 1975 tabernaculi
2249 1946 2474 1976 armamenta

1420 1992 1657 2036 susciperent.
1679 1993 1827 2042 Mystice
1855 2003 1976 2033 autem
1999 1998 2161 2044 plaustra
2180 2010 2259 2045 quae
2277 2000 2339 2036 lilii
2362 2000 2474 2036 lsrael

299 2070 408 2105 habet
424 2082 432 2105 :
449 2071 533 2115 quia
565 2071 759 2116 aliquando
779 2077 904 2118 typum
933 2072 1055 2117 populi
1074 2071 1214 2107 Judaiei
1233 2076 1343 2114 tenet,
1367 2041 1398 2083 C
1418 2050 1553 2089 Levitis
1574 2055 1618 2089 ad
1641 2056 1910 2093 subvectionem
1931 2058 2154 2095 tabernaculi
2173 2060 2396 2104 obtulerunt,
2429 2062 2459 2097 si

296 2134 336 2165 ut
361 2135 415 2165 est
444 2129 531 2166 illud
549 2131 644 2175 quod
670 2131 706 2166 in
727 2130 851 2166 Exodo
861 2130 985 2174 jussus
1012 2137 1068 2167 est
1089 2130 1242 2166 caudam
1267 2140 1345 2165 ser-

294 2190 413 2236 pentis
435 2195 581 2234 tenere;
609 2190 789 2236 significat
824 2192 919 2226 enim
939 2190 1081 2226 Judaeos
1106 2190 1210 2234 Juxta
1239 2189 1347 2225 finem

295 2249 420 2284 mundi
443 2250 486 2285 ad
508 2250 614 2285 fidem
633 2249 767 2286 Christi
785 2256 971 2286 venturos.
997 2249 1198 2295 Aliquando
1214 2249 1347 2284 Christi

293 2318 485 2355 personam
519 2309 716 2356 figuraliter
751 2311 922 2356 exprimit
956 2323 963 2345 :
994 2310 1100 2355 quale
1141 2314 1195 2345 est
1232 2308 1344 2352 illud,

294 2369 390 2414 quod
404 2369 574 2414 populum
592 2380 657 2415 per
673 2378 773 2407 mare
791 2371 954 2407 Rubrum
971 2371 1014 2406 de
1032 2369 1189 2417 AEgypto
1208 2370 1344 2414 eduxit,

294 2427 483 2474 designans
502 2428 686 2465 Christum
706 2430 840 2466 electos
857 2441 942 2466 suos
958 2431 1002 2467 de
1014 2430 1168 2477 spiritali
1187 2429 1346 2476 AEgypto

293 2497 358 2534 per
375 2498 506 2535 aquam
535 2489 764 2535 baptismatis
781 2491 948 2534 educere,
971 2496 1007 2526 et
1034 2491 1077 2528 de
1094 2490 1259 2527 hostibus
1279 2500 1346 2527 sae-

293 2548 452 2585 vissimis
471 2549 649 2593 liberare3
687 2560 754 2587 nec
780 2561 855 2587 non
874 2556 911 2587 et
943 2551 1040 2587 istud
1062 2551 1158 2596 quod
1178 2551 1247 2587 hoe
1267 2549 1346 2587 loco

292 2617 550 2647 commemorat
582 2611 728 2658 Moysen
757 2613 1030 2650 tabernaculum
1061 2612 1276 2660 complesse,
1309 2616 1346 2648 et

292 2669 431 2715 erigere
462 2675 568 2715 atque
597 2681 734 2717 ungere
754 2683 837 2708 eum
863 2673 1032 2710 omnibus
1052 2674 1150 2710 vasis
1181 2673 1272 2716 suis,
1294 2672 1347 2708 al-

297 2734 375 2764 tare
392 2728 558 2769 similiter
577 2735 614 2765 et
634 2741 719 2766 vasa
738 2733 829 2778 ejus.
862 2733 1151 2770 Tabernaculum
1170 2743 1256 2780 ergo
1279 2733 1346 2769 Do-

292 2786 381 2823 mini
397 2792 453 2823 est
469 2787 630 2824 Ecclesia
648 2799 819 2836 praesens,
839 2802 947 2837 quam
969 2793 1135 2830 Christus
1153 2793 1345 2840 complevit

294 2855 331 2884 et
358 2849 487 2893 erexit,
514 2860 596 2886 cum
616 2861 697 2887 eam
725 2853 897 2898 sanguine
927 2864 992 2889 suo
1016 2855 1208 2898 redimens,
1226 2855 1346 2900 perse-

294 2914 391 2944 ctam
409 2909 478 2945 sibi
493 2909 683 2947 devotione
702 2912 868 2956 reddidit,
891 2919 928 2948 et
946 2913 983 2949 in
999 2914 1068 2950 fide
1088 2925 1131 2950 ac
1147 2925 1209 2960 spe
1225 2917 1271 2951 ad
1285 2914 1343 2950 fu-

238 3005 252 3011 l
293 2972 414 3003 turam
443 2967 596 3014 gloriam
627 2971 864 3016 appetendam
898 2972 1029 3008 erexit.
1066 2972 1166 3008 Hanc
1199 2984 1343 3019 quoque

295 3028 398 3064 unxit
419 3028 500 3066 oleo
527 3028 676 3074 laetitiae,
710 3035 747 3066 et
775 3031 1014 3068 sanctificavit
1039 3034 1154 3078 gratia
1187 3033 1344 3079 Spiritus

294 3089 426 3134 sancti,
458 3100 542 3127 eum
566 3091 736 3128 omnibus
766 3093 864 3129 vasis
885 3092 974 3137 ejus,
1006 3094 1129 3130 electis
1163 3094 1340 3137 videlicet,

293 3149 357 3195 qui
377 3150 423 3188 ad
451 3151 591 3188 diversa
618 3152 819 3190 ministeria
848 3154 942 3190 intra
960 3154 1157 3192 Ecclesiam
1185 3156 1343 3192 ordinati

296 3214 392 3246 sunt.
413 3208 539 3248 Altare
557 3211 724 3249 similiter
752 3213 809 3250 vel
836 3214 1054 3260 generaliter
1077 3215 1275 3252 Ecclesiam
1295 3216 1343 3252 si-

294 3268 456 3316 gnificat,
475 3269 533 3308 vel
559 3270 742 3318 perfectos
768 3282 945 3319 quosque,
973 3274 1011 3310 in
1029 3274 1159 3320 quibus
1177 3280 1342 3310 aromata

294 3330 468 3367 virtutum
482 3337 591 3378 atque
605 3337 810 3369 sanctarum
825 3334 1030 3371 orationum
1044 3334 1241 3371 odorantur
1253 3346 1262 3378 ;
1285 3334 1343 3371 vel

296 3391 393 3436 quod
404 3392 626 3439 praecipuum
640 3399 708 3437 est,
723 3394 987 3431 humanitatem
1007 3394 1142 3433 Christi
1161 3395 1340 3442 designat,

296 3448 333 3484 in
352 3459 423 3494 qua
441 3457 544 3498 grata
561 3462 711 3489 munera
737 3454 995 3500 redemptionis
1015 3459 1149 3492 nostrae
1169 3454 1244 3491 Deo
1269 3453 1340 3490 Pa-

297 3507 346 3549 tri
377 3509 551 3554 exhibuit,
581 3512 666 3558 quia
686 3513 763 3559 ipse
781 3514 951 3551 sacerdos
978 3518 1016 3550 et
1038 3513 1181 3557 hostia;
1213 3518 1251 3550 et
1273 3513 1344 3550 hoe

296 3567 392 3613 quod
410 3569 643 3616 semetipsum
659 3583 725 3619 pro
742 3573 846 3610 nohis
858 3573 958 3611 Patri
969 3573 1122 3616 obtulit,
1142 3573 1219 3619 ipse
1237 3578 1274 3610 et
1288 3572 1343 3612 al-

298 3632 392 3679 tare,
423 3630 508 3676 quia
524 3630 563 3668 in
583 3641 648 3668 sua
666 3638 843 3678 potestate
870 3639 1023 3671 mortem
1039 3639 1178 3679 tenens,
1196 3633 1343 3680 propria

298 3689 482 3727 voluntate
501 3690 600 3728 issam
615 3693 855 3739 suscipiendo,
874 3693 1050 3740 passionis
1076 3698 1343 3733 sacramentum

299 3745 463 3795 perfecit.
490 3748 594 3792 Unde
613 3756 651 3789 et
673 3751 750 3800 ipse
773 3752 888 3791 dicit:
904 3751 1020 3792 Nemo
1037 3752 1129 3792 tollit
1148 3764 1172 3793 a
1188 3764 1243 3792 me
1262 3753 1342 3796 atti-2

1414 2111 1589 2158 gniiicant
1610 2116 1819 2161 temporalis
1833 2117 1915 2154 vitae
1949 2118 2091 2164 solatia,
2115 2130 2196 2166 quae
2226 2121 2345 2157 devoti
2366 2122 2474 2158 disci-

1413 2171 1489 2217 puli
1507 2174 1686 2219 veritatis,
1717 2176 1868 2221 Levitis,
1895 2180 1965 2215 hoc
1996 2185 2053 2216 est
2079 2182 2213 2217 sanctis
2230 2182 2474 2227 praedicatori-

1413 2231 1482 2267 bus
1504 2243 1568 2278 pro
1587 2235 1687 2270 verbi
1708 2239 2044 2283 recompensatione
2067 2240 2273 2284 conserunt,
2295 2247 2474 2286 quatenus

1415 2298 1559 2337 sumptu
1591 2296 1768 2340 corporali
1795 2298 1840 2333 ab
1865 2298 1919 2334 eis
1955 2306 2118 2346 accepto,
2147 2300 2290 2337 facilius
2324 2311 2366 2337 ac
2395 2302 2474 2338 sine

1414 2350 1672 2397 impedimento
1689 2361 1917 2393 terrenarum
1930 2370 2067 2404 rerum,
2086 2360 2268 2398 lucrandis
2282 2362 2472 2398 animabus

1415 2418 1524 2459 atque
1540 2415 1657 2451 officio
1675 2419 1816 2463 possint
1847 2430 1979 2456 vacare
2010 2422 2144 2458 divino.
2172 2423 2273 2459 Unde
2296 2429 2333 2459 et
2352 2423 2474 2459 Domi-

1413 2486 1481 2511 nus
1503 2476 1684 2514 ordinavit
1719 2479 1776 2516 his
1803 2480 1865 2525 qui
1897 2481 2131 2528 Evangelium
2159 2484 2389 2526 annuntiant,
2426 2483 2471 2519 de

1413 2535 1608 2583 Evangelio
1626 2538 1761 2575 vivere.
1781 2539 1826 2575 Et
1842 2540 1975 2577 Paulus
1994 2541 2195 2578 Corinthiis
2217 2543 2380 2579 scribens
2399 2542 2470 2579 ait:

1413 2594 1454 2632 Si
1469 2598 1715 2635 seminavimus
1742 2600 1836 2635 vobis
1856 2601 2044 2647 spiritalia,
2071 2613 2238 2649 magnum
2258 2610 2324 2647 est,
2342 2604 2374 2639 si
2391 2614 2473 2639 car-

1414 2655 1510 2692 nalia
1525 2663 1638 2693 vestra
1653 2659 1885 2708 metamus?(I
1895 2659 1976 2696 Cor.
1987 2661 2056 2708 tx.)
2072 2663 2118 2699 Et
2131 2663 2176 2700 ad
2188 2662 2335 2701 Galatas
2348 2676 2356 2699 :
2369 2663 2473 2700 Gom·-

1414 2718 1577 2762 mum'cet,
1608 2719 1738 2766 inquit,
1756 2721 1787 2756 is
1805 2722 1866 2768 qai
1890 2723 2127 2760 catechizatur
2150 2724 2263 2767 verbo,
2283 2725 2316 2760 ei
2340 2724 2401 2771 qm·
2430 2734 2468 2760 se

1414 2779 1606 2814 catechizat
1622 2780 1659 2815 in
1678 2782 1838 2818 omnibus
1855 2783 1952 2819 bonis
1969 2781 2101 2831 (Galat.
2118 2783 2183 2823 vt).
2201 2783 2287 2827 Quae
2302 2783 2466 2830 plaustra

1414 2839 1558 2874 senario
1575 2850 1727 2878 numero
1745 2843 1836 2879 bene
1855 2845 2112 2890 comprehensa
2132 2849 2228 2888 sunt,
2250 2850 2290 2880 ut
2306 2843 2469 2889 perfecta

1415 2898 1575 2935 fidelium
1594 2901 1737 2939 devotio
1757 2904 1819 2950 qui
1846 2905 1891 2941 de
1910 2904 2142 2942 facultatibus
2162 2905 2236 2942 suis
2252 2905 2469 2951 praedicato-

1415 2960 1515 2997 ribus
1539 2961 1674 2999 Christi
1702 2965 1924 3010 deserviunt‚
1960 2966 2177 3003 insinuetur.
2199 2966 2244 3002 Et
2272 2966 2350 3003 haee
2376 2966 2470 3002 hene

1414 3025 1513 3056 recta
1534 3031 1613 3057 esse
1631 3022 1810 3070 leguntur,
1831 3026 1934 3072 quasi
1948 3026 1993 3063 de
2010 3026 2117 3072 pleno
2134 3030 2281 3070 ornata,
2297 3030 2335 3062 et
2361 3025 2468 3062 mise-

1413 3081 1578 3118 ricordiae
1605 3084 1736 3121 affectu
1766 3087 2068 3132 splendidissima,
2089 3094 2198 3134 atque
2226 3087 2274 3124 ob
2302 3087 2372 3123 hoc
2393 3086 2468 3123 Deo

1414 3144 1649 3189 acceptabilia
1670 3156 1749 3183 esse
1766 3147 1976 3192 probantur.
1999 3148 2196 3186 Duodecim
2213 3152 2336 3184 autem
2355 3147 2467 3184 boves

1414 3210 1496 3251 apte
1518 3207 1564 3242 ad
1593 3207 1670 3252 ipsa
1694 3208 1856 3253 plaustra
1874 3210 2034 3254 deputati
2057 3215 2154 3254 sunt,
2178 3215 2218 3246 ut
2241 3210 2467 3246 demonstre-

1415 3269 1474 3300 tur
1500 3267 1596 3311 quod
1622 3266 1660 3301 hi
1686 3267 1747 3312 qui
1777 3268 1816 3303 in
1849 3270 2024 3314 obsequio
2048 3277 2259 3308 sanctorum
2281 3271 2342 3316 pie
2366 3270 2467 3307 labo-

1413 3329 1510 3370 rant,
1529 3324 1698 3370 subjugo
1712 3327 1920 3371 apostolicae
1938 3328 2112 3364 doctrinae
2129 3329 2329 3371 constituti,
2342 3328 2465 3364 onmia

1414 3383 1566 3422 honeste
1600 3389 1638 3420 et
1661 3385 1859 3421 secundum
1879 3386 2042 3423 ordinem
2063 3387 2217 3424 debeant
2235 3395 2355 3433 agere.
2381 3386 2465 3424 Sive

1413 3443 1536 3487 boves,
1565 3443 1662 3490 ipsos
1696 3443 1863 3480 doctores
1886 3454 2077 3491 possumus
2116 3445 2293 3491 accipere,
2326 3445 2389 3491 qui
2424 3445 2463 3483 in

1416 3515 1503 3552 agro
1527 3505 1592 3542 Dei
1610 3505 1718 3551 digne
1746 3510 1956 3552 operantur,
1984 3505 2030 3542 de
2047 3505 2178 3551 quibus
2201 3505 2388 3552 Scriptura
2399 3504 2461 3551 ju-

1413 3566 1500 3603 bet:
1521 3566 1606 3603 Non
1632 3565 1792 3613 alligabis
1822 3577 1860 3604 os
1889 3566 1966 3602 bovi
1995 3566 2174 3603 trituranti
2206 3566 2326 3615 (Deua,
2358 3566 2458 3614 xxv).

1414 3626 1529 3672 Quam
1545 3627 1762 3664 sententiam
1775 3626 1877 3672 legis,
1896 3625 2088 3674 Apostolus
2103 3629 2310 3666 doctoribus
2331 3628 2458 3666 Eeote-
2503 3664 2505 3666 .

1413 3685 1477 3726 siae
1500 3687 1676 3733 prolatam
1703 3687 1964 3734 interpretatur
1984 3689 2107 3726 dicens
2123 3701 2132 3726 :
2146 3689 2318 3737 quuid
2335 3688 2378 3726 de
2400 3687 2460 3725 bo-

1414 3750 1476 3798 lma
1490 3761 1585 3800 ,ouva
1601 3755 1651 3791 est
1679 3749 1781 3791 Deo?
1805 3749 1862 3790 Aa
1879 3751 1991 3799 magis
2013 3757 2156 3800 propter
2170 3763 2242 3802 ,κω
2258 3752 2333 3791 ωε
2346 3749 2459 3804 aaa}
2503 3768 2506 3770 ·
