2540 4016
278 147 350 186 615

272 229 334 255 rus
355 215 450 261 quod
469 208 765 258 ropromissionis
797 207 1032 255 indulgentiae
1058 211 1182 256 teneat
1208 216 1331 244 sacra-
1346 212 1384 253 A
1398 207 1581 257 cultorum
1600 207 1842 254 providentia
1851 190 1932 256 ἴδητε
1951 227 1953 230 <
1975 242 1979 246 ,
1997 210 2097 243 creta
2116 204 2254 254 judicio

272 281 446 316 mentum,
463 272 501 308 in
522 269 645 306 multis
662 268 933 316 Scripturarum
951 268 1040 304 locis
1054 277 1148 313 saepe
1161 271 1198 303 et
1213 267 1327 303 abun-

270 337 397 372 danter
405 331 643 369 ostendimus.
658 329 750 365 Nam
765 337 803 367 et
813 329 1122 376 quinquagesimus
1133 338 1246 363 annus
1261 333 1325 371 est,

268 405 304 430 m
314 405 380 440 qao
392 399 423 427 et
433 391 692 438 possessionum
701 395 733 424 et
742 389 919 424 servitutis
931 395 962 423 et
978 387 1087 424 debiti
1094 387 1134 433 fit
1147 385 1325 431 remissio;

268 460 304 491 et
328 451 647 499 quinquagesimus
663 450 740 486 dies
756 455 839 496 post
859 449 1011 493 Pascha,
1040 447 1152 484 festus
1173 448 1328 485 traditur

268 517 306 553 in
329 516 408 561 lege
424 513 550 560 (Lavit.
567 512 668 560 xxv).
691 510 764 548 Sed
779 511 954 547 Dominus
973 510 1011 546 in
1031 509 1226 558 Evangelio
1244 520 1328 546 cum

267 576 476 625 parabolam
490 574 782 621 repromissionis
796 574 944 610 doceret
955 578 991 610 et
1008 572 1251 619 indulgentiae,
1268 572 1329 608 de-

268 639 406 675 bitores
426 646 516 682 quos
546 634 758 678 introducit,
784 644 896 670 unum
930 634 968 669 in
995 633 1269 679 quinquaginta,
1292 637 1329 667 et

269 700 380 736 alium
415 697 621 744 quingentis
653 695 814 732 denariis
841 695 953 731 fuisse
993 694 1083 731 dicit
1115 694 1327 730 obnoxium.

270 758 540 805 Quinquaginta
568 762 691 793 autem
708 762 744 792 et
760 756 964 802 quingenti,
989 760 1165 802 cognatus
1184 760 1242 791 est
1260 764 1327 789 nu-

272 828 406 854 merus.
429 817 570 853 Decade
591 817 689 852 enim
707 817 968 863 quinquaginta
995 815 1134 852 faciunt
1156 816 1331 861 quingen-

274 884 340 915 tos.
359 878 430 915 Sed
445 879 514 914 alia
532 883 633 924 parte
646 888 819 914 numerus
835 878 904 914 iste
917 882 1080 913 sacratus
1094 882 1163 913 est.
1185 876 1332 922 Septem

271 939 368 974 enim
401 939 608 984 septimanae
629 937 659 974 si
680 939 833 974 addatur
849 937 956 973 unius
975 937 1117 973 numeri
1142 935 1331 982 perfectio,

273 999 535 1047 quinquaginta
555 999 692 1034 faciunt
722 999 811 1035 dies.
842 998 1017 1035 Similiter
1037 1005 1073 1034 et
1104 998 1332 1044 septuaginta

277 1061 504 1106 septimanis,
531 1060 561 1096 si
582 1061 736 1096 addatur
759 1060 866 1095 unius
881 1060 1027 1095 decadis
1053 1059 1330 1102 consummatio,

273 1120 411 1155 faciunt
435 1121 663 1166 quingentos.
686 1120 787 1163 Quod
805 1121 835 1156 si
859 1120 1102 1155 abundantius
1132 1119 1248 1156 adhuc
1271 1130 1331 1156 sa-

272 1185 458 1216 cramenta
474 1180 735 1226 quinquaginta
751 1186 787 1215 et
801 1180 1079 1225 quingentorum
1100 1180 1242 1216 numeri
1257 1180 1334 1225 pla-

274 1243 330 1275 cet
362 1239 495 1285 colligi,
518 1239 693 1275 habemus
714 1244 749 1274 et
769 1240 806 1274 in
838 1241 907 1275 hoc
926 1240 1005 1286 ipso
1019 1240 1134 1285 quiin
1165 1240 1333 1276 manibus

273 1304 329 1334 est
339 1299 583 1334 Numerorum
602 1299 709 1342 libro,
731 1299 792 1334 ubi
809 1299 852 1334 de
870 1300 1029 1335 hostium
1050 1299 1173 1344 spoliis
1188 1299 1333 1345 quidam

273 1360 420 1405 quidem
440 1359 597 1395 offerunt
614 1361 651 1395 in
669 1361 775 1395 domo
792 1360 871 1403 Dei,
890 1361 1228 1405 quinquagesimam
1245 1371 1332 1405 por-

272 1420 406 1454 tionem
422 1420 484 1465 qui
499 1430 572 1454 non
589 1426 848 1465 processerunt
859 1421 905 1455 ad
921 1421 1071 1463 bellum,
1091 1422 1334 1465 quidainvero

270 1480 613 1526 quingentesimum.
649 1480 695 1515 Et
725 1481 849 1524 utique
870 1489 942 1515 non
963 1480 1120 1515 inaniter
1142 1481 1252 1516 ctiam
1276 1481 1334 1516 liic

272 1540 593 1587 quinquagesimus
611 1550 784 1576 numerus
807 1541 973 1576 habetur.
1003 1541 1074 1576 Sed
1090 1546 1126 1576 et
1148 1541 1183 1576 in
1203 1540 1334 1577 Genesi

274 1602 335 1637 ubi
353 1601 527 1638 Dominus
561 1603 740 1638 tractabat
765 1603 808 1638 de
831 1602 1052 1649 indulgentia
1078 1602 1332 1647 Sodomorum,

277 1663 307 1697 si
333 1661 427 1698 sorte
457 1669 605 1709 possent
637 1665 682 1699 ad
716 1665 859 1699 veniam
892 1665 1090 1710 pertinere,
1130 1665 1335 1710 lnqusmod'i

276 1724 532 1770 mysteriorum
550 1727 716 1760 conscius
742 1726 950 1771 patriarcha
968 1715 1168 1769 Abrabam,
1197 1737 1217 1760 a
1234 1727 1336 1771 quin-

274 1786 484 1832 quagesimo
505 1797 657 1823 numero
683 1787 808 1833 incipit
838 1797 903 1832 pro
921 1787 1143 1832 indulgentia
1165 1787 1336 1824 Sodomo-

276 1858 358 1883 rum
388 1848 540 1884 Domino
561 1848 765 1895 supplicare
791 1854 829 1885 et
854 1849 968 1885 dicit:
988 1848 1026 1884 Si
1051 1850 1179 1884 inventi
1204 1850 1337 1895 suerint

275 1911 529 1957 quinquaqinta
558 1912 595 1946 in
614 1906 763 1955 civitate,
799 1922 867 1946 non
891 1910 1042 1946 salvabis
1076 1917 1215 1957 propter
1235 1911 1337 1957 qain—

275 1972 442 2018 quaqinla
474 1972 676 2007 civitatem?
705 1972 806 2018 (Gen.
829 1971 920 2018 xix.)
939 1971 1011 2007 Sed
1049 1972 1092 2006 ad
1112 1973 1338 2016 propositum

276 2038 514 2067 revertamur.
540 2031 691 2078 Oportet
708 2043 794 2078 crgo
818 2032 963 2078 operari
981 2032 1128 2067 Levitas
1146 2033 1181 2068 in
1201 2033 1335 2068 sanctis

277 2102 393 2137 usque
426 2093 471 2126 ad
504 2093 766 2137 quinquaginta
797 2103 923 2134 annos,
964 2092 1156 2128 inferiores
1190 2092 1334 2138 quidem

277 2161 402 2198 opera,
436 2151 604 2188 meliores
625 2153 768 2197 quidem
791 2163 900 2198 opera
924 2162 1099 2197 ope1·um;
1123 2154 1253 2188 horum
1274 2164 1337 2188 au-

279 2217 351 2247 tem
371 2213 577 2258 superiores
607 2213 829 2258 spiritalibus
861 2214 993 2249 ol'ficiis
1009 2213 1205 2257 deservire,
1228 2220 1264 2250 et
1283 2215 1337 2250 in-

278 2273 391 2308 troire
410 2273 446 2307 in
467 2272 601 2309 Sancta
618 2284 841 2319 sanctoruni,
862 2275 983 2320 ibique
999 2277 1140 2321 operire
1158 2287 1237 2321 quae
1254 2287 1338 2322 ope-

280 2336 406 2371 rienda
422 2342 518 2379 sunt,
543 2342 580 2372 et
602 2338 744 2372 tradere
768 2337 853 2373 filiis
874 2337 987 2372 Caath
1013 2338 1191 2384 portanda
1213 2339 1338 2373 hume-

277 2397 327 2432 ris
345 2403 381 2432 et
397 2399 565 2434 manibus
589 2399 789 2442 evehenda,
818 2399 882 2434 sed
900 2404 936 2433 et
968 2399 1115 2444 reliquis
1146 2399 1338 2444 unicuique

278 2461 477 2496 secundnm
502 2471 543 2496 ea
564 2471 644 2506 quae
662 2459 739 2504 jam
759 2460 925 2505 superius
946 2470 1039 2506 saepe
1058 2461 1210 2496 disserta
1240 2467 1335 2496 sunt.

279 2520 413 2556 Verum
437 2533 483 2557 ne
514 2522 626 2558 nimia
656 2522 732 2557 haec
767 2522 1077 2567 operimentorum
1106 2522 1339 2568 velorumque

282 2583 422 2618 cautela
442 2584 733 2629 desperationem
746 2583 940 2629 quamdam
955 2589 991 2619 et
1007 2585 1219 2620 moestitiam
1236 2595 1339 2631 gene-

286 2650 341 2679 ret
367 2644 606 2687 auditoribus,
625 2655 741 2691 pauca
761 2645 881 2690 aliqua
901 2656 981 2690 quae
1002 2651 1038 2681 et
1058 2646 1216 2692 pandere
1234 2646 1338 2682 nobis

279 2708 400 2738 tutum
431 2703 491 2746 sit,
516 2709 552 2738 et
586 2705 688 2740 vobis
721 2705 767 2740 sit
785 2704 840 2740 fas
860 2706 1021 2751 aspicere
1046 2707 1339 2752 quandoquidem

282 2769 322 2798 ut
338 2762 436 2808 prius
455 2762 625 2807 diximus,
647 2774 759 2809 genus
780 2765 901 2810 regale
919 2771 954 2800 et
975 2767 1229 2810 sacerdotium,
1253 2777 1340 2812 gens

282 2830 426 2867 sancta,
457 2829 494 2860 et
524 2824 677 2870 populns
707 2825 743 2860 in
777 2826 1054 2870 acquisitionem
1087 2828 1173 2863 dicti
1200 2839 1336 2872 sumus,

284 2886 428 2932 aperire
454 2885 686 2922 tentabimus.
720 2884 964 2932 lntelligamus
999 2898 1084 2933 ergo
1126 2889 1340 2925 tabernacu-

282 2946 358 2982 lum
382 2947 581 2983 testimonii
612 2955 738 2983 omnes
763 2953 921 2991 sanctos,
951 2949 1013 2994 qui
1037 2950 1102 2985 sub
1122 2955 1339 2987 testamento

283 3008 349 3044 Dei
369 3012 587 3051 censentur;
615 3007 704 3043 etin
723 3008 793 3044 hoc
814 3009 1050 3044 tabernaculo
1070 3019 1151 3045 esse
1165 3011 1341 3054 quosdam

283 3071 458 3108 celsiores
487 3071 629 3107 meritis
650 3077 686 3107 et
709 3072 826 3118 gratia
841 3073 1058 3118 superiores,
1081 3079 1179 3110 etex
1197 3074 1254 3110 liis
1275 3075 1340 3111 ali-

283 3143 374 3179 quos
390 3134 535 3178 quidem
551 3133 807 3170 candelabrum
825 3134 909 3178 diei,
932 3135 1029 3181 ipsos
1051 3135 1144 3171 sorte
1159 3137 1341 3182 apostolos

283 3194 347 3240 qui
380 3193 586 3230 illuminant
623 3194 838 3231 accedentes
857 3195 903 3231 ad
922 3195 1049 3231 Deum.
1081 3195 1152 3231 Sed
1179 3197 1263 3232 etsi
1281 3197 1342 3241 qui

287 3255 349 3290 alii
363 3260 447 3292 sunt
461 3255 524 3301 qui
539 3256 577 3292 in
593 3256 664 3292 hoc
681 3257 916 3293 tabernaculo
934 3257 1013 3300 Dei,
1035 3257 1203 3293 omnibus
1226 3258 1346 3303 ingre-

288 3316 472 3353 dientibus
509 3316 672 3353 scientiae
705 3322 742 3353 et
776 3317 951 3354 doctrinae
981 3318 1103 3354 lumen
1137 3318 1343 3362 ostendunt,

286 3386 414 3413 omnes
439 3377 499 3413 isti
517 3377 776 3414 candelabrum
793 3378 985 3424 mysticum
1005 3378 1247 3414 nominentur.
1273 3378 1346 3414 Alii

286 3442 371 3472 sunt
390 3447 517 3474 mensa
536 3448 641 3475 sacra
671 3439 734 3485 qui
761 3448 843 3475 cum
861 3438 998 3476 habent
1030 3449 1142 3485 panes
1161 3438 1242 3484 Dei,
1261 3438 1346 3475 reli-

234 3541 239 3551 .
285 3498 387 3534 ciunt
413 3507 455 3533 ac
484 3505 638 3545 pascunt
670 3494 1036 3536 auimas'esurientes
1049 3499 1243 3547 iustitiam.
1269 3499 1343 3536 Alii

286 3562 370 3595 sunt
389 3557 502 3595 altare
516 3559 668 3605 incensi,
687 3561 895 3607 quicunque
904 3560 1130 3598 orationibus
1144 3567 1181 3597 et
1196 3559 1344 3608 jeiuniis

287 3619 345 3656 die
367 3629 411 3657 ac
428 3626 536 3657 nocte
564 3627 695 3658 vacant
714 3621 751 3658 in
773 3622 905 3669 templo
922 3625 1072 3660 orantes
1088 3622 1168 3668 Dei,
1188 3634 1262 3660 non
1281 3633 1334 3660 so-

286 3677 362 3714 lum
381 3690 447 3726 pro
465 3682 682 3728 semetipsis,
714 3681 779 3718 sed
797 3687 835 3718 et
853 3692 920 3728 pro
937 3683 1107 3720 universo
1129 3683 1275 3730 populo.
1297 3682 1343 3719 Hi

290 3746 376 3774 vero
391 3740 522 3785 quibus
555 3752 688 3779 arcana
708 3743 883 3789 mysteria
914 3743 1071 3781 credidit
1093 3745 1205 3790 Deus,
1225 3750 1263 3783 et
1282 3756 1343 3783 oc-

713 133 755 170 B.
783 131 956 170 RABANI
977 130 1130 168 munt
1143 130 1364 171 Ancum.
1388 129 1596 170 uocum.
1623 127 1814 169 omnum
1828 99 1957 178 alins
1978 129 2008 166 1.

1646 0 1708 24 ··
1845 11 1866 22 *
2027 0 2209 46 ,nv

1598 31 1629 85 ι
1738 63 1754 74 1
1979 39 2039 103 -ε,
2084 60 2090 66 -
2432 78 2442 90 .

2063 110 2122 170 ³*
2176 105 2201 130 ‘
2379 130 2451 171 nis

2354 217 2454 245 com-

1394 266 1507 311 misit,
1537 276 1622 303 arca
1655 266 1865 314 tentamenti
1896 266 1927 302 D
1995 265 2233 313 appellentur.
2292 271 2373 311 'rso
2391 266 2454 313 qui

1394 336 1478 362 cum
1502 326 1601 362 omni
1630 325 1763 363 fiducia
1796 320 1863 373 ber
1880 324 2019 362 hostias
2050 335 2200 372 precum
2220 324 2455 372 supplicatio-

1394 396 1554 434 numque
1582 386 1748 423 victimas
1780 386 1895 423 Deum
1912 385 2122 439 hot-niuibus
2148 386 2397 432 repropitiant,
2418 390 2457 423 et

1394 456 1460 493 pro
1470 447 1611 483 delictis
1619 446 1743 494 populi
1761 446 2023 490 interveniunt,
2035 446 2327 493 propitiatorium
2339 447 2457 484 nomi-

1395 513 1541 543 nentur.
1565 506 1613 542 At
1635 506 1698 552 qui
1727 510 1942 542 meruerunt
1974 505 2242 542 multitudinem
2279 506 2455 551 scientiae,
2498 550 2503 557 Ι

1395 571 1433 601 et
1463 566 1690 602 abundantes
1717 564 1863 601 divitias
1894 566 1932 600 in
1956 565 2141 611 agnitione
2173 566 2252 609 Dei,
2280 567 2457 604 cherubin

1397 625 1549 671 intelligi
1570 629 1736 669 possunt.
1767 624 1952 661 Cherubin
1981 634 2124 670 quoque
2141 625 2178 661 in
2193 625 2316 672 lingua
2331 632 2457 664 nostra

1396 686 1586 721 nzultitudo
1621 687 1775 722 scientiae
1807 686 2080 732 interpretatur.
2119 686 2189 723 Sed
2228 689 2293 724 bos
2329 699 2457 725 omnes

1398 749 1459 794 qui
1495 759 1561 794 per
1594 748 1672 784 haec
1702 748 1843 794 singula
1879 758 1961 794 quae
1993 758 2102 794 supra
2125 755 2338 786 enumerata
2370 756 2454 787 sunt

1399 809 1648 854 designantur,
1686 809 1826 854 portari
1856 818 2005 845 necesse
2025 815 2093 853 est,
2116 815 2153 845 et
2175 811 2314 856 portari
2337 811 2373 846 in
2391 811 2458 846 hu-

1399 871 1523 906 meris.
1541 871 1642 907 Unde
1662 870 1893 914 fortassis,ut
1913 880 1980 916 ego
1998 870 2137 916 opinor,
2151 871 2267 918 angeli
2283 870 2345 916 qui
2361 870 2459 907 ordi-

1400 931 1478 966 nati
1495 935 1580 966 sunt
1608 937 1757 976 propter
1774 941 1836 967 eos
1854 930 1916 976 qui
1935 930 2185 966 haereditatem
2201 931 2348 976 capiunt
2366 930 2460 967 salu·
2515 938 2522 943 ·

1401 992 1461 1035 tis,
1482 991 1551 1037 ipsi
1587 996 1670 1027 sunt
1705 992 1765 1037 qui
1785 992 1945 1038 singulos
1963 1000 2089 1028 eorum
2121 1002 2213 1038 quos
2236 1002 2344 1038 supra
2371 992 2461 1028 dixi-

1402 1063 1496 1094 mus,
1518 1058 1678 1099 portant.
1701 1052 1790 1088 Cum
1812 1053 1908 1088 enim
1933 1052 2089 1088 solutum
2109 1051 2218 1088 suerit
2242 1053 2460 1089 tabernacu-

1353 1118 1383 1156 Β
1402 1114 1477 1149 lum
1504 1115 1588 1156 hoc,
1612 1119 1648 1149 et
1680 1113 1897 1159 coeperimus
1931 1112 2070 1158 ingredi
2107 1113 2152 1148 ad
2171 1112 2231 1148 illa
2253 1117 2391 1157 sancta,
2424 1117 2461 1148 et

1401 1184 1554 1221 pergere
1574 1174 1619 1210 ad
1636 1174 1755 1210 locum
1782 1174 2088 1220 repromissionis,
2108 1173 2220 1218 niqui
2237 1183 2323 1209 vere
2343 1173 2461 1209 sancti

1403 1241 1500 1279 sunt,
1520 1241 1556 1271 et
1574 1241 1610 1271 in
1628 1235 1771 1271 Sanctis
1787 1241 1995 1271 sanctorum
2010 1235 2202 1278 habentur,
2226 1234 2365 1280 angelis
2383 1234 2461 1270 sine

1402 1297 1511 1333 dubio
1554 1296 1850 1332 subvectantibus
1879 1296 2076 1339 incedunt,
2113 1301 2149 1331 et
2179 1305 2366 1341 usquequo
2403 1305 2462 1330 re-

1403 1358 1567 1402 quiescat
1610 1357 1883 1392 tabernaculum
1929 1357 2165 1402 deportantur
2208 1356 2245 1391 in
2283 1355 2458 1398 humeris,

1402 1418 1622 1453 extolluntur
1638 1418 1675 1452 in
1698 1417 1877 1453 manibus.
1897 1416 2000 1460 Quod
2023 1417 2248 1463 prospiciens
2276 1416 2312 1451 in
2332 1416 2460 1461 spiritu

1401 1478 1578 1523 propbeta
1597 1477 1738 1512 dicebat
1755 1489 1763 1510 ε
1783 1476 1959 1518 Quoniam
1978 1476 2110 1521 angelis
2128 1477 2201 1510 suis
2220 1476 2399 1511 vnamiavit
2419 1476 2461 1510 de

1403 1547 1449 1583 tc,
1470 1545 1507 1574 ut
1522 1540 1558 1574 in
1574 1539 1735 1573 titanibus
1754 1537 1878 1572 tollant
1897 1544 1942 1580 le,
1962 1548 2003 1572 nc
2022 1537 2110 1582 forle
2131 1537 2289 1582 offendas
2307 1537 2352 1571 ad
2370 1536 2461 1582 lapi-

1404 1603 1481 1638 dem
1509 1602 1631 1648 pedem
1666 1607 1764 1635 taam
1797 1598 1911 1646 (Psal.
1933 1599 2006 1646 xc).
2030 1598 2131 1642 Quod
2163 1598 2298 1634 dictum
2318 1598 2462 1643 quidem

1403 1662 1545 1709 putavit
1582 1661 1746 1697 diabolus
1787 1661 1830 1696 de
1872 1660 2060 1696 Salvator-e
2097 1659 2366 1706 accipiendum3
2399 1660 2463 1695 sed

1404 1729 1606 1760 excaecatus
1638 1722 1790 1765 malitia,
1824 1732 1896 1757 non
1924 1721 2100 1757 intellexit
2123 1721 2265 1766 eloquia
2292 1720 2460 1768 mystica.

1404 1786 1529 1832 Neque
1555 1786 1652 1821 enim
1686 1785 1856 1820 Salvator
1875 1791 1999 1820 noster
2031 1784 2168 1830 angelis
2196 1783 2391 1830 indigebat,
2424 1786 2464 1817 ut

1405 1861 1477 1886 non
1512 1842 1709 1885 offenderet
1746 1848 1790 1883 ad
1824 1847 1979 1894 lapidem
2010 1847 2138 1892 pedem
2166 1856 2282 1882 suum.
2323 1845 2463 1881 Calum-

1405 1913 1528 1948 niatur
1562 1910 1728 1946 diabolus
1757 1908 1985 1955 Scripturam
2020 1908 2192 1950 divinam,
2226 1907 2287 1953 qui
2321 1906 2397 1942 haec
2419 1906 2463 1941 de

1409 1972 1596 2007 Salvatore
1615 1971 1710 2006 dicta
1730 1969 1937 2016 protulerit,
1956 1977 2027 2003 non
2045 1968 2089 2003 de
2111 1967 2183 2010 illo,
2204 1966 2266 2002 sed
2282 1966 2326 2001 de
2343 1964 2462 2000 omni-

1355 2025 1384 2065 C
1406 2034 1473 2069 bus
1499 2032 1633 2067 sanctis
1651 2032 1729 2066 haec
1747 2029 1880 2066 dicitur
1900 2040 1907 2062 :
1931 2028 2022 2072 Quia
2041 2027 2177 2074 angelis
2191 2027 2266 2062 suis
2280 2025 2464 2061 mandavit

1406 2093 1502 2128 Deus
1539 2092 1685 2137 populo,
1724 2096 1765 2126 ut
1800 2100 1873 2126 non
1899 2088 2056 2125 offendat
2075 2089 2120 2124 ad
2155 2086 2311 2132 lapidem
2334 2086 2462 2130 pedem

1407 2163 1525 2188 suum.
1564 2151 1633 2187 Sed
1662 2156 1697 2186 et
1731 2151 1852 2186 omnia
1891 2160 1970 2195 quae
2007 2149 2044 2183 in
2075 2149 2143 2183 hoc
2170 2147 2308 2193 psalmo
2329 2146 2463 2191 scripta

1407 2221 1505 2256 sunt,
1522 2214 1629 2259 justis
1647 2214 1849 2259 quibusque
1869 2212 1984 2259 magis
2001 2221 2109 2258 quam
2134 2209 2313 2246 Salvatori
2334 2218 2465 2244 conve·
2522 2208 2525 2211 “

1407 2274 1522 2309 ninnt.
1539 2273 1687 2309 Liberat
1704 2274 1799 2309 enim
1814 2274 1909 2308 Deus
1927 2283 1947 2307 a
1966 2272 2083 2314 ruina,
2105 2275 2142 2306 et
2162 2269 2337 2306 daemonio
2361 2268 2467 2305 meri-

1408 2337 1516 2372 diano
1532 2347 1603 2372 non
1621 2336 1848 2372 Salvatorem
1874 2335 1990 2382 (Absit
2005 2345 2024 2369 a
2043 2333 2147 2370 nobis
2162 2333 2212 2369 ita
2231 2330 2463 2378 intelligere),

1409 2398 1470 2433 sed
1503 2408 1648 2434 omnem
1677 2397 1827 2442 justum.
1858 2396 1951 2432 Justi
1988 2396 2084 2431 enim
2117 2400 2200 2431 sunt
2219 2395 2280 2440 qui
2304 2394 2467 2439 indigent

1408 2459 1586 2505 adjutorio
1614 2458 1823 2504 angelorum
1842 2457 1919 2499 Dei,
1944 2462 1984 2492 ut
2002 2466 2072 2492 non
2089 2465 2107 2490 a
2142 2455 2362 2490 daemonibus
2382 2453 2466 2488 suh-

1408 2526 1576 2563 ruantur‚
1614 2525 1651 2555 et
1667 2529 1712 2555 ne
1735 2519 1844 2555 corda
1865 2528 1989 2554 eorum
2005 2517 2134 2564 sagitta
2150 2515 2295 2551 volante
2315 2515 2351 2549 in
2368 2519 2466 2549 tene-

1407 2583 1485 2618 bris
1506 2582 1751 2617 tenebrentur.
1774 2579 1843 2615 Per
1862 2580 1959 2625 ipsos
1979 2577 2125 2624 angelos
2141 2576 2207 2612 sub
2238 2574 2364 2610 eodem
2387 2584 2466 2619 my·

1408 2643 1518 2679 sterio
1554 2641 1687 2677 Paulus
1704 2640 1901 2686 portandos
1920 2648 2000 2674 esse
2017 2636 2195 2682 quosdam
2218 2634 2410 2670 confirmat
2429 2634 2465 2668 in

1407 2706 1564 2741 nubibus
1582 2714 1665 2740 cum
1684 2703 1772 2739 dicit
1798 2714 1806 2737 :
1831 2700 1898 2737 Sed
1922 2707 1952 2735 et
1978 2710 2040 2735 nos
2068 2699 2129 2745 qui
2154 2698 2313 2740 vivimus,
2336 2696 2396 2742 qui
2417 2706 2469 2730 re·

1408 2768 1615 2815 linquimar,
1632 2763 1737 2801 simul
1752 2775 1831 2799 cum
1845 2762 1915 2798 iltis
1932 2762 2110 2808 rapiemur
2122 2760 2160 2794 in
2173 2757 2320 2794 nubibus
2331 2756 2465 2792 obviam

1410 2828 1548 2863 Christo
1568 2828 1605 2862 in
1623 2837 1706 2862 aera
1722 2824 1758 2872 (I
1782 2824 1902 2860 Thess.
1931 2823 1997 2870 tv).
2015 2821 2218 2867 Rapiuntur
2237 2828 2324 2864 ergo
2339 2817 2385 2853 ab
2401 2828 2466 2852 an-

1410 2889 1500 2936 gelis
1524 2888 1561 2924 hi
1581 2887 1643 2934 qui
1677 2886 1820 2933 penitus
1854 2884 1998 2931 purgati
2015 2888 2052 2920 et
2069 2882 2167 2918 leves
2195 2880 2314 2918 effecti
2337 2884 2423 2916 sunt
2445 2890 2464 2915 a

1355 2934 1391 2973 D
1410 2949 1563 2986 delictis.
1603 2948 1801 2983 Portantur
1818 2957 1906 2983 vero
1933 2946 1972 2982 hi
1991 2945 2054 2992 qui
2081 2940 2262 2990 aliquibus
2278 2942 2395 2979 adhuc
2409 2951 2467 2977 re-

1410 3010 1532 3056 liquiis
1566 3017 1854 3056 praegravantur.
1885 3008 2083 3044 Portantur
2113 3015 2199 3051 ergo
2219 3010 2256 3041 et
2280 3014 2301 3040 a
2322 3003 2467 3050 quibus-

1411 3072 1493 3108 dam
1508 3071 1685 3108 columnae
1710 3071 1949 3115 tabernaculi,
1974 3076 2011 3107 et
2033 3069 2127 3106 atria
2157 3073 2362 3115 caeteraque
2385 3076 2467 3113 quae

1411 3144 1431 3168 a
1458 3133 1646 3178 Scriptura
1674 3133 1904 3175 referuntur;
1935 3136 2128 3178 portantur
2162 3134 2282 3167 autem
2313 3139 2385 3165 non
2419 3128 2466 3164 ab

1410 3194 1596 3237 Israelitis,
1615 3193 1677 3229 sed
1691 3193 1867 3236 aLevitis,
1877 3193 2076 3228 secundum
2088 3192 2185 3228 hunc
2198 3199 2344 3228 sensum
2358 3199 2466 3235 quem

1412 3254 1449 3288 in
1468 3258 1682 3289 transcursu
1712 3253 1918 3288 videbimur
1945 3253 2105 3288 breviter
2122 3251 2331 3299 contigisse,
2355 3249 2467 3286 relin-

1411 3319 1564 3360 quentes
1591 3313 1757 3366 sensibus
1777 3313 1996 3348 auditorum.
2017 3313 2063 3347 Et
2094 3313 2126 3348 si
2151 3313 2233 3358 quis
2253 3314 2297 3348 de
2315 3314 2372 3348 his
2389 3322 2467 3346 ma-

1406 3376 1487 3422 jore
1529 3375 1711 3412 desiderio
1749 3372 1971 3421 flagraverit,
2009 3373 2183 3410 accendat
2228 3373 2297 3409 sibi
2344 3373 2465 3408 lumen

1412 3437 1587 3481 scientiae,
1607 3441 1644 3473 et
1661 3434 1799 3481 maiora
1814 3435 1946 3471 horum
1965 3433 2070 3471 oculo
2095 3433 2361 3481 perspicaciore
2380 3444 2465 3469 con-

1411 3498 1525 3545 iiciat.

1809 3554 1961 3592 CAPUT
1985 3554 2059 3592 vn.

1648 3618 1700 3655 De
1718 3617 1888 3665 ejiciendo
1904 3617 2038 3664 leproso
2054 3629 2072 3654 e
2093 3619 2230 3654 castris.

1461 3679 1563 3728 (Car.
1593 3677 1647 3727 v.)
1677 3678 1896 3725 Locutusque
1914 3685 1964 3714 est
1984 3677 2156 3714 Dominus
2187 3677 2234 3714 ad
2253 3676 2396 3724 Moysen
2414 3675 2469 3711 dt·-

1413 3751 1526 3781 cens:
1561 3740 1715 3787 Proecipe
1746 3739 1829 3786 filiis
1860 3739 1987 3783 Israel,
2022 3745 2060 3775 ut
2095 3739 2239 3793 ejiciant
2264 3737 2307 3775 de
2339 3736 2466 3774 casaris

2338 3869 2398 3885 ...r

2523 3470 2540 3504 ε

2520 3505 2540 3584 Ξ

2498 3610 2513 3661 ²«
