2540 4016
92 157 162 198 665
684 158 1018 203 expostulem}
1038 158 1086 201 ffl
1107 159 1370 205 Lssvt‘ucuu-
1398 178 1442 205 -,-,·
1466 160 1552 208 talu-
1579 162 1652 208 Ἠι-
1919 183 1922 187 ’
2197 165 2267 215 διὶὒ

146 243 245 290 Tuae
261 242 443 290 placatum
453 246 558 290 germ
569 239 715 281 sabbata
730 249 795 284 ma
812 238 944 287 aeacus
958 237 1078 283 diebus
1093 247 1150 278 so-
1166 237 1203 278 A
1217 235 1432 284 patiuntur?
1456 235 1492 272 N
1494 246 1570 282 aaut
1589 242 1740 282 vestrum
1756 236 1908 283 ianae
1931 239 2071 283 aquata
2087 243 2245 280 resistere
2256 269 2267 287 2

105 298 259 348 laudini-5
275 313 362 347 sure,
381 301 520 350 quando
539 300 674 347 fueritis
692 300 730 337 in
747 305 842 339 terra
868 298 986 339 tramiti
997 324 1008 342 ,
1024 298 1150 339 sabba-

98 365 221 401 tizabit
232 370 267 402 et
278 359 458 411 requiescit
468 363 507 399 iu
523 362 673 399 sabbatis
688 359 888 400 solitudinis
900 370 989 403 suoe,
1004 370 1044 396 eo
1056 358 1149 406 quod

97 427 170 463 adn
190 426 391 474 requieverit
406 425 444 462 iu
455 423 607 462 sabbatis
623 422 744 459 vestris
751 419 1125 469 quandotabuabuis
1113 430 1151 455 tn

99 487 323 530 ea.'1'erram
335 495 415 523 esse
427 484 686 531 intelligibilem
699 483 922 529 Scripturam
935 482 999 520 Dei
1018 486 1054 517 et
1067 491 1152 519 con-

98 549 340 585 versationem
366 559 446 594 quae
471 548 508 583 in
535 547 588 583 eis
612 551 668 583 est
695 555 790 592 saepe
813 545 1053 585 ostendimus,
1087 544 1150 580 sed

98 607 304 644 ludaeorum
322 608 466 654 quidem
485 608 597 644 Vetus
612 607 894 648 Testamentum,
911 599 1070 652 gentium
1087 614 1151 640 au-

98 674 171 704 tem
203 679 283 714 quae
311 669 465 705 inimicae
495 676 577 705 sunt
605 669 751 713 Judaeis,
778 679 924 705 novum.
956 667 1047 711 Quia
1066 676 1151 713 ergo

98 728 289 764 sabbatum
305 729 530 765 vacationem
549 731 741 776 significat,
759 729 892 766 Judaeis
910 728 1067 764 maxime
1079 727 1151 763 hoc

97 798 195 825 nunc
211 788 393 836 legislator
410 789 547 825 innuit:
578 790 662 835 quia
690 789 787 825 nihil·
806 798 903 825 nunc
926 786 1151 823 invenientes

99 862 143 888 ex
162 852 239 898 lege
257 857 292 889 et
310 852 493 898 prophetis
510 852 605 898 quod
625 851 692 897 ipsi
710 850 830 886 facere
849 849 987 890 volunt,
1006 847 1070 883 sed
1089 849 1151 884 de-

99 916 238 948 structa
255 922 379 949 eorum
395 921 486 958 pene
504 912 602 947 omni
621 909 812 956 superficie
835 909 976 950 liuene,
1002 915 1150 953 propter

99 974 194 1020 quod
214 974 299 1010 facti
317 973 451 1009 suntin
469 978 564 1007 terra
584 970 814 1006 inimicorum
836 978 998 1011 suorum,
1019 967 1056 1003 id
1080 973 1147 1011 est,

97 1034 135 1069 in
159 1032 364 1078 evangelico
395 1031 650 1072 Testamento3
678 1028 762 1064 sacti
793 1034 876 1066 sunt
894 1034 1037 1072 autem,
1060 1034 1096 1065 et
1119 1028 1150 1064 si

98 1103 168 1128 non
189 1097 335 1138 sponte,
360 1096 478 1126 tamen
506 1101 550 1126 ex
576 1089 812 1131 necessitate,
843 1089 963 1134 ipsum
991 1089 1086 1124 enim
1113 1093 1150 1124 et

1217 299 1373 347 peribitis
1394 300 1485 343 inter
1495 303 1634 345 acates,
1660 303 1692 342 ,et
1713 296 1848 342 hostilis
1873 308 1934 347 ,²39⁸
1962 303 2055 343 terra
2076 309 2268 349 commupe,

1217 359 1409 403 Consumit
1427 359 1527 403 enim
1545 368 1608 396 eos
1627 356 1876 404 evangelicum
1901 357 2171 405 Testameumm
2183 388 2194 405 ,
2213 369 2269 400 ω-

1220 420 1292 458 tius
1311 429 1437 456 eorum
1457 424 1648 461 conterens
1669 417 1805 461 erroris
1824 415 2076 464 substantiam.
2094 419 2189 455 unde
2204 431 2272 463 nec

1218 480 1389 521 resistere
1407 479 1566 520 inimicis
1589 479 1687 522 suis,
1717 477 1778 524 qui
1809 477 1941 516 salvari
1965 477 2091 514 volunt
2121 487 2184 516 eos
2208 489 2273 525 per

1218 541 1341 584 fidem,
1356 545 1520 586 possunt.
1534 538 1605 576 Sed
1622 543 1659 575 et
1671 542 1824 585 pereunt
1842 538 1935 573 inter
1949 542 2086 584 gentes,
2103 537 2142 573 in
2155 537 2273 584 lapide

1219 601 1382 648 angulari
1412 600 1656 643 offendentes,
1677 603 1713 635 et
1741 609 1810 637 nec
1839 598 1930 645 legis
1947 598 2094 643 quidem
2115 597 2275 634 litteram

1218 662 1400 708 respicere
1416 660 1578 707 volentes
1592 687 1601 704 ‚
1628 665 1668 696 ut
1686 665 1769 706 pote
1789 659 1850 706 qui
1882 659 1919 694 in
1941 669 2021 695 eam
2047 667 2118 694 non
2142 658 2278 695 habent

1218 723 1401 771 fiduciam.
1423 723 1525 767 Quod
1544 728 1580 758 et
1598 723 1626 759 si
1647 722 1690 758 de
1707 722 1764 758 liis
1778 721 1890 767 aliqui
1906 721 2159 765 remanserint,
2178 721 2276 757 tabe-

1219 790 1321 821 scent
1338 785 1374 820 in
1393 783 1643 830 iniquitatibus
1660 783 1748 827 suis,
1774 782 1810 818 in
1831 787 1927 818 terra
1946 782 2174 818 inimicorum
2189 791 2274 817 suo-

1220 857 1314 882 rum.
1333 846 1546 892 Quicunque
1563 845 1660 882 enim
1680 855 1725 880 ex
1746 844 1800 880 eis
1815 843 1876 890 qui
1896 843 2063 879 conversi
2089 848 2173 879 sunt
2186 869 2194 885 ,
2217 853 2276 878 re-

1218 911 1366 942 manent
1386 911 1637 952 permanentes
1662 905 1698 940 in
1721 904 1810 949 legis
1839 904 1981 947 studio,
2009 909 2045 940 et
2069 903 2106 939 hi
2130 910 2276 950 propter

1219 972 1366 1010 peccata
1393 977 1457 1005 sua
1482 977 1562 1012 quae
1586 967 1620 1002 in
1649 972 1747 1002 terra
1778 966 2005 1002 inimicorum
2037 975 2184 1002 suorum
2201 993 2209 1008 ‚
2241 965 2278 1001 id

1219 1031 1288 1068 est,
1310 1026 1346 1061 in
1370 1026 1578 1071 evangelico
1604 1025 1836 1060 Testamento
1854 1026 2051 1061 secundum
2069 1026 2164 1070 quod
2188 1025 2279 1060 dixi2

1221 1096 1320 1130 mus,
1351 1091 1499 1132 propter
1526 1085 1851 1131 transgressionem
1881 1085 1959 1130 ejus
1988 1091 2167 1130 pereunt3
2200 1086 2277 1120 haec

98 1152 301 1188 nolentibus
321 1151 497 1187 sacrificia
521 1155 557 1186 et-
585 1149 855 1195 purificationcs
881 1160 1091 1196 azymorum
1116 1155 1152 1186 et
1170 1142 1202 1181 B
1221 1152 1307 1182 sunt
1335 1146 1432 1182 enim
1460 1146 1575 1181 modis
1602 1145 1768 1181 omnibus
1786 1150 1933 1191 peccata
1962 1155 2042 1190 quae
2062 1144 2098 1179 in
2118 1155 2161 1180 eo
2181 1155 2279 1180 com-

99 1210 639 1248 tabernaculorumfestivitates
664 1211 854 1256 etreliqua
882 1220 1023 1246 cessare
1043 1211 1148 1255 secit,

98 1275 341 1311 difficultatem
370 1275 546 1321 patientes
575 1275 612 1311 in
643 1275 912 1311 meditationem
937 1273 1014 1319 ejus
1034 1273 1150 1309 disce-

99 1335 201 1375 dunt,
218 1341 254 1371 et
273 1337 366 1371 hanc
383 1335 605 1372 vacationem
636 1346 701 1382 pro
729 1336 878 1372 sabbato
908 1334 1089 1380 suscepit,
1116 1338 1151 1370 et

98 1398 142 1434 ab
169 1398 221 1434 eis
240 1408 343 1434 sacra
371 1397 568 1443 Scriptura,
598 1397 775 1442 nimisque
795 1397 905 1432 etiam
924 1406 1031 1440 super
1051 1395 1149 1440 prio-

98 1468 178 1493 rum
197 1458 428 1493 sabbatorum
442 1458 666 1494 vacationem
681 1457 848 1504 placebit.
871 1457 940 1492 Sed
956 1456 1042 1492 cur?
1058 1455 1151 1498 Quia

99 1529 166 1552 non
185 1525 232 1553 est
247 1519 400 1563 speciosa
417 1518 493 1553 laus
508 1518 544 1553 in
560 1528 618 1552 ore
636 1518 825 1563 peccatoris
845 1516 970 1563 (Eccli.
986 1515 1061 1563 xv).
1080 1515 1151 1552 Sed

100 1578 145 1612 ait
167 1576 182 1612 :¹
204 1577 249 1612 Ec
270 1577 386 1623 quide
404 1578 495 1614 vobis
521 1578 749 1613 remanseriut
763 1604 772 1620 ,
803 1577 892 1612 dubo
922 1588 1082 1623 pavorem
1113 1577 1151 1612 in

99 1638 260 1673 cordibus
285 1649 404 1674 eorum
430 1639 464 1674 in
493 1639 689 1685 reqionibus
721 1640 898 1675 hostium:
928 1639 1068 1674 terrebit
1093 1649 1150 1675 eos

99 1699 232 1733 sonitus
261 1699 337 1744 solii
361 1699 522 1735 volantis.
550 1699 731 1746 Quotquot
758 1700 855 1736 enim
884 1711 928 1736 ex
958 1700 1011 1736 eis
1035 1700 1150 1736 relicti

99 1765 183 1794 sunt
203 1759 319 1795 adhuc
335 1761 519 1796 studentes
540 1760 762 1804 Scripturam
779 1771 919 1797 sacram
933 1787 942 1804 ,
961 1766 1094 1807 pavent
1113 1761 1151 1796 in

101 1823 197 1853 terra
216 1818 443 1853 inimicorum
455 1828 603 1862 suorum
618 1831 625 1853 2
642 1819 679 1855 in
694 1818 792 1855 Novo
810 1819 1040 1858 Testamento
1054 1820 1150 1857 sicut

100 1877 268 1913 diximus.
295 1877 437 1917 Timent
456 1878 551 1924 enim
571 1888 614 1914 ex
634 1878 800 1915 fatuitate
826 1884 862 1915 et
886 1879 995 1916 corde
1017 1887 1151 1917 caecato

98 1937 389 1972 commixtionem
408 1937 485 1982 ejus
500 1965 509 1981 ,
535 1943 571 1974 et
601 1939 825 1984 completur:
854 1939 934 1975 Illic
958 1940 1151 1986 trepidave-

98 2002 178 2032 runt
206 1997 328 2032 timore
354 1996 411 2033 ubi
430 2008 498 2032 non
514 2003 589 2033 erat
614 1998 720 2033 timor
739 1996 853 2045 (Psal.
878 1998 974 2046 xiii).
997 1999 1150 2045 Propter

97 2059 193 2103 quod
209 2063 244 2094 et
261 2058 442 2102 admirans
460 2058 644 2106 legislator
663 2060 714 2094 ait
730 2071 737 2094 ε
768 2059 922 2096 Terrebit
938 2071 995 2096 eos
1014 2062 1149 2098 sonitus
1187 2063 1190 2066 ’

100 2117 175 2163 folii
191 2118 352 2165 volantis,
372 2118 509 2162 solium,
537 2119 626 2165 legis
645 2119 803 2156 litteram
821 2121 1017 2167 appellans.
1037 2121 1150 2167 Hujus

99 2177 194 2211 enim
216 2178 354 2213 sonitus
372 2187 435 2214 eos
455 2179 704 2224 persequitur,
732 2185 769 2215 et
793 2181 957 2218 timorem
987 2188 1151 2219 nostrum

100 2237 152 2273 eis
167 2237 312 2274 indicit:
329 2238 425 2285 quia,
444 2239 544 2275 verbi
563 2240 692 2286 gratia,
708 2241 858 2277 audiunt
875 2244 1150 2280 custodiendum

100 2298 193 2334 diem
211 2300 365 2343 sabbati,
382 2300 506 2336 vident
521 2307 641 2337 autem
656 2312 722 2338 nos
738 2302 827 2338 nihil
847 2303 891 2339 de
907 2305 1033 2340 eodem
1049 2316 1151 2342 man-

99 2360 182 2396 dato
200 2359 417 2406 despicabile
440 2371 566 2409 sapere
583 2389 593 2407 ,
623 2373 740 2409 neque
772 2368 955 2401 terrenum
985 2376 1101 2412 neque
1131 2377 1150 2401 a

98 2421 239 2466 cultura
255 2427 372 2466 terrae,
393 2423 455 2459 sed
471 2433 494 2460 a
509 2423 603 2465 mala
621 2425 762 2460 actione
779 2426 1003 2462 vacationem
1019 2427 1152 2464 ducen-

99 2485 165 2524 tes,
185 2480 369 2519 offendunt
385 2483 422 2519 in
440 2483 544 2525 nobis
563 2489 598 2520 et
621 2485 847 2522 commisceri
869 2487 974 2522 nobis
994 2486 1149 2533 fugiunt.

100 2540 239 2588 Folium
271 2547 394 2579 autem
426 2549 525 2582 recte
557 2545 647 2591 legis
677 2546 798 2582 littera
832 2547 1030 2593 accipitur:
1066 2548 1152 2593 quia

99 2603 401 2648 quemadmodum
430 2604 601 2652 arborum
626 2604 766 2647 fructus
796 2606 891 2643 soliis
923 2607 1071 2653 tegitur,
1099 2608 1152 2644 sic

99 2664 164 2709 sub
181 2663 269 2710 legis
293 2663 414 2701 littera
443 2664 590 2712 spiritus
615 2665 861 2702 absconditur.
880 2667 1032 2714 Propter
1056 2668 1152 2715 quod

98 2733 163 2768 nus
182 2724 225 2765 de
240 2723 370 2770 quihus
384 2724 520 2774 dictum
539 2730 595 2775 est
611 2738 620 2762 2
649 2725 691 2763 Si
713 2727 980 2766 vindemiatores
1005 2729 1151 2775 inpressi

97 2783 243 2830 fuissent
263 2785 300 2821 in
311 2792 359 2828 te,
378 2785 496 2827 saltim
517 2785 735 2837 reliquissent
755 2799 931 2824 racemum
962 2790 1022 2825 tibi
1044 2789 1148 2838 (Aba.

99 2845 154 2892 ιιι)
166 2858 175 2889 ;
194 2847 370 2884 nudamus
379 2846 506 2896 folium
515 2847 658 2897 litterae,
668 2855 708 2886 ut
722 2850 877 2898 fructum
890 2852 1036 2898 spiritus
1052 2853 1150 2897 inve-

98 2907 261 2954 niamus;
282 2907 461 2945 hiantem
489 2908 552 2955 qui
583 2909 653 2946 hoc
677 2909 846 2957 ignorant
873 2911 967 2948 sicut
984 2912 1151 2950 inimicos

99 2978 164 3006 nos
183 2969 329 3013 habent,
351 2974 388 3005 et
403 2967 544 3016 rugiunt
569 2980 649 3014 nos,
673 2971 766 3007 sieut
789 2972 850 3018 qui
864 2971 956 3019 sugit
970 2973 1147 3018 gladium:

100 3027 146 3062 Et
174 3028 297 3064 cadent
324 3028 423 3066 nullo
447 3037 686 3078 persequente.
717 3031 842 3080 Neque
867 3034 963 3070 enim
993 3045 1061 3082 nos
1089 3046 1151 3080 eos

98 3090 362 3138 persequinmr‚
373 3091 436 3127 sed
450 3101 495 3128 ex
508 3092 564 3138 sui
581 3093 702 3140 cordis
715 3093 847 3132 duritia
863 3097 1150 3142 persecutionem

99 3148 296 3197 patiuntur.
315 3147 408 3195 Nam
421 3150 503 3189 vide
517 3151 605 3198 quid
623 3152 783 3190 subdidit
800 3165 808 3189 :
835 3153 882 3191 Et
901 3162 1062 3202 corruent
1077 3158 1150 3194 siu-

98 3210 170 3257 quli
186 3222 290 3258 auger
307 3211 434 3259 fratres
450 3225 547 3259 suos,
566 3216 669 3262 quasi
689 3215 779 3259 bella
794 3217 978 3264 suqientes.
999 3218 1150 3264 Quando

97 3270 193 3318 enim
208 3281 289 3315 euin
302 3271 355 3309 eis
368 3272 565 3322 loquimur,
575 3279 612 3312 et
623 3274 712 3323 legis
724 3277 1054 3326 prophetarumque
1068 3290 1152 3318 con-

92 3335 155 3381 tra
167 3341 229 3380 eps
245 3333 452 3380 testimonia
465 3335 509 3378 de
523 3334 669 3385 Christo
685 3341 722 3374 et
736 3338 953 3386 evangelicis
967 3341 1150 3388 mysteriis

96 3391 329 3441 eraserimus,
347 3395 572 3443 coarctati-hi
587 3397 732 3445 auidam
745 3398 834 3444 hocs
855 3399 906 3436 nu
925 3406 1046 3450 autam
1063 3401 1151 3438 i¹¹¹1d

92 3450 235 3501 disput,
258 3459 296 3502 et
314 3455 561 3504 unusquisque
580 3466 689 3506 super
707 3457 859 3503 fratrem
879 3459 979 3505 ruit;
1006 3460 1150 3505 infirma

87 3511 195 3564 &1¹¹
209 3525 337 3563 omues
351 3518 495 3565 dicunt,
513 3524 552 3565 et
572 3520 771 3567 consistere
794 3527 942 3570 propter
958 3523 1028 3561 hoc
1041 3523 1079 3561 in
1097 3524 1149 3560 al-

91 3576 212 3631 mis
222 3586 297 3623 non
314 3577 436 3624 valent
450 3578 587 3625 verbis,
604 3584 644 3618 et
656 3580 918 3627 conturbantur
931 3583 1034 3629 quasi
1053 3583 1149 3621 bella

346 3648 388 3683 o
405 3645 664 3687 persequente,
689 3651 758 3680 nos
786 3648 907 3680 autem
927 3653 999 3680 non
1024 3654 1149 3691 perse-

341 3708 417 3742 nec
430 3705 472 3738 nt
483 3710 694 3749 noceamus,
705 3702 772 3741 sed
782 3709 824 3741 ut
834 3702 1017 3751 iuvemus,
1039 3710 1147 3752 atque

97 3758 143 3798 fit
156 3753 412 3806 mmm
424 3759 686 3816 mmm
678 3772 763 3810 cum
775 3763 842 3811 §tn-
852 3763 947 3814 Quid
958 3774 1067 3814 ergo
1058 3765 1145 3842 hinc

1220 1207 1413 1243 mittuntur
1430 1218 1437 1241 :
1463 1205 1509 1241 Et
1525 1213 1665 1252 propter
1683 1212 1823 1252 peccatu
1839 1216 1904 1240 sua
1924 1211 1954 1240 et
1979 1210 2118 1251 propter
2138 1211 2278 1251 peccata

1218 1272 1358 1314 patrum
1374 1277 1517 1301 suorum
1539 1267 1621 1312 quia
1650 1266 1871 1312 praevaricati
1900 1271 1980 1300 sunt
1998 1271 2029 1300 et
2050 1265 2278 1311 despexerunt

1219 1340 1285 1364 me.
1309 1328 1359 1363 Ea
1384 1328 1480 1362 enim
1499 1338 1579 1373 quae
1600 1338 1696 1363 nunc
1714 1327 1766 1362 cis
1794 1331 1993 1362 evenerunt
2008 1353 2016 1368 ,
2037 1330 2178 1371 patrum
2199 1336 2274 1371 pcc-

1219 1389 1310 1425 catis
1329 1388 1543 1436 ascribunt;
1568 1394 1717 1434 propter
1735 1387 1829 1433 quod
1855 1393 1892 1423 et
1922 1388 2106 1423 tabescent
2138 1386 2173 1421 in
2203 1387 2277 1427 cis,

1217 1461 1284 1498 pro
1311 1451 1364 1486 cis
1388 1450 1602 1486 confitentes
1617 1475 1626 1491 ‚
1654 1448 1737 1493 quia
1757 1447 1984 1493 praevaricati
2005 1451 2088 1482 sunt
2107 1447 2219 1482 Deum
2240 1446 2276 1481 in

1219 1515 1442 1560 temporibus
1461 1513 1717 1556 anterioribus,
1746 1522 1818 1548 non
1848 1512 1943 1548 bona
1966 1512 2035 1547 hoc
2062 1516 2196 1553 mente,
2218 1510 2280 1545 scd

1219 1575 1313 1611 mala
1334 1574 1520 1615 facientes,
1545 1578 1584 1608 ut
1603 1583 1747 1619 poenam
1765 1582 1844 1618 quae
1867 1582 1974 1617 super
1995 1581 2057 1607 eos
2076 1571 2176 1606 venit
2194 1580 2278 1616 pro-

1218 1642 1299 1682 pter
1319 1634 1545 1679 iniquitatem
1566 1643 1674 1679 quam
1692 1633 1727 1667 in
1746 1631 1891 1667 Christo
1910 1631 2170 1667 commiserunt
2190 1630 2281 1665 mol—

1219 1696 1308 1732 liant
1326 1709 1332 1731 :
1355 1706 1439 1731 nam
1458 1695 1587 1730 insert:
1612 1695 1655 1730 Et
1670 1693 1934 1730 (witbulaverunt
1953 1704 1995 1729 ex
2011 1692 2154 1728 adverso
2170 1692 2254 1727 mihi
2268 1704 2279 1728 .-

1219 1756 1405 1792 ambulabo
1423 1762 1453 1791 et
1471 1766 1531 1802 eqo
1548 1761 1667 1790 contra
1683 1766 1753 1798 eos,
1770 1760 1802 1790 et
1822 1754 1984 1790 inducam
2004 1752 2081 1788 illos
2096 1753 2132 1788 in
2147 1759 2276 1787 terram

1219 1818 1393 1855 hostilem.
1425 1816 1733 1860 Quemadmodum
1763 1816 1858 1852 enim
1888 1805 1938 1850 illi
1969 1819 2135 1861 reputant
2168 1814 2280 1848 Deum

1219 1879 1484 1916 circumvenire
1503 1889 1547 1914 ex
1565 1879 1716 1922 adverso
1742 1878 1774 1913 ei
1794 1877 2041 1919 ambulantes,
2073 1880 2109 1911 et
2126 1875 2195 1910 alia
2216 1884 2282 1920 pro

1220 1940 1300 1977 aliis
1329 1940 1687 1986 interpretationibus
1715 1939 1803 1985 legis
1835 1944 1872 1974 et
1901 1939 2179 1984 prophetarum,
2202 1946 2282 1982 quae

1221 2003 1437 2040 confirmant
1472 2002 1607 2038 Christi
1640 2002 1853 2049 mysterium
1887 2002 2050 2043 dicentes
2064 2028 2073 2044 ‚
2104 2001 2199 2046 quod
2228 2005 2282 2036 est

1222 2064 1492 2102 adversantium
1522 2063 1729 2110 proprium,
1756 2062 1809 2098 sic
1825 2067 1862 2098 et
1880 2062 1956 2107 ipse
1977 2061 2175 2102 ambulabit
2199 2070 2282 2096 cum

1221 2124 1274 2161 eis
1293 2125 1482 2168 adversus,
1504 2129 1540 2160 et
1560 2123 1705 2160 inducet
1725 2132 1788 2159 eos
1813 2122 1849 2158 in
1880 2127 2014 2159 terram
2043 2121 2225 2164 hostilem,
2248 2121 2284 2156 id

1221 2191 1291 2229 est,
1310 2187 1346 2222 in
1363 2185 1558 2232 Evangelio
1576 2185 1671 2231 quod
1686 2185 1853 2231 gentibus
1871 2183 1982 2227 dedit,
1999 2193 2043 2219 ex
2058 2179 2129 2229 quo
2145 2183 2284 2218 duobus

1221 2247 1339 2284 modis
1367 2252 1542 2295 pereunt:
1568 2246 1746 2292 primum,
1780 2244 1865 2291 quia
1897 2243 2083 2280 Judaicam
2103 2242 2284 2288 justitiam

1223 2307 1394 2349 destruit3
1418 2306 1547 2342 deinde
1567 2306 1652 2351 quia
1670 2305 1763 2350 apud
1782 2309 1908 2350 gentes
1927 2310 1995 2346 est,
2014 2303 2144 2349 quibus
2162 2303 2282 2339 {emuli

1221 2371 1320 2409 sunt,
1343 2371 1378 2402 et
1398 2365 1623 2402 contentioso
1641 2365 1812 2400 adversus
1833 2374 1896 2399 eas
1915 2363 2036 2398 animo
2056 2362 2187 2397 salvari
2208 2372 2281 2397 non

1221 2426 1359 2469 volunt,
1380 2425 1427 2461 ita
1443 2430 1483 2460 ut
1506 2425 1600 2460 Deus
1619 2434 1683 2470 per
1704 2423 1847 2470 Moysen
1869 2423 2029 2459 diceret:
2060 2423 2114 2458 Ad
2136 2423 2282 2459 mirtula-

1222 2487 1350 2522 tioaem
1379 2496 1439 2521 vos
1472 2486 1645 2521 adducam
1675 2486 1709 2521 in
1741 2497 1809 2521 ηοη
1839 2491 1971 2532 flentem
2006 2485 2124 2532 (Deut.
2154 2485 2279 2532 lix-xi),

1220 2548 1354 2585 Paulus
1379 2553 1525 2587 autem:
1554 2547 1756 2596 Secundum
1790 2545 2020 2593 Evanqelium
2046 2546 2186 2593 quidem
2212 2546 2281 2582 ini-

1221 2610 1302 2645 mici
1314 2615 1458 2661 *propter
1478 2619 1536 2645 vos
1554 2607 1655 2656 (Rom
1676 2607 1736 2654 x):
1762 2608 1806 2644 Et
1827 2618 1974 2644 rursus:
1997 2607 2096 2654 Sicut
2115 2608 2206 2643 enim
2219 2618 2279 2643 vos

1221 2682 1300 2707 cum
1320 2670 1453 2709 inimici
1476 2670 1606 2712 essetis,
1636 2669 1849 2706 reconciliati
1867 2669 1948 2704 estis
1969 2668 2043 2703 Deo
2071 2667 2195 2715 (Rom.
2218 2679 2275 2711 ’113

1221 2731 1326 2768 Rom.
1339 2731 1389 2779 v),
1402 2731 1454 2768 sic
1464 2731 1546 2767 ethi
1561 2741 1734 2767 nuncnon
1746 2730 2020 2767 credideruntin
2030 2735 2151 2774 vestra
2166 2730 2276 2767 misc-

1222 2793 1402 2829 ricordia:
1433 2792 1528 2828 Tunc
1548 2792 1722 2828 erubescet
1743 2792 1989 2837 incircumcisa
2011 2802 2108 2835 mens
2133 2803 2251 2827 eorum
2267 2819 2276 2835 ‚

1221 2859 1252 2889 et
1270 2859 1352 2891 tuuc
1369 2853 1518 2889 orabunt
1537 2864 1599 2900 pro
1620 2852 1862 2900 iniquitatibus
1883 2854 1976 2896 suis,·
2002 2853 2076 2889 sive
2098 2859 2137 2889 ut
2157 2852 2274 2888 LXX:

1221 2914 1269 2950 Et
1286 2919 1426 2962 peccata
1448 2925 1511 2949 sua
1532 2913 1660 2960 placita
1680 2913 1874 2956 habebunt,
1899 2914 1933 2949 id
1953 2919 2021 2955 est,
2042 2923 2167 2960 poenas
2188 2922 2277 2959 quas

1221 2974 1408 3026 patiuntur
1423 2984 1489 3020 pro
1507 2974 1678 3020 peccatis.
1706 2972 1767 3010 Sic
1782 2974 1878 3016 enim
1898 2974 1991 3022 quod
2012 2973 2148 3009 dictum
2168 2979 2222 3009 est
2242 2974 2276 3008 in

1219 3030 1316 3074 osea
1336 3035 1589 3082 intelligimus:
1608 3034 1758 3070 Peccata
1772 3034 1890 3082 populi
1903 3035 1970 3070 mei
1984 3034 2160 3070 comedent
2178 3032 2274 3080 (Osc.

1222 3097 1294 3145 ry).
1317 3097 1407 3146 Quid
1426 3102 1545 3133 autem
1574 3097 1642 3133 hoc
1662 3096 1722 3146 sit,
1742 3095 1779 3134 in
1797 3094 2096 3140 subsequentibus
2124 3093 2274 3128 manife-

1220 3157 1354 3207 stayit:
1379 3156 1425 3202 Et
1445 3157 1490 3192 ad
1517 3157 1735 3204 iniquitatem
1754 3166 1876 3201 eorum
1895 3154 2121 3190 sublevabunt
2138 3151 2274 3187 animas

1221 3229 1355 3258 eorum.
1377 3217 1471 3266 Ergo
1486 3223 1635 3264 peecata
1659 3215 1777 3267 populi
1804 3214 2014 3255 comedere,
2046 3217 2102 3261 est
2129 3221 2194 3258 pro
2221 3212 2273 3248 eis

1218 3291 1345 3335 poenas
1364 3280 1568 3329 sustinere;
1595 3279 1773 3324 dignaque
1794 3286 1833 3311 se
1851 3274 1923 3321 pati
1944 3271 2102 3319 peccatis
2118 3271 2192 3309 suis
2214 3272 2270 3307 di-

1218 3348 1315 3392 cent,
1334 3347 1370 3379 et
1386 3341 1414 3379 si
1434 3340 1597 3387 quaedam
1612 3344 1759 3384 peccata
1778 3346 1843 3403 sua
1859 3333 2087 3384 confitentur,
2106 3315 2270 3385 quaedam

1217 3462 1358 3510 {oederis
1372 3461 1466 3508 quod
1485 3460 1598 3506 pepiqi
1615 3469 1692 3494 cum
1706 3456 1830 3498 Jacob
1846 3460 1879 3492 et
1894 3454 2014 3506 Isaac,
2029 3460 2062 3507 et
2074 3424 2268 3495 Abraham.

1220 3521 1330 3567 Cujus
1347 3521 1400 3557 rei
1416 3519 1546 3566 gratia,
1566 3528 1635 3558 non
1654 3498 1850 3565 secundum
1868 3500 2035 3566 ordinem
2046 3505 2219 3566 temporis
2233 3519 2270 3550 et

1218 3580 1374 3630 generis,
1391 3578 1574 3616 Abraham
1592 3576 1712 3623 coepit,
1739 3575 1802 3615 sed
1827 3574 1964 3619 Jacob;
1992 3574 2047 3611 vel
2062 3574 2154 3611 sicut
2171 3570 2269 3617 Lxx

1218 3652 1291 3678 non
1308 3641 1431 3678 dicunt
1448 3643 1700 3675 testamentum
1713 3635 1839 3680 Jacob,
1853 3641 1890 3673 et
1904 3635 2004 3673 Isaac
2019 3641 2056 3673 et
2068 3635 2266 3679 Abraham,

1217 3702 1277 3739 sed
1307 3699 1502 3737 testamenti
1527 3697 1661 3742 Jacob,
1681 3703 1714 3734 et
1733 3696 1927 3734 testamenti
1945 3695 2075 3743 Isaac,
2105 3702 2140 3735 et
2164 3701 2270 3734 testa«

1218 3762 1323 3805 menti
1337 3759 1536 3815 Αὸνςςὶςᾳῃκ
1551 3759 1622 3815 tria
1638 3757 1903 3817 quodammodo
1921 3762 2140 3818 testamenta
2165 3755 2267 3800 inve-

2466 248 2533 303 d·
