2540 4016
309 211 379 253 w

722 207 772 253 [B.
799 205 971 243 annam
993 204 1140 245 naum
1162 204 1377 244 Ancmer.
1406 197 1613 247 uocem.
1639 200 1831 251 oenum
1851 214 1971 254 PAns
1996 217 2023 253 1.

2399 224 2469 266 508

306 288 454 324 sanetus¹
466 289 577 319 unum
595 285 652 319 est
671 286 755 316 cum
773 280 931 318 Christo.
950 282 1002 318 De
1016 290 1088 328 quo
1108 278 1244 318 dictum
1263 284 1319 316 est
1336 291 1344 315 :
1364 281 1402 320 A
1417 290 1501 317 num
1540 285 1608 320 erit
1643 286 1681 322 in
1717 290 1851 326 canem
1886 288 2098 328 habitaculis
2125 296 2162 328 et
2194 291 2472 341 aerteraettontbas

302 346 395 381 Ecce
411 352 521 390 aquus
542 343 618 386 Dei,
640 351 716 378 ecce
734 341 797 387 qui
815 341 905 377 tollit
921 348 1062 389 peccata
1078 341 1214 376 mundi.
1249 340 1349 378 nude

300 414 406 442 nemo
434 407 553 451 potest
577 402 706 444 dicere,
727 399 888 437 Christus
912 400 1030 446 Iesus,
1060 402 1128 437 nisi
1147 402 1185 437 in
1211 401 1347 449 Spiritu

298 471 417 501 sancto
443 464 479 512 (Ι
497 463 576 499 Cor.
594 461 674 508 xu).
702 460 798 507 Ergo
818 470 890 497 non
917 466 1019 497 extra
1049 461 1242 507 rationem,
1264 473 1347 500 cum

297 529 431 570 septem
451 522 552 569 agnis
570 521 720 557 vitulum
738 531 782 557 ex
802 528 980 567 armento,
1002 531 1162 570 praesens
1183 525 1346 562 continet

295 582 439 624 oblatio,
460 580 525 617 sed
553 580 737 616 evidenter
767 580 949 627 significat
977 582 1078 619 illum
1103 593 1148 620 ex
1180 589 1345 621 armento

296 643 489 685 Abraham,
519 641 632 684 lsaac,
663 645 699 676 et
719 639 831 676 Jacob
857 646 893 677 et
912 642 1027 678 David
1048 645 1246 681 secundum
1264 656 1345 682 car-

295 717 377 742 nem
403 705 535 742 factum
566 716 574 739 :
598 703 680 740 huic
701 703 834 739 arietes
861 703 951 740 duos
975 704 1229 743 immaculatos
1255 717 1342 743 con-

290 767 423 812 junxit,
449 764 659 802 excellentia
689 764 859 800 mandata
881 771 916 800 et
933 764 1103 810 virtutes,
1126 777 1216 813 quas
1238 768 1341 813 sequi

294 827 381 863 alias
397 825 492 863 velut
511 835 593 861 oves
610 829 763 870 oportet.
784 824 823 859 In
845 825 901 862 his
915 827 1027 870 enim,
1047 834 1087 863 ut
1110 834 1197 874 pote>
1211 829 1344 865 intelli-

293 886 433 932 gibilem
455 884 638 920 inimicum
658 884 917 922 ventilantibus
943 888 1129 924 munimen
1149 894 1185 924 et
1205 890 1343 926 indem-

291 948 438 984 nitatem
457 946 599 982 habent.
618 946 704 990 Quae
729 953 812 983 sunt
831 953 952 984 autem
973 949 1073 986 haec?
1093 949 1135 987 Si
1160 951 1210 987 vis
1229 952 1343 998 perse-

290 1013 363 1042 ctus
379 1017 462 1050 esse,
482 1007 580 1050 vade,
605 1007 711 1043 vende
730 1009 847 1044 omnia
874 1020 951 1055 quoe
972 1010 1077 1046 habes
1098 1017 1131 1047 et
1151 1012 1197 1046 da
1214 1023 1342 1059 paupe-

290 1065 438 1111 peribus,
456 1071 488 1101 et
506 1067 598 1111 veni,
617 1078 757 1114 sequere
776 1079 831 1104 me
850 1067 995 1116 (Marta.
1015 1071 1106 1118 xix).

333 1125 526 1162 Maximum
542 1128 674 1174 quippe
694 1130 903 1165 mandatum
924 1136 980 1167 est
998 1133 1156 1169 vendere
1176 1144 1255 1179 quae
1276 1135 1340 1170 ha-

286 1252 391 1291 stam,
410 1254 450 1283 ut
477 1258 559 1285 cum
588 1250 757 1296 despectu
778 1253 963 1298 quippiam
985 1255 1206 1300 possidendi,
1230 1257 1340 1293 etiam

286 1308 404 1344 omnia
425 1319 531 1355 agere
557 1311 755 1347 secundum
781 1313 1003 1349 voluntatem
1037 1315 1178 1351 Domini
1197 1319 1340 1354 studea-

287 1378 391 1404 mus:
410 1369 479 1405 hoc
496 1374 552 1406 est
572 1371 667 1406 enim
692 1381 773 1407 eum
794 1373 909 1418 sequi.
944 1372 1027 1410 Haec
1052 1385 1139 1422 ergo
1169 1377 1339 1413 mandata

285 1433 324 1463 ut
347 1434 428 1474 pote
457 1437 602 1477 propter
638 1431 906 1468 immaculatam
935 1434 1045 1469 vitam
1074 1441 1110 1470 et
1138 1435 1339 1481 perfectam

286 1490 499 1534 constituta,
530 1491 661 1527 arietes
680 1492 928 1538 appellantur,
958 1494 1043 1539 quia
1072 1495 1205 1532 arietes
1241 1497 1339 1532 omni

284 1549 379 1594 gregi
395 1549 667 1587 excellentiores
685 1558 780 1587 sunt.
798 1552 931 1588 Horum
951 1554 1129 1590 sacrificia
1145 1560 1181 1590 et
1198 1555 1336 1600 libatio,

288 1608 446 1644 scientiae
472 1610 637 1646 videlicet
669 1617 704 1646 et
731 1613 921 1655 correctio,
950 1614 1040 1649 odor
1069 1615 1258 1651 suavitatis
1282 1622 1339 1652 est

288 1666 439 1702 Domino
456 1668 521 1711 illi,
539 1669 582 1704 de
600 1679 670 1714 quo
687 1669 819 1706 Paulus
840 1672 981 1707 dicebat
1000 1685 1007 1707 :
1025 1672 1099 1707 Deo
1118 1679 1235 1708 autem
1255 1685 1337 1720 yra-

287 1724 355 1759 tias
384 1726 442 1770 qui
471 1737 605 1772 semper
627 1739 688 1763 nos
721 1730 910 1776 triumphat
943 1733 979 1767 in
1007 1732 1143 1768 Christo
1171 1733 1279 1777 Jesu,
1306 1741 1338 1770 et

288 1785 428 1822 odorem
448 1788 600 1824 scientiae
619 1800 691 1826 suoe
708 1791 908 1837 manifestat
927 1805 988 1840 per
1010 1805 1085 1838 nos,
1105 1797 1186 1842 quia
1209 1795 1338 1832 Christi

288 1845 396 1882 bonus
409 1848 495 1883 odor
507 1859 626 1886 sumas
637 1851 694 1898 (ΙΙ
707 1850 787 1887 Cor.
800 1853 853 1900 ιι).
868 1855 1122 1891 Verumtamen
1138 1867 1209 1892 non
1225 1867 1338 1903 usque

287 1906 332 1942 ad
342 1907 642 1946 haecohlationem
656 1911 885 1950 Pentecostes
899 1917 1083 1951 constituit
1095 1928 1102 1950 ε
1116 1916 1204 1952 dicit
1218 1924 1337 1953 autem

288 1970 324 2001 et
350 1967 508 2014 reliqua,
536 1971 619 2015 quia
652 1973 808 2009 maxime
835 1974 996 2018 spiritui,
1031 1975 1132 2020 cujus
1166 1978 1336 2021 praedicta

284 2024 458 2064 festivitas
482 2034 550 2073 est,
570 2032 745 2075 perfectio
764 2035 947 2078 competit.
969 2035 1061 2078 Quid
1084 2046 1170 2081 ergo
1191 2038 1263 2073 ait?
1282 2039 1336 2084 fa-

1417 344 1551 379 vestris.

1463 402 1556 448 Quid
1585 414 1673 452 ergo
1691 406 1729 443 in
1751 413 1794 443 ea
1819 410 1887 454 est,
1912 411 2010 457 quoa
2037 410 2075 447 in
2099 410 2156 448 his
2176 406 2354 451 exceliat
2380 403 2472 454 cene

1414 465 1510 501 enim
1541 471 1579 503 et
1605 467 1696 504 alios
1726 469 1804 506 dies
1834 476 1978 508 sanctos
1999 473 2170 520 appellat,
2195 475 2259 512 sed
2279 476 2380 512 etde
2402 477 2473 513 hoc

1413 528 1570 574 primum
1588 529 1727 576 inquit:
1753 530 1801 567 Et
1829 533 2047 579 appetlabitis
2066 535 2159 572 hunc
2174 537 2266 573 diem
2293 537 2474 574 celeberri-

1412 596 1530 630 mum;
1559 593 1698 634 etpost
1727 590 1822 627 hoe:
1850 589 1964 638 Atque
1992 594 2273 640 sanctissimum,
2302 602 2344 633 ut
2367 597 2404 634 in
2428 609 2471 636 eo

1412 655 1666 693 cognosceres,
1696 649 1782 695 quid
1808 655 1844 687 et
1867 660 1949 688 cum
1981 652 2063 690 aliis
2092 661 2296 702 commune,
2324 662 2361 695 et
2385 659 2470 706 quid
2501 685 2508 690 -

1412 708 1449 743 in
1470 718 1508 744 se
1527 709 1711 756 proprium
1730 711 1883 748 haberet
1902 724 1911 748 ε
1936 713 1973 748 in
1991 714 2071 760 ipso
2096 716 2193 752 enim
2223 718 2384 765 gentium
2405 729 2469 757 vo-

1412 770 1589 806 cationem
1610 781 1680 808 non
1705 772 1895 818 praedicari
1921 774 2053 820 solum,
2083 777 2146 813 sed
2171 783 2207 814 et
2229 781 2373 825 operari
2393 790 2469 817 coe-

1410 830 1477 876 pit,
1495 831 1637 877 quando
1657 831 1799 870 Parthi.
1813 839 1846 869 et
1865 833 1975 879 Medi,
1991 842 2023 871 et
2044 835 2223 882 Elamitoe‚
2243 845 2276 874 et
2293 841 2352 886 qui
2370 841 2470 876 habi-

1410 881 1485 927 tant
1518 892 1829 939 Mesopotamiam,
1861 895 2026 932 Judoeam
2046 904 2078 933 et
2101 897 2358 946 Pamphiliam,
2390 910 2471 936 om-

1410 963 1546 998 nesque
1571 953 1719 1001 reliquae
1739 961 1864 1002 gentes
1885 967 1975 1003 quas
1992 958 2109 995 Lucas
2129 959 2381 1006 dinumeravit,
2404 973 2470 998 aa-

1409 1012 1484 1048 dire
1516 1014 1690 1059 apostolos
1720 1015 1848 1062 linquis
1878 1019 1951 1053 suis
1989 1019 2167 1065 maqnalia
2194 1019 2259 1055 Dei
2293 1020 2469 1067 loquentes

1410 1072 1502 1119 (Act.
1526 1074 1599 1122 ιι),
1629 1075 1940 1123 praedicantesque
1973 1084 2172 1123 coeperunt.
2205 1079 2351 1115 Nullum
2381 1091 2468 1127 ergo

2528 1056 2540 1110 l

1409 1143 1498 1179 opus
1528 1135 1658 1171 servile
1684 1136 1720 1171 in
1747 1136 1808 1172 illo
1835 1137 1892 1174 die
1919 1137 2108 1181 faciamus,
2129 1138 2166 1175 id
2195 1145 2271 1183 est,
2299 1141 2394 1186 quod
2424 1142 2470 1177 ad
2532 1134 2540 1163 J

286 1186 346 1222 het
364 1192 398 1222 ct
415 1186 500 1223 dare
518 1188 757 1234 pauperibus;
776 1191 975 1227 maximum
995 1193 1103 1228 etiam
1124 1195 1225 1241 sequi
1241 1195 1342 1231 Chri-
1363 1183 1394 1222 Β
1413 1195 1624 1231 servitutem
1659 1198 1816 1242 pertinet
1846 1211 1854 1233 :
1882 1198 1945 1235 sed
1974 1199 2175 1245 legitimum
2208 1202 2468 1247 sempiternum
2536 1215 2540 1221 ²

1409 1252 1446 1290 in
1481 1256 1622 1292 cunctis
1661 1257 1873 1294 habitaculis
1910 1264 1947 1295 et
1974 1261 2283 1309 ⁸generationibus
2331 1263 2464 1299 nostris

1410 1325 1616 1360 servemus,
1660 1318 1750 1354 nihil
1788 1321 1918 1357 servile
1955 1322 2176 1368 operandum
2218 1323 2254 1359 in
2290 1330 2466 1370 tempore,

1409 1385 1480 1421 quo
1504 1377 1549 1413 ad
1578 1388 1644 1414 nos
1672 1379 1769 1415 venit
1807 1380 1962 1427 Spiritus
1985 1394 1992 1418 :
2017 1383 2106 1427 Quia
2137 1384 2195 1418 ubi
2225 1385 2367 1430 spiritus
2388 1385 2462 1422 Do-

1409 1436 1514 1479 mini,
1535 1438 1583 1472 ibi
1608 1438 1748 1476 libertas
1764 1467 1774 1484 ‚
1797 1442 1891 1477 sicut
1915 1442 2048 1480 Paulus
2065 1444 2191 1481 scribit
2213 1445 2271 1491 (11
2291 1444 2371 1482 Cor.
2394 1447 2463 1495 ιιι).

1412 1496 1611 1543 Sequitur:

1456 1557 1649 1606 Postquam
1667 1566 1782 1597 autem
1801 1564 2012 1600 messueritis
2038 1571 2184 1611 seqetem
2212 1571 2314 1603 terroe
2331 1574 2464 1613 vestrae,

1410 1629 1479 1654 non
1504 1620 1664 1657 secabitis
1692 1633 1768 1657 eam
1799 1634 1906 1670 usque
1937 1625 1982 1659 ad
2002 1624 2131 1669 solum,
2157 1636 2218 1662 nec
2251 1634 2467 1665 remanentes

1408 1680 1522 1725 spicas
1553 1680 1734 1728 colliqetis,
1761 1683 1821 1718 sed
1853 1685 2062 1731 pauperibus
2082 1693 2114 1722 et
2134 1687 2324 1733 peregrinis
2350 1689 2468 1724 dimit-

1409 1741 1486 1778 tetis
1517 1753 1606 1778 eas:
1635 1741 1710 1790 qu
1737 1744 1909 1781 Dominus
1934 1746 2028 1782 Deus
2061 1753 2182 1783 vester.
2203 1746 2295 1793 Quia
2326 1750 2463 1796 pietate

1406 1802 1512 1847 plena
1532 1807 1616 1838 sunt
1634 1813 1715 1849 quae
1730 1815 1826 1840 nunc
1842 1804 1922 1851 lege
1939 1806 2196 1852 praecipiuntur
2211 1814 2375 1854 apertum
2395 1813 2463 1852 est,

1407 1869 1555 1908 propter
1585 1865 1680 1910 quod
1714 1875 1755 1901 ea
1793 1867 1966 1903 custodiri
1996 1873 2031 1903 et
2069 1870 2266 1905 secundum
2299 1870 2462 1907 litteram

1408 1929 1562 1968 oportet,
1582 1925 1644 1960 sed
1663 1924 1780 1970 maJus
1797 1935 1922 1963 eorum
1948 1927 2090 1964 lucrum
2109 1930 2363 1976 contemplatio
2382 1941 2466 1976 pos-

1408 1985 1514 2021 sidet.
1539 1985 1591 2021 Tu
1613 1992 1733 2023 autem
1760 1988 1883 2024 hocin
1908 1990 1961 2025 eis
1986 1995 2086 2032 nota,
2115 1990 2199 2036 quia
2220 2001 2301 2027 cum
2332 1992 2463 2029 similia

1408 2044 1464 2080 his
1484 2047 1649 2092 superius
1664 2049 1908 2095 praecepisset,
1928 2060 1999 2086 non
2018 2042 2135 2087 tamen
2152 2051 2277 2087 eadem
2296 2053 2461 2089 sancivit.

285 2086 380 2122 cietis
408 2094 439 2124 et
468 2089 603 2125 hircum
637 2103 698 2136 pro
729 2100 893 2138 peccato‚·
921 2097 1142 2140 poenitentia:
1168 2098 1334 2136 introdn-
1355 2086 1383 2125 C
1406 2104 1481 2141 Hoc
1514 2113 1635 2143 autem
1660 2110 1853 2146 verborum
1875 2110 1952 2156 ipsa
1986 2112 2188 2150 immutatio
2217 2115 2459 2152 demonstrat.

288 2155 375 2182 cens
407 2156 623 2185 sermonem.
654 2150 818 2198 Duosque
840 2165 947 2200 aynos
979 2157 1178 2203 anniculos,
1203 2161 1335 2196 hostias

286 2205 533 2252 pacificorum;
553 2209 613 2246 illa
636 2209 738 2247 Pauli
765 2214 933 2250 mandata
951 2216 1184 2262 significans:
1207 2220 1336 2257 Pacem

286 2268 475 2313 sequemini
491 2280 570 2305 cum
590 2272 749 2308 omnibus
769 2280 801 2309 et
815 2276 1098 2321 sanctimoniam,
1119 2280 1193 2315 sine
1212 2281 1335 2327 quibus

284 2336 384 2362 nemo
410 2329 538 2366 videbit
555 2331 667 2368 Deum
697 2332 820 2380 (Ilebr.
837 2336 903 2384 xn)
924 2349 932 2372 :
955 2348 1034 2383 quae
1055 2340 1140 2385 quia
1159 2351 1224 2387 per
1241 2342 1337 2389 Apo-

282 2385 447 2423 stolicam
464 2388 622 2436 linguam
641 2400 812 2439 expressa
831 2402 949 2440 erant,
966 2398 1086 2434 offerri
1102 2410 1144 2435 ea
1164 2403 1336 2448 praecepit

284 2449 364 2481 cum
388 2449 541 2493 panibus
560 2452 804 2497 primitiarum
825 2466 915 2501 quos
934 2467 1013 2493 esse
1034 2457 1169 2495 Christi
1200 2461 1334 2499 doctri-

284 2517 366 2543 nam
398 2509 566 2548 diximus.
592 2512 632 2549 In
651 2517 884 2561 sequentibus
916 2524 1038 2556 autem
1057 2531 1183 2557 rursus
1205 2522 1330 2560 addit:

279 2564 431 2614 Cumque
449 2569 629 2608 elevaverit
646 2585 687 2609 ea
705 2576 867 2613 sacerdos
886 2589 963 2613 cum
990 2581 1139 2626 panibus
1158 2583 1333 2628 primitia-

278 2636 354 2663 rum
385 2640 501 2666 coram
521 2631 686 2677 Domino,
715 2637 912 2674 secundum
945 2639 1180 2687 Septuaginta
1210 2649 1332 2681 autem

279 2686 330 2722 sic
348 2697 357 2721 ε
376 2687 422 2724 Et
448 2693 621 2736 separabit
644 2705 684 2730 ea
706 2698 869 2734 sacerdos
890 2702 1108 2746 separatione
1126 2714 1205 2740 cum
1231 2706 1333 2752 pani-

281 2745 346 2780 bus·
368 2747 603 2795 primitiarum
628 2760 708 2789 ante
725 2755 928 2803 Dominum,
948 2772 1027 2796 cam
1054 2761 1190 2801 duobus
1214 2769 1329 2814 aquis,

278 2803 485 2852 significans
513 2810 571 2846 cui
601 2809 772 2864 Dominoj
813 2818 997 2867 cedentque
1037 2823 1074 2858 in
1105 2834 1190 2861 usus
1238 2828 1327 2873 ejus,

277 2866 313 2901 id
343 2872 417 2911 est,
454 2870 635 2907 sacerdoti·
668 2870 832 2912 offerenti
870 2889 935 2923 ea,
967 2881 1133 2919 videlicet
1168 2885 1325 2925 Christo.

274 2922 353 2971 lpse
376 2927 479 2964 enim·
502 2928 627 2967 noster
654 2934 836 2979 sacerdos,
861 2937 937 2983 ipse
964 2946 1089 2977 noster
1116 2944 1226 2981 ctiam
1253 2948 1325 2984 Do-

274 2984 394 3021 minus
426 2988 502 3031 est,
527 2987 641 3035 ipsius
674 2993 766 3028 sicut
790 3005 900 3041 panes
922 2999 1182 3047 primitiarum,
1208 3006 1261 3042 sic
1291 3013 1327 3044 et

275 3044 358 3090 agni
376 3047 630 3085 mandatorum·
647 3053 902 3097 praedictorum
919 3064 1014 3095 sunt.
1034 3061 1113 3106 lpse
1130 3065 1226 3101 enim
1247 3074 1326 3103 erat

272 3105 334 3150 qui
361 3106 396 3142 in
426 3107 538 3146 Paulo
577 3110 819 3157 loquebatur:
852 3117 928 3163 ipse
968 3121 1088 3157 omnia
1120 3134 1200 3170 quae
1229 3126 1326 3165 dicta

273 3164 359 3200 sunt
383 3164 532 3213 obtulit3
556 3168 686 3217 pacem*
709 3173 806 3210 enim
830 3178 874 3213 de
897 3189 966 3224 qua
993 3180 1126 3220 Paulus
1154 3188 1322 3234 mandat,

269 3225 408 3270 primus
438 3226 614 3270 Dominus
642 3233 828 3284 discipulis
855 3243 1098 3288 annuntiavit,
1125 3252 1161 3282 et
1191 3251 1324 3286 sancti-

269 3289 428 3326 moniam
463 3292 561 3331 sicut'
602 3290 758 3336 Sanctus
794 3306 1003 3341 sanctorum
1049 3316 1158 3354 super
1197 3318 1324 3349 omnes

202 3370 205 3372 <
272 3346 477 3389 custodivit.

315 3408 406 3461 Nam
423 3412 500 3458 ipse
518 3419 602 3453 erat·
613 3415 665 3455 aer
678 3426 754 3466 quo
769 3410 916 3460 Gabriel
935 3420 1077 3473 virgini
1095 3415 1185 3465 titiis
1201 3440 1212 3465 ι
1232 3423 1325 3466 Pro-

268 3472 385 3514 pterea
417 3478 450 3507 et
479 3476 572 3521 quod
602 3485 766 3518 nascetur
799 3488 844 3519 ex
873 3484 906 3520 te
929 3492 1112 3533 sanctum,
1145 3489 1324 3527 vocabitur

270 3524 387 3593 Filias
407 3529 485 3570 Dei.
510 3531 785 3590 Verumtamen,
807 3545 838 3582 si
863 3546 918 3583 vis
945 3543 1016 3586 diei
1035 3549 1079 3586 de
1106 3561 1181 3598 quo
1201 3561 1321 3590 sermo

269 3589 323 3624 est
355 3590 658 3639 comprehendere
698 3602 947 3644 excellentiam
961 3636 971 3653 ,
1006 3609 1321 3651 confirmationem

270 3656 393 3708 eorum
407 3653 486 3702 qnae
512 3657 556 3695 de
579 3669 622 3697 eo
649 3661 745 3700 dicta
771 3671 855 3703 sunt
883 3669 1050 3716 respice:
1073 3669 1121 3707 Et
1152 3673 1326 3712 vocabitis*

270 3707 359 3774 hunc
376 3713 466 3751 diem
484 3717 741 3760 celeberrimum
768 3732 870 3775 atque
891 3730 1151 3768 sanctissimum
1178 3744 1192 3770 .·
1218 3745 1320 3774 omne

271 3775 356 3814 opus
379 3771 511 3827 servile·
524 3781 595 3817 noti
621 3779 758 3830 facietis
775 3785 815 3824 in
832 3798 896 3834 eo,-
923 3788 1117 3838 lecitimum
1140 3796 1323 3842 saintines-'-¹

1403 2163 1454 2200 lbi
1474 2167 1604 2201 etenim
1626 2168 1702 2204 ait:
1726 2169 1810 2205 Non
1836 2171 2047 2218 complebitis
2074 2174 2277 2211 messionem
2298 2182 2458 2212 vestram.

1404 2223 1470 2260 Hic
1497 2231 1615 2261 autem
1635 2240 1641 2261 :
1665 2229 1747 2265 Non
1775 2232 1935 2268 secabitis
1963 2244 2038 2268 eam
2067 2245 2174 2281 usque
2198 2235 2246 2270 ad
2264 2234 2399 2280 solum,
2424 2242 2462 2272 ut

1405 2282 1643 2320 differentiam
1677 2287 1791 2332 ipsam
1821 2300 1865 2326 cx
1889 2293 2154 2337 permutatione
2177 2294 2368 2331 verborum
2400 2296 2456 2332 in-

1403 2343 1617 2391 telligamus.
1640 2346 1790 2384 Terram
1815 2350 1974 2387 fidelium
2004 2363 2084 2389 esse
2104 2355 2314 2400 praedictam
2342 2367 2363 2392 a
2382 2355 2460 2403 lege

1402 2402 1467 2440 Dei
1487 2408 1814 2453 conversationem,
1842 2410 2051 2457 frequenter
2064 2415 2314 2452 .ostendimus.
2347 2413 2460 2462 Hujus

1402 2466 1534 2501 messio
1561 2472 1642 2513 post
1661 2471 1964 2507 resurrectionem
1986 2472 2185 2510 Salvatoris
2204 2486 2224 2511 a
2252 2477 2403 2513 mortuis
2424 2483 2460 2514 et

1405 2526 1600 2562 adventum
1632 2529 1747 2565 sancti
1781 2529 1937 2575 Spiritus
1970 2526 2103 2568 ss‘oruit.
2136 2534 2181 2569 Et
2210 2544 2282 2570 non
2314 2535 2457 2581 quidem

1400 2582 1544 2623 omnem
1570 2588 1757 2625 scientiam
1775 2593 1883 2636 quam
1911 2591 2069 2629 habituri
2090 2600 2227 2638 sumus,
2246 2597 2388 2642 quando
2414 2598 2459 2634 ad

1399 2646 1517 2694 ipsum
1545 2648 1658 2685 Deum
1687 2651 1906 2696 venerimus,
1927 2652 2042 2689 tradit
2063 2653 2213 2692 verbum
2233 2653 2460 2703 praedicatilt-

1400 2707 1468 2743 nis.
1492 2707 1583 2744 Sunt
1608 2715 1728 2745 autem
1756 2715 1835 2756 quae
1859 2712 2051 2759 relinquit,
2080 2719 2122 2750 ut
2142 2719 2226 2761 pote
2255 2720 2341 2762 quae‘
2361 2723 2457 2755 nun‘c

1399 2770 1504 2806 nobis
1523 2770 1675 2806 relevari
1691 2781 1762 2807 non
1781 2779 1948 2818 possunt,
1965 2780 2003 2811 et
2016 2778 2213 2822 propterea
2227 2774 2344 2823 legem
2364 2772 2458 2815 lianc

1398 2829 1435 2865 in
1460 2830 1642 2876 praedictis
1662 2830 1918 2870 festivitatibus
1938 2835 2172 2882 interposuit,
2191 2835 2228 2873 e't
2247 2836 2303 2872 ait‘
2320 2849 2328 2872 :
2351 2835 2456 2875 Post-

1397 2897 1502 2936 quam
1525 2891 1740 2926 messueritis
1757 2899 1904 2938 seqetem
1929 2901 2032 2931 terroe
2051 2901 2183 2940 vestrce,
2207 2903 2277 2933 nott
2295 2897 2454 2934 secubitu

1396 2950 1472 2984 'eam
1493 2957 1600 2996 usque
1619 2951 1665 2985 ad
1684 2951 1809 2988 solum.
1844 2954 1880 2990 ln
1900 2966 1943 2992 eo
1963 2956 2064 3003 qnod
2078 2954 2177 3000 dicit,
2201 2955 2270 2994 nuit
2295 2955 2455 2995 secabitis

1397 3016 1474 3044 eam
1501 3018 1608 3056 usque
1627 3010 1673 3046 ad
1702 3012 1828 3058 solu-m,
1857 3025 1899 3051 ea
1929 3016 2145 3062 significavit
2172 3023 2265 3065 quae‘
2283 3018 2453 3056 nobis-ad

1396 3067 1539 3114 plenam
1557 3071 1746 3108 scientiam
1763 3080 1798 3110 et
1817 3074 2014 3121 perfectam
2029 3078 2171 3123 desunt,
2192 3080 2344 3126 propter
2355 3079 2451 3127 quod

1397 3133 1434 3164 et
1453 3128 1634 3167 subdidit:
1658 3133 1732 3168 Nec
1752 3142 1968 3173 remanentes
1996 3138 2110 3185 spicas
2137 3134 2292 3187 colliqes,
2310 3140 2357 3176 ut
2380 3145 2452 3180 uon

1395 3190 1670 3236 contendamus,
1694 3202 1812 3241 neque
1843 3191 1983 3234 frustra
2007 3205 2186 3238 conemur
2205 3211 2250 3239 ea
2279 3200 2360 3250 qttae'
2384 3204 2451 3239 nb*-

1396 3253 1508 3285 stram
1528 3250 1670 3297 fugiunt
1687 3253 1887 3291 scientiam:

1439 3304 1485 3344 Et
1496 3306 1687 3355 propterea
1702 3309 1782 3356 quae
1798 3313 1841 3349 de
1854 3314 2016 3352 messura
2028 3319 2157 3355 ca'dere
2173 3314 2359 3367 dicuntur,
2373 3320 2451 3360 col*

1390 3362 1502 3416 ligere
1516 3374 1583 3405 ne'c
1614 3375 1819 3416 possumus,
1845 3373 1907 3410 sed
1925 3374 2173 3423 relinquamus
2196 3388 2239 3415 ea
2269 3375 2418 3418 Christo
2437 3394 2446 3417 ε

1391 3429 1501 3475 quem
1529 3424 1749 3476 significans,
1771 3431 1959 3478 legislator
1988 3431 2125 3473 addidit
2143 3448 2154 3473 z
2175 3432 2396 3486 Pauperibus
2414 3444 2448 3478 et

1390 3487 1580 3536 pereffluis
1608 3489 1762 3527 (tinnites
1778 3498 1850 3528 eas.
1873 3492 2171 3534 sive-secundum
2190 3497 2445 3548 Septuaginta,

1389 3546 1538 3598 pauperi
1547 3558 1582 3589 et
1590 3553 1770 3602 proselyto·
1779 3554 1951 3603 relinques
1961 3562 2015 3594 e‘a.
2027 3553 2073 3595 nt
2088 3560 2170 3607 quis
2184 3566 2240 3598 est
2251 3561 2336 3600 liic?
2351 3560 2445 3602 Anat

1389 3611 1486 3658 q'uod
1511 3614 1674 3660 sequitur
1693 3627 1703 3651 :
1723 3610 1800 3662 eqt
1828 3609 2000 3654 Db‘mirtus
2026 3619 2124 3657 Dens
2153 3627 2276 3660 vester.
2291 3620 2446 3671 ,Pauper

1389 3678 1508 3711 autem
1526 3679 1563 3712 et
1580 3674 1643 3712 hic
1655 3666 1800 3723 dicitur,
1817 3673 1902 3726 quia
1914 3685 2063 3728 propter
2085 3692 2151 3720 nos
2167 3688 2308 3732 pauper
2324 3678 2445 3722 fflctttfi

1386 3739 1444 3773 est
1455 3744 1538 3774 cum
1549 3737 1651 3775 dives
1663 3743 1776 3784 esset,
1797 3745 1837 3777 ut
1858 3739 1956 3779 illius
1980 3749 2195 3792 paupertate
2213 3751 2284 3784 nas
2306 3742 2440 3785 divites

1386 3796 1564 3839 aremus.
1584 3796 1658 3841 seu
1674 3803 1718 3839 et
1725 3801 1876 3850 advena,
1900 3803 1987 3852 qnia
2007 3809 2042 3844 ee
2058 3805 2089 3845 ει·
2112 3806 2152 3846 εκ
2167 3804 2442 3857 „renuentia
2504 3850 2505 3854 ,
