2540 4016
314 218 418 269 ‘1059

319 349 433 386 ullum
463 348 615 385 verbum
633 359 679 385 ex
711 349 878 386 omnibus
905 358 986 394 quae
1020 348 1206 385 mandavit
1233 349 1374 397 Moyses

309 404 415 456 ‘quod
429 418 503 446 non
520 409 648 455 legerit
665 407 771 446 Jesus
787 408 827 445 in
845 409 993 446 auribus
1021 410 1131 447 totius
1145 410 1316 447 Ecclesiae
1333 411 1375 447 li-

316 471 450 508 liorum
468 469 600 513 Israel;
626 483 639 504 »
658 475 695 506 et
730 470 906 507 intendite
932 470 1145 509 mulieribus
1163 477 1201 509 et
1231 471 1374 509 infanti-

315 532 383 569 bus
400 535 437 567 et
451 530 657 578 proselytis.
678 529 786 568 Novit
800 531 975 569 Dominus
992 531 1097 570 Jesus
1111 542 1193 569 esse
1210 532 1300 571 alias
1314 543 1374 570 au·

315 602 374 628 res
400 596 533 638 praeter
551 591 641 628 istas
660 592 825 629 carnales
843 602 933 638 quas
961 593 1008 630 ad
1037 593 1257 630 audientiam
1283 593 1373 639 legis

315 652 488 698 requirit;
509 652 603 688 unde
630 657 668 688 et
689 651 728 688 in
746 652 942 700 Evangelio
973 658 1207 700 posteaquam
1225 653 1270 689 de
1298 653 1373 690 sin-

314 712 407 758 gulis
425 722 505 758 quae
530 712 722 759 oportebat
751 713 908 757 edocuit,
941 713 1040 750 addit
1067 718 1105 750 et
1125 714 1212 751 dicit
1232 725 1241 749 ε
1266 725 1279 747 ι
1302 713 1371 758 Qui

314 772 424 808 habet
438 782 546 809 aures
569 771 738 809 audiendi
755 773 878 810 audiat
896 772 1040 821 (Manli.
1061 773 1136 822 xr);
1160 787 1173 809 ι
1191 775 1287 821 quod
1302 774 1373 811 uti-

314 841 386 878 que
400 831 431 867 si
447 832 491 868 de
510 831 660 869 auribus
673 832 826 869 dixisset
844 833 1064 878 carnalibus,
1085 834 1305 881 superfluum
1319 835 1372 871 vi·

314 892 475 929 deretur.
495 891 608 929 Nemo
625 892 722 929 enim
734 903 806 928 non
820 893 959 930 habens
977 904 1083 931 aures
1099 895 1145 932 ad
1167 896 1278 932 verba
1293 895 1372 941 ejus

312 953 491 990 audienda
511 960 743 991 convenerat.
763 954 837 992 Sed
870 956 1044 1002 quoniam
1063 957 1214 1000 sciebat,
1234 958 1272 993 in
1305 968 1371 994 au-

311 1013 414 1050 ribus
434 1014 620 1051 interioris
632 1015 802 1058 hominis,
827 1015 863 1051 id
877 1021 946 1059 est,
964 1016 1149 1053 intellectu
1167 1016 1298 1060 cordis,
1317 1027 1372 1054 re-

312 1073 385 1120 cipi
405 1075 537 1111 debere
557 1085 637 1122 quae
655 1076 751 1112 dieta
769 1081 852 1111 sunt
867 1077 965 1123 (quia
981 1077 1071 1114 nihil
1084 1079 1231 1123 prodest
1247 1079 1372 1115 audire

311 1143 530 1179 sermonem,
552 1136 582 1172 si
601 1145 675 1172 non
694 1137 895 1173 retineatur
926 1142 964 1174 et
989 1143 1155 1174 servetur
1174 1139 1210 1174 in
1230 1140 1369 1187 corde),

308 1192 447 1231 idcirco
469 1205 576 1232 aures
609 1196 656 1231 ab
691 1196 918 1233 auditoribus
943 1198 1172 1244 exposcebat.
1209 1199 1369 1236 Dicimus
1388 1192 1420 1231 B

311 1254 458 1299 quidem
475 1255 565 1291 viris
583 1255 737 1292 fortibus
755 1256 886 1292 fortem
905 1258 1048 1294 tradere
1064 1259 1199 1303 cibum,
1217 1260 1288 1296 illis
1315 1261 1369 1297 vi-

309 1314 444 1350 delicet
472 1315 518 1351 de
552 1315 683 1359 quibus
711 1314 904 1361 Apostolus
935 1317 1053 1353 dicit:
1078 1330 1091 1351 ι
1121 1318 1370 1356 Perseetorum

309 1379 430 1409 autem
447 1379 504 1410 est
532 1374 635 1411 cibus
653 1375 802 1418 solidus,
823 1386 869 1411 ex
896 1376 1027 1421 quibus
1046 1377 1124 1422 ipse
1141 1378 1209 1414 sibi
1235 1388 1371 1424 praepa-

309 1439 367 1469 rat
394 1434 595 1471 Ecclesiam
628 1445 699 1471 non
732 1436 926 1471 habentem
959 1437 1139 1473 maculam
1155 1445 1219 1474 aut
1242 1449 1369 1485 rugam

308 1500 377 1530 aut
388 1495 522 1542 aliquid
537 1496 668 1532 horum
688 1495 813 1543 (Hebr.
831 1496 882 1544 v).
905 1510 917 1531 ι
936 1498 1007 1535 Eos
1026 1509 1112 1535 vero
1132 1509 1223 1544 quos
1236 1499 1272 1535 in
1290 1511 1370 1536 mu-

309 1554 452 1599 lierum,
477 1556 533 1591 vel
550 1556 757 1600 infantium,
772 1557 828 1593 vel
844 1558 1109 1605 proselytorum
1130 1560 1370 1606 appellatione

308 1617 481 1660 secernit,
512 1617 756 1664 intelligamus
780 1618 846 1654 hos
878 1628 959 1654 esse
991 1619 1131 1664 aliquos
1164 1621 1225 1666 qui
1253 1622 1370 1658 adhuc

307 1676 400 1712 lacte
432 1676 606 1723 indigent,
627 1679 811 1714 autetiam
828 1679 925 1714 velut
951 1679 1099 1723 infirmi,
1130 1685 1169 1715 ut
1186 1686 1272 1716 sunt
1287 1692 1370 1717 mu-

306 1736 430 1780 lieres,
463 1739 624 1775 oleribus
643 1746 848 1775 vescuntur.
871 1739 910 1776 Si
931 1750 1017 1776 vcro
1052 1742 1158 1777 simul
1177 1743 1294 1779 omnis
1313 1753 1370 1779 ae-

308 1797 466 1843 cipiatur
485 1799 662 1842 Ecclesia,
681 1800 749 1836 viri
767 1800 912 1845 quidem
942 1801 1192 1848 intelliguntur
1219 1812 1299 1839 esse
1318 1802 1369 1838 illi

309 1856 371 1904 qui
393 1858 429 1893 in
444 1859 612 1895 omnibus
629 1859 889 1905 perfectionem
905 1867 1051 1904 norunt,
1072 1867 1109 1896 et
1128 1863 1258 1897 armati
1276 1862 1369 1898 ince-

306 1919 395 1955 dere
412 1920 606 1956 adversum
634 1921 785 1957 astutias
818 1920 971 1965 diaboli3
1002 1922 1173 1958 mulieres
1200 1931 1286 1958 vero
1318 1922 1369 1958 illi

304 1981 366 2026 qui
386 1982 547 2017 nondum
568 1992 609 2017 ex
627 1983 830 2029 semetipsis
844 1993 887 2019 ea
907 1994 988 2028 quac
1005 1983 1108 2019 utilia
1126 1989 1209 2020 sunt
1223 1990 1366 2030 gerunt,

305 2041 369 2076 sed
392 2042 568 2078 imitando
587 2043 756 2079 meliores
773 2049 809 2079 et
839 2054 965 2080 eorum
986 2045 1152 2090 exempla
1178 2045 1365 2087 sectando,

305 2111 350 2136 ex
367 2101 498 2146 quibus
527 2108 562 2138 et
584 2108 691 2148 caput
726 2104 859 2138 habere
892 2104 1072 2140 dicuntur.
1094 2105 1253 2141 Infantes
1282 2115 1369 2141 vero

304 2167 413 2196 crunt
436 2161 512 2207 qui,
543 2171 659 2208 nuper
678 2163 747 2199 lide
773 2169 953 2209 suscepta,
976 2165 1068 2201 lacte
1087 2164 1272 2212 Evangelii
1304 2176 1371 2200 nu-

304 2221 487 2266 triuntur;
510 2223 685 2269 proselyti
718 2229 837 2259 autem
864 2226 1114 2262 catechumeni
1135 2226 1367 2270 videbuntur,

303 2288 342 2319 et
367 2283 404 2318 hi
421 2284 482 2329 qui
498 2285 574 2330 Jam
595 2285 729 2320 sociari
748 2296 787 2321 se
808 2286 972 2322 fidelibus
989 2287 1148 2322 student.
1171 2287 1222 2322 De
1240 2287 1370 2331 quibus

303 2344 457 2390 singulis
474 2345 606 2380 similia
640 2346 750 2381 ctiam
785 2346 942 2382 Joannes
962 2348 1135 2391 sentiens,
1153 2347 1190 2383 in
1209 2347 1369 2392 Epistola

303 2414 369 2441 sua
403 2405 549 2451 scripsit
569 2405 651 2452 (Ep.
669 2406 703 2449 I,
734 2418 811 2452 cap.
834 2408 889 2453 ιι),
918 2413 955 2442 et
985 2407 1136 2454 singulis
1166 2408 1370 2455 quibusque

304 2465 471 2501 aetatibus
494 2466 641 2512 propria
660 2477 812 2512 quaeque
831 2473 933 2512 gesta
961 2468 1148 2504 discernit.
1177 2468 1371 2505 Verumta-

303 2535 387 2561 men
408 2525 532 2562 Jesum
558 2527 661 2563 vobis
689 2528 903 2563 recitantem
932 2528 1060 2574 legem,
1080 2534 1117 2564 et
1149 2529 1370 2565 revelantem

304 2587 474 2623 cordibus
492 2588 624 2624 vestris
641 2588 917 2635 intelligentiam
937 2590 1136 2635 spiritalem
1157 2591 1290 2634 audite,
1308 2602 1371 2628 ne-

303 2656 373 2693 que
392 2648 579 2695 proselyti,
601 2649 637 2685 id
656 2655 712 2685 est
729 2651 996 2694 catechumeni,
1016 2651 1151 2688 diutius
1165 2652 1342 2688 maneatis
1358 2663 1367 2695 ;

305 2709 370 2744 sed
406 2708 578 2744 festinate
611 2710 656 2745 ad
685 2711 956 2756 percipiendam
982 2712 1135 2758 gratiam
1167 2712 1243 2755 Dei,
1266 2718 1306 2748 ut
1335 2719 1371 2748 et

305 2779 370 2805 vos
388 2770 424 2804 in
440 2769 602 2805 Ecclesia
620 2769 776 2806 filiorum
796 2772 906 2807 Israel
924 2772 1226 2809 adnumeremini.
1246 2773 1291 2809 Et
1306 2784 1371 2810 vos

306 2829 463 2866 infantes
480 2842 492 2863 ‹
516 2829 626 2866 nolite
660 2831 764 2876 pueri
798 2831 891 2868 ellici
927 2833 1109 2877 sensibuS,
1137 2834 1200 2870 sed
1232 2833 1370 2869 malitia

305 2891 445 2936 parvuli
468 2904 480 2926 ι
505 2897 635 2928 estote.
665 2890 840 2929 Sensibus
870 2903 1034 2939 quoque,
1054 2894 1127 2938 ait,
1152 2899 1268 2931 estote
1286 2905 1369 2941 per-

306 2949 405 2986 fecti.
424 2949 498 2987 Sed
515 2950 703 2987 videamus
723 2952 810 2997 quid
827 2957 910 2997 post
926 2953 1004 2988 haec
1019 2952 1194 2998 scriptum
1214 2959 1283 2990 cst.

1386 2084 1416 2125 C

721 3051 874 3090 CAPUT
899 3053 942 3089 11.
1384 2985 1421 3025 D

307 3128 359 3164 De
381 3128 534 3174 qentium
557 3135 724 3164 conventu
743 3129 926 3165 adversum
953 3129 1062 3166 Josue
1092 3137 1129 3167 ut
1155 3132 1365 3168 dimicarent

354 3180 477 3210 contra
491 3186 581 3217 eum,
605 3181 637 3210 et
657 3175 699 3211 de
718 3175 798 3210 dolo
815 3174 1093 3214 Gabaonicarum
1109 3190 1176 3224 quo
1195 3178 1363 3224 fallebant

354 3221 462 3257 Josue
481 3228 512 3257 et
528 3221 699 3268 principes
718 3221 846 3259 Israel.

355 3310 440 3347 Cn.
462 3309 529 3358 ix.)
555 3323 566 3344 ι
587 3310 726 3355 Quibus
743 3311 891 3355 auditis,
911 3312 1030 3348 cuncti
1049 3321 1151 3359 reges
1168 3317 1269 3349 trans
1286 3312 1364 3349 Jor-

312 3384 325 3405 ι
350 3371 480 3407 danem
513 3371 575 3418 qui
595 3372 834 3408 versabantur
855 3373 892 3409 in
907 3373 1088 3409 montanis
1110 3378 1148 3409 et
1173 3373 1210 3409 in
1227 3384 1367 3419 campe·

314 3444 326 3464 ι
353 3432 501 3475 nribus,
520 3432 559 3467 in
593 3433 787 3469 maritimis
805 3443 848 3469 ac
880 3433 1002 3470 littore
1026 3434 1140 3470 maris
1158 3434 1303 3481 magni;
1327 3434 1365 3470 hi

313 3506 327 3527 ι
352 3504 495 3540 quoque
508 3495 570 3541 qui
584 3495 798 3531 habitabant
811 3495 918 3541 juxta
936 3495 1127 3540 Libanum,
1146 3495 1314 3532 Hethaeus
1330 3501 1367 3532 et

314 3568 327 3589 ι
350 3555 597 3600 Amorrhaeus‚
633 3562 670 3593 et
689 3555 928 3601 chananaeus,
949 3557 1176 3602 Pherezaeus,
1207 3562 1244 3593 et
1260 3555 1366 3593 Jebu-

314 3630 327 3652 ι
352 3629 458 3662 saeus,
476 3620 687 3667 congregati
703 3625 788 3655 sunt
800 3620 951 3666 pariter,
965 3626 1005 3656 ut
1020 3623 1223 3667 pugnarent
1241 3624 1366 3656 contra

315 3690 328 3713 ι
352 3678 463 3715 Josue
484 3684 519 3715 et
546 3678 658 3715 Israel
685 3689 757 3715 uno
776 3680 897 3716 animo
917 3679 1115 3727 eademque
1131 3679 1322 3717 sententia.
1348 3692 1361 3715 ι

311 3737 427 3775 Simul
453 3740 606 3777 historia
628 3751 752 3777 rerum
777 3746 962 3788 gestarum
990 3740 1182 3778 manifesta
1200 3739 1366 3787 explana-

309 3799 409 3836 tione
429 3810 500 3837 non
529 3802 676 3848 indiget,
696 3802 793 3848 quod
820 3801 1006 3838 evidenter
1035 3801 1216 3847 expletum
1233 3804 1311 3845 cst;
1327 3807 1364 3837 et

750 210 795 251 B]
807 210 990 251 ΒΑΒᾹΝῙ
1003 208 1160 252 'mum
1178 209 1413 253 'AncmE‘Pss
1424 209 1990 255 noGUNTToPEiiUMwARs
2011 213 2040 251 1.

321 288 528 336 diligentius
558 289 681 326 verbis
713 288 910 334 Scripturae
945 288 1098 325 dicentis
1117 300 1126 324 ε
1153 300 1166 322 t
1185 288 1265 325 Non
1299 293 1379 326 erat
1393 279 1491 333 A'ex
1499 287 1561 326 his
1585 291 1708 327 tamen
1725 299 1805 336 quae
1821 293 1923 336 gesta
1950 289 2035 323 sunt
2050 283 2266 330 visibilibus,
2289 284 2407 323 nostri
2423 292 2446 312 ··

1441 349 1529 386 mini
1547 348 1634 386 Jesu
1652 348 1851 386 Salvatoris
1877 345 1972 382 bella
1998 355 2043 382 ac
2068 345 2272 392 triumphos
2294 355 2385 392 quos
2409 360 2436 387 ¹,-
2457 367 2464 375 ψ

1439 409 1737 455 contemplemur,
1753 405 1920 453 quamvis
1933 405 2044 442 etiam
2060 405 2099 441 in
2117 405 2196 451 ipso
2211 405 2290 443 haee
2305 404 2439 441 visibili
2462 420 2470 450 χ

1439 478 1630 505 cernamus
1657 467 1812 514 expleta.
1833 457 2089 503 Convenerunt
2116 466 2214 502 enim
2241 475 2347 514 reges
2371 470 2408 502 te
2453 481 2489 519 ¹²1.
2515 460 2517 463 ’

1439 536 1588 568 senatus
1613 527 1838 576 populusque
1859 533 1897 565 et
1920 528 2104 575 principes
2124 527 2291 571 Romani,
2322 531 2365 563 ut
2379 537 2441 563 ex·
2460 541 2473 557 ι1

1439 593 1592 638 gnarent
1622 597 1755 625 nomen
1783 586 1868 624 Jesu
1886 591 1924 624 et
1954 586 2067 624 lsrael
2095 586 2214 623 simul.
2250 586 2469 623 Decreveru
2489 603 2518 638 ‘e

1439 651 1535 686 enim
1555 648 1695 695 legibus
1708 647 1783 685 suis
1812 653 1943 684 utnon
1973 647 2046 684 sint
2060 646 2271 685 Christiani.
2301 646 2428 685 Omnis
2444 645 2479 684 ci
2495 645 2497 651 '
2516 663 2517 666 ¹

1438 709 1548 752 vitas,
1568 708 1687 746 omnis
1705 707 1795 746 ordo
1826 707 2113 745 Christianorum
2142 718 2274 745 nomen
2292 707 2514 755 impugnat„

1440 770 1513 807 Sed
1527 771 1621 807 sicut
1638 775 1726 807 tunc
1751 779 1878 806 omnes
1893 768 1945 805 illi
1958 778 2063 817 reges
2093 769 2351 806 convenientes
2368 772 2496 805 contra
2514 771 2518 780 ¹

1437 831 1563 869 Jesum
1578 830 1669 867 nihil
1683 830 1804 867 facere
1814 829 2087 876 potuerunt,·ita
2100 839 2198 865 nunc
2208 838 2314 875 reges
2325 827 2384 865 vel
2395 827 2506 873 prin·¹

1438 892 1550 939 cipes,
1569 891 1626 927 vel
1641 895 1838 937 potestates
1854 889 1933 927 istae
1946 889 2152 933 contrariae,
2168 893 2297 926 utnon
2315 887 2494 925 Christia·
2508 893 2513 942 J

1439 961 1568 988 norum
1588 961 1700 998 genus
1723 950 1830 987 latius
1862 959 1906 986 ac
1923 948 2107 996 profusius
2136 952 2367 995 propagetur.
2399 947 2448 984 Sc
2469 946 2478 955 ”

1439 1017 1540 1058 ptum
1557 1020 1713 1056 namque
1731 1015 1800 1053 est,
1818 1009 1904 1056 quia
1925 1020 1939 1042 ι
1962 1013 2098 1056 quanto
2115 1008 2231 1054 magis
2249 1017 2311 1044 eos
2329 1007 2511 1051 humilia-'3²

1438 1070 1541 1114 bant,
1574 1074 1675 1106 tanto
1700 1069 1820 1115 plures
1846 1067 2006 1110 fiebant,
2031 1072 2068 1103 et
2100 1066 2369 1103 invalescebant
2391 1058 2520 1103 valdess‘

1441 1130 1572 1178 (Exod.
1591 1129 1634 1177 1).
1658 1142 1673 1166 ι
1697 1128 1920 1166 confidimus
1935 1132 2057 1164 autem
2077 1127 2159 1174 quia
2188 1136 2261 1163 non
2292 1125 2407 1163 solum
2423 1130 2518 1166 non'„

1438 1200 1504 1226 nos
1517 1194 1688 1236 poterunt
1701 1188 1865 1226 obtinere
1885 1187 2084 1225 invisibiles
2116 1186 2256 1223 inimici
2282 1186 2412 1230 nostri,
2433 1195 2510 1222 ve·⁴
2530 1200 2535 1237 ς

1438 1260 1519 1286 rum
1528 1251 1637 1287 etiam
1647 1249 1830 1292 velociter,
1846 1247 1931 1285 Jesu
1947 1247 2092 1284 Christo
2105 1246 2259 1284 Domino
2274 1251 2400 1282 nostro
2416 1245 2498 1281 vin-

1437 1315 1541 1346 cente
1557 1337 1567 1353 ,
1604 1314 1810 1346 conteretur
1849 1308 2002 1345 Satanas
2034 1309 2100 1345 sub
2134 1308 2286 1355 pedibus
2311 1317 2497 1344 servorum
2531 1313 2533 1319 ’

1437 1369 1532 1415 ejus;
1559 1369 1619 1405 illo
1636 1369 1770 1405 etenim
1787 1368 1878 1404 duce
1910 1378 1978 1405 nos
1995 1368 2175 1405 vincimus
2204 1367 2337 1405 milites
2357 1367 2428 1412 sui,
2446 1367 2498 1405 ita
2520 1371 2530 1395 ν’

1437 1435 1476 1466 ut
1496 1439 1563 1465 nos
1583 1429 1745 1466 dicamus
1763 1429 1872 1476 (sicut
1885 1429 1923 1464 in
1937 1429 2053 1465 Esdra
2066 1429 2321 1477 scriptumest)
2341 1441 2353 1463 ‹
2372 1429 2497 1474 Quian
2530 1443 2533 1455 ·

1437 1495 1486 1534 te,
1508 1490 1671 1533 Domine,
1693 1494 1749 1526 est
1776 1489 1941 1533 victoria,
1962 1495 1998 1525 et
2018 1498 2085 1536 ego
2101 1493 2212 1526 tuus:
2230 1489 2440 1528 benedictus
2457 1499 2500 1528 es

1437 1552 1532 1587 Deus
1551 1551 1717 1587 veritatis
1737 1549 1816 1598 (ΙΙΙ
1841 1549 1980 1586 Esdrae.
2000 1548 2065 1596 lv).
2092 1562 2105 1585 ι
2448 1593 2459 1606 θ
2503 1565 2506 1568 «

1485 1611 1601 1659 (lmn.)
1627 1623 1639 1645 ι
1668 1611 1715 1647 Αι
1733 1611 1771 1648 hi
1791 1610 1852 1658 qui
1869 1611 2081 1647 habitabant
2108 1610 2147 1647 in
2164 1609 2326 1655 Gabaon,
2350 1611 2498 1648 audien·
2519 1606 2529 1641 {³

1441 1683 1453 1705 ι
1476 1677 1530 1707 tes
1553 1676 1684 1708 cuneta
1711 1681 1792 1717 quae
1821 1671 1957 1707 fecerat
1986 1670 2095 1708 Josue
2125 1670 2271 1708 Jericho
2291 1676 2328 1708 et
2356 1671 2441 1717 Ahi,
2460 1675 2499 1709 et
2520 1670 2526 1684 ²

1441 1746 1453 1766 t
1476 1733 1604 1769 callide
1617 1732 1833 1779 cogitantes,
1853 1731 2012 1768 tulerunt
2029 1732 2098 1768 sibi
2123 1732 2274 1776 cibaria,
2298 1742 2422 1769 saccos
2435 1741 2527 1769 vert

1440 1805 1453 1827 ι
1477 1797 1574 1829 teres
1594 1792 1706 1828 asinis
1726 1792 1928 1839 impositos,
1949 1800 1986 1829 et
2000 1798 2099 1828 utres
2119 1792 2276 1828 vinarios
2292 1782 2498 1829 scissos‘at·
2528 1783 2529 1786 ¹

1441 1865 1452 1886 ‹
1477 1863 1546 1899 que
1562 1859 1749 1897 consutos,
1769 1853 2085 1900 calceamentaque
2110 1854 2338 1898 perantiqua,
2358 1863 2438 1899 quae
2452 1852 2497 1889 ad

1427 1928 1453 1950 >‹
1478 1916 1651 1953 indicium
1669 1917 1860 1954 vetustatis
1876 1917 2042 1963 pictaciis
2075 1923 2226 1953 consuta
2242 1922 2361 1960 erant,
2381 1914 2496 1952 induti

1440 1988 1452 2010 ‹
1474 1977 1658 2013 veteribus
1684 1977 1911 2013 vestimentis
1928 1989 1947 2012 :-
1955 1987 2068 2023 panes
2093 1987 2236 2024 quoque
2265 1987 2356 2023 quos
2374 1980 2498 2023 porta·
2518 1990 2523 1995 ·

1440 2050 1453 2071 ι
1477 2038 1566 2074 bant
1578 2037 1624 2072 ob
1640 2038 1827 2081 viaticum,
1849 2038 1928 2073 duri
1952 2043 2057 2074 erant
2077 2044 2113 2074 et
2138 2039 2175 2074 in
2206 2038 2322 2075 frusta
2348 2036 2483 2073 commi
2528 2079 2529 2083 Ἰ

1443 2109 1455 2132 ‹
1479 2098 1558 2133 nuti
1579 2107 1588 2133 z
1608 2103 1915 2143 perrexeruntque
1931 2098 1977 2133 ad
1993 2096 2116 2141 Josue,
2136 2098 2198 2144 qui
2215 2102 2302 2134 tunc
2326 2098 2492 2134 moi-aba·

1443 2169 1456 2192 ‹
1479 2158 1589 2195 turin
1607 2158 1737 2194 castris
1757 2157 1926 2205 Gfflgalae,
1945 2163 1981 2193 et
2005 2158 2173 2194 dixerunt
2195 2158 2244 2201 ei,
2271 2162 2381 2203 atque
2399 2155 2496 2194 omui
2525 2203 2527 2207 Α

1443 2231 1455 2254 ‹
1480 2216 1588 2257 simul
1605 2220 1727 2256 Israeli
1749 2232 1756 2255 :
1776 2219 1827 2255 De
1847 2225 1945 2255 terra
1960 2219 2154 2266 longinqua
2173 2218 2351 2262 venimus,
2371 2227 2496 2264 pacem
2523 2207 2528 2212 Α

1443 2293 1456 2315 ι
1480 2281 1665 2317 vobiscum
1683 2279 1804 2317 facere
1837 2279 2039 2326 cupientes,
2062 2292 2075 2313 »
2096 2285 2165 2315 etc.
2187 2278 2258 2326 (Ea.-
2273 2276 2496 2327 Anqusaeino.)
2511 2281 2524 2287 ’

1439 2341 1541 2387 Quod
1575 2341 1784 2378 Gabaonitae
1814 2346 1990 2377 venerunt
2015 2341 2060 2377 ad
2092 2339 2214 2377 Jcsum
2238 2349 2321 2376 cum
2344 2338 2496 2375 vetustis

1437 2403 1590 2450 panibus
1613 2408 1650 2438 et
1675 2403 1803 2445 saccis,
1818 2407 1858 2438 ut
1886 2407 2102 2448 putarentur
2117 2400 2225 2448 (sicut
2244 2399 2438 2446 finxerant)
2453 2398 2496 2436 de

1438 2470 1533 2501 terra
1552 2464 1695 2500 venisse
1714 2463 1922 2510 longinqua,
1944 2473 2014 2510 quo
2034 2464 2087 2499 eis
2117 2467 2339 2508 parceretur.
2359 2460 2495 2498 Consti-

1437 2532 1556 2562 tutum
1575 2526 1673 2562 euim
1689 2531 1767 2561 erat
1784 2536 1803 2561 a
1821 2526 1973 2561 Domino
1991 2535 2036 2560 ne
2067 2524 2174 2560 alicui
2194 2530 2309 2560 terras
2332 2522 2414 2558 illas
2438 2522 2495 2556 in-

1438 2587 1617 2624 habitanti
1648 2592 1849 2632 parcerent,
1877 2596 1947 2632 quo
1981 2586 2289 2632 ingrediebantur.
2327 2581 2495 2619 Nonnulli
2512 2590 2516 2591 ⁷

1439 2648 1582 2684 codices
1599 2653 1635 2683 et
1653 2647 1771 2684 Graeci
1790 2653 1826 2684 et
1845 2647 1967 2683 Latini
1987 2647 2122 2683 habent
2141 2658 2150 2682 ε
2175 2659 2186 2681 ι
2208 2646 2253 2682 Et
2277 2646 2495 2692 accipientes
2507 2666 2525 2682 η

1438 2717 1563 2744 saccos
1581 2713 1722 2743 veteres
1745 2716 1852 2752 super
1870 2707 2040 2742 humeros
2061 2716 2158 2742 suos.
2185 2719 2197 2740 ι
2217 2705 2288 2741 Alii
2317 2715 2416 2748 vero,
2433 2703 2495 2750 qui
2507 2707 2527 2740 Γ

1437 2769 1642 2805 veraciores
1659 2769 1840 2811 videntur,
1858 2778 1929 2803 non
1950 2768 2085 2803 habent
2108 2779 2120 2801 ι
2146 2777 2254 2813 super
2269 2767 2452 2809 humeros,
2476 2777 2492 2802 ι
2510 2758 2516 2790 ἓ

1437 2828 1501 2863 sed
1525 2839 1537 2861 ι
1563 2836 1670 2873 super
1685 2827 1806 2863 asinos
1825 2837 1921 2863 suos.
1944 2840 1956 2861 ι
1980 2826 2186 2862 Similitudo
2205 2826 2303 2861 enim
2334 2824 2436 2860 verbi
2457 2825 2513 2863 in·

1436 2889 1562 2926 Graeca
1579 2889 1699 2935 lingua
1719 2889 1993 2925 mendositatem
2008 2887 2151 2924 facilem
2165 2886 2263 2930 fecit,
2278 2892 2315 2922 et
2330 2885 2411 2922 ideo
2430 2885 2482 2922 La
2516 2896 2520 2898 ’

1438 2951 1514 2986 tina
1534 2960 1677 2996 quoque
1697 2949 1920 2996 exemplaria
1950 2948 2087 2984 variata
2107 2952 2192 2984 sunt
2213 2958 2222 2983 ε
2245 2947 2344 2995 ὤμων
2363 2947 2522 2993 quippe&

1437 3016 1473 3047 et
1488 3009 1570 3047 ὄνων
1589 3021 1661 3046 ιιοιι
1682 3010 1835 3046 multum
1867 3009 1912 3045 ab
1935 3009 2090 3046 invicem
2122 3008 2324 3051 dissonant,
2339 3015 2494 3054 quorum
2504 3011 2522 3055 ῥ-

1436 3073 1537 3118 prius
1568 3072 1804 3108 humerorum
1821 3081 1955 3108 nomen
1986 3075 2056 3114 est,
2087 3068 2267 3117 posterius
2293 3069 2492 3107 asinorum.
2507 3076 2522 3104 ·.

1435 3132 1520 3169 Ideo
1549 3138 1605 3169 est
1624 3137 1745 3168 autem
1762 3132 1807 3169 de
1824 3132 1936 3168 asinis
1964 3129 2186 3174 credibilius,
2207 3129 2378 3176 quoniam
2412 3138 2452 3165 se
2470 3136 2493 3167 a
2514 3130 2522 3139 ⁴

1437 3205 1502 3231 sua
1519 3199 1625 3242 gente
1640 3194 1836 3241 longinqua
1854 3193 1985 3230 missos
2003 3203 2083 3230 esse
2103 3192 2273 3229 dixerunt
2293 3202 2303 3227 :
2326 3190 2421 3227 unde
2434 3199 2492 3236 ap-

1435 3259 1539 3300 paret
1573 3264 1636 3290 eos
1659 3253 1771 3289 fuisse
1803 3253 1954 3298 legatos,
1982 3257 2018 3288 et
2054 3252 2138 3287 inde
2172 3252 2288 3297 magis
2312 3251 2350 3287 in
2380 3240 2523 3295 asinis

1435 3323 1545 3359 quam
1563 3312 1600 3349 in
1623 3312 1786 3349 humeris
1803 3311 2006 3347 necessaria
2029 3315 2174 3357 portare
2208 3310 2382 3356 potuisse,
2407 3310 2494 3358 qu‘J

1435 3382 1504 3409 nec
1521 3371 1624 3408 multi
1643 3381 1725 3408 esse
1750 3375 1931 3417 poterant,
1950 3375 1987 3406 et
2018 3380 2090 3406 non
2123 3368 2239 3406 solum
2269 3378 2406 3413 saccos,
2427 3318 2494 3419 ΜΞ

1435 3435 1545 3471 etiam
1573 3438 1671 3469 utres
1699 3437 1866 3479 portasse
1897 3431 2083 3478 Scriptura
2114 3437 2389 3469 commemorat.
2416 3427 2491 3479 (Ε

1436 3492 1676 3540 Adamantio.)
1704 3492 1824 3529 Multae
1845 3502 1929 3539 ergo
1952 3502 2078 3528 eorum
2097 3492 2158 3538 qui
2189 3492 2234 3528 ad
2260 3492 2413 3529 salutem
2431 3478 2499 3527 vr*-

1435 3556 1541 3594 niunt
1555 3553 1765 3592 differentiae
1786 3553 2039 3600 designatarum
2063 3553 2159 3590 unde
2173 3558 2211 3589 et
2226 3563 2322 3589 nunc
2350 3552 2476 3589 Gaba·

1436 3615 1532 3654 ni'tas
1547 3615 1628 3659 hos,
1642 3623 1795 3661 quorum
1813 3613 1963 3650 historia
1982 3613 2133 3650 recitata
2149 3617 2220 3656 est,
2237 3612 2394 3649 arbitror
2416 3627 2422 3644 ·
2439 3626 2445 3644 ι

1435 3675 1632 3713 tiunculam
1657 3673 1850 3720 quamdam
1870 3683 1951 3710 esse
1977 3682 2103 3710 eorum
2118 3672 2180 3719 qui
2200 3670 2360 3709 salvandi
2378 3681 2446 3708 sun
2458 3685 2467 3702 v

1434 3737 1486 3774 ita
1504 3742 1625 3773 tamen
1646 3739 1686 3772 ut
1702 3745 1776 3772 non
1790 3734 1926 3780 absque
1943 3732 2094 3780 alicujus
2109 3735 2203 3769 notae
2221 3731 2402 3768 inustione
2417 3739 2460 3768 s:

1434 3803 1577 3836 ventur.
1599 3795 1706 3836 Vides
1738 3806 1894 3844 namque
1922 3794 2100 3844 quomodo
2118 3793 2206 3842 ligni
2242 3802 2410 3838 caesores,
2448 3808 2450 3813 r
