2540 4016
285 241 355 280 9⁴7

709 242 752 279 Β.
779 241 950 280 RABAM
975 241 1124 280 MAURI
1148 240 1366 279 ARCHIEP.
1393 241 1601 284 uocum.
1625 243 1818 283 oemunt
1843 245 1965 283 PARS
1989 246 2017 282 Ι.

284 316 380 364 quod
402 315 516 363 Syrus
535 316 730 363 spiritalis,
755 318 816 364 qui
834 318 1098 365 interpretatur
1113 317 1279 355 sublimis
1293 317 1351 355 vel
1369 319 1405 361 Α
1422 335 1437 359 q
1453 327 1596 361 terram
1624 324 1717 362 120oe
1745 329 1784 362 et
1801 324 1907 361 mene
1925 329 2134 360 manantem
2154 325 2249 363 ⁸101st
2263 326 2400 374 juravit
2411 330 2478 378 pa„

283 378 510 421 humectans,
535 383 817 423 persequeretur
844 385 987 425 patrem
1011 383 1192 423 nostrum,
1222 382 1346 425 proto-

282 437 440 484 plastum
459 437 629 473 videlicet
652 443 843 484 parentem
865 444 1046 483 nostrum,
1077 439 1128 475 ita
1147 445 1189 476 ut
1203 439 1346 485 decipe-

282 503 338 534 ret
351 507 435 534 eum
451 506 517 544 per
531 498 742 544 superbiam
759 504 797 535 et
817 499 960 546 gulam;
983 505 1019 536 et
1039 506 1347 547 transgressorem

282 557 432 600 faciens,
458 557 621 605 privaret
647 559 878 604 possessione
902 561 1076 607 paradisi.
1102 561 1204 598 Unde
1228 562 1347 599 incola

282 621 400 657 factus
419 626 476 656 est
492 620 528 656 in
545 620 702 667 AEgypto
720 621 828 658 istIus
847 624 985 667 mundi,
1013 623 1075 660 ubi
1093 624 1347 670 peregrinatus

282 684 390 721 estin
408 683 628 730 paucissimo
655 694 822 728 numero,
844 685 930 731 quia
948 686 1073 723 multis
1104 686 1347 722 idololatriam

282 745 514 791 sequentibus
540 745 647 791 pauci
678 751 959 792 permanserunt
979 746 1116 783 fideles.
1147 745 1218 782 Sed
1246 751 1348 792 post-

282 817 388 853 quam
407 818 472 853 per
491 807 580 854 legis
599 807 845 844 conditionem
871 807 994 854 plures
1011 814 1263 852 excreverunt,
1283 808 1345 854 qui

281 869 470 905 scientiam
490 875 526 905 et
547 869 799 906 credulitatem
826 869 933 906 unius
959 870 1023 905 Dei
1047 879 1261 915 percepere,
1291 869 1345 904 as-

281 929 450 966 ssixerunt
467 941 528 967 eos
548 931 710 978 AEgyptii
730 931 925 977 spiritales,
951 931 1098 977 maligni
1115 931 1255 966 seilicet
1273 931 1348 976 spi-

280 991 385 1033 ritus,
405 992 466 1036 qui
483 991 712 1038 imponentes
729 1002 841 1028 onera
863 992 1077 1038 gravissima
1096 997 1344 1038 peccatorum,

279 1060 540 1098 oppresserunt
568 1064 682 1100 genus
708 1054 920 1089 humanum.
956 1052 1027 1088 Sed
1057 1054 1152 1088 Deus
1178 1053 1344 1097 omnipo-

280 1118 372 1156 tens,
395 1114 560 1149 conditor
579 1119 615 1149 et
636 1118 781 1150 creator
807 1119 942 1154 noster,
978 1113 1139 1158 respexit
1159 1112 1346 1148 humilita-

279 1177 352 1209 tem
372 1178 547 1214 nostram,
571 1179 607 1209 et
622 1174 800 1216 laborem,
817 1180 924 1218 atque
941 1172 1159 1219 angustiam,
1176 1173 1346 1218 misitque

278 1234 507 1280 unigenitum
532 1235 664 1270 Filium
700 1244 817 1277 suum,
852 1234 915 1280 qui
942 1245 1072 1270 manus
1101 1235 1164 1270 Dei
1190 1240 1226 1270 ct
1257 1235 1343 1269 bra·
1363 1232 1395 1271 B

279 1296 403 1332 chium
423 1296 572 1339 dicitur,
592 1302 631 1332 ut
652 1297 809 1343 eriperet
840 1308 906 1333 nos
924 1298 967 1333 de
982 1302 1162 1343 potestate
1180 1298 1344 1333 tenebra-

278 1367 373 1400 rum,
396 1363 431 1393 et
461 1357 676 1392 transferret
702 1358 739 1392 in
767 1357 886 1392 locum
918 1357 1031 1402 pacis,
1069 1362 1248 1402 quatenus
1281 1357 1345 1392 lilii

277 1417 369 1453 lucis
390 1416 638 1460 efficeremur;
665 1418 884 1465 tradiditque
911 1419 1015 1454 nobis
1042 1424 1178 1454 terram
1197 1418 1290 1455 lacte
1310 1425 1346 1455 et

279 1478 386 1515 melle
419 1485 644 1522 manantem,
678 1478 880 1515 Ecclesiam
914 1479 1082 1516 videlicet
1111 1487 1344 1526 praesentem,

277 1543 338 1579 ubi
361 1548 396 1577 et
418 1540 475 1578 lac
504 1547 560 1578 est
583 1542 788 1578 innocentis
816 1548 852 1578 ct
879 1541 997 1578 facilis
1025 1543 1221 1586 doctrinae,
1251 1543 1346 1579 uude

278 1605 488 1642 nutriantur
507 1613 617 1640 sensu
636 1604 793 1651 parvuli,
822 1608 858 1639 et
881 1603 954 1638 mel
973 1613 1083 1640 suave
1103 1610 1211 1650 atque
1228 1600 1347 1639 multi-

275 1666 380 1713 plicis
420 1666 580 1701 scientiae
616 1665 713 1702 unde
747 1666 925 1702 satientur
959 1665 1144 1702 intellectu
1179 1665 1343 1711 perfecti.

277 1726 345 1771 Qui
365 1736 450 1773 ergo
478 1724 731 1771 hujuscemodi
763 1726 857 1762 dona
886 1725 961 1762 Deo
988 1725 1105 1769 offert,
1138 1725 1345 1761 convivium

277 1787 440 1834 spiritale
467 1788 503 1823 in
531 1789 636 1823 domo
665 1788 728 1823 Dei
750 1799 833 1824 cum
857 1787 992 1824 Levitis
1019 1788 1116 1824 veris
1143 1794 1177 1824 et
1199 1787 1347 1826 advenis

276 1858 397 1899 potest
425 1851 564 1895 facere,
593 1851 675 1897 quia
702 1862 784 1887 cum
815 1852 992 1887 ministris
1014 1851 1078 1887 Dei
1108 1857 1143 1887 et
1174 1851 1347 1888 fratribus

277 1914 365 1958 suis,
402 1919 509 1960 atquc
533 1923 614 1949 cum
633 1913 801 1949 omnibus
822 1913 884 1959 qui
908 1922 946 1948 se
978 1912 1046 1948 rite
1079 1911 1284 1958 intelligunt
1310 1911 1346 1947 iu

277 1970 345 2011 hoc
364 1975 497 2011 mundo
517 1975 675 2010 advenas
695 1985 775 2011 esse
794 1979 830 2010 ct
850 1974 1075 2020 peregrinos,
1099 1973 1249 2019 dapibus
1274 1974 1347 2009 vir-

278 2042 394 2071 tutum
426 2042 463 2072 et
482 2036 644 2072 scientiae
663 2035 837 2081 spiritalis
854 2034 1009 2072 feliciter
1030 2034 1215 2071 reficietur
1237 2040 1345 2080 atquc

277 2095 499 2141 implebitur.

330 2170 341 2189 «
371 2157 522 2201 Quando
550 2156 788 2202 compleveris
815 2157 993 2193 decimam
1021 2163 1234 2193 cunctarum
1267 2156 1343 2192 fru-

281 2230 293 2251 ι
315 2226 399 2262 gum
421 2222 577 2260 tuarum,
600 2227 695 2252 anno
712 2217 934 2253 decimarum
954 2218 1075 2262 tertio,
1092 2219 1196 2254 dabis
1210 2218 1342 2254 Levitae

280 2289 293 2311 ‹
318 2283 354 2313 et
373 2277 534 2320 advenae,
559 2282 594 2313 et
625 2277 759 2323 pupillo
779 2289 822 2314 ac
845 2279 976 2322 viduae,
1011 2286 1051 2315 ut
1077 2279 1270 2315 comedant
1290 2280 1343 2314 in-

283 2350 293 2370 «
320 2336 373 2372 sra
404 2342 529 2383 portas
567 2343 669 2380 tuas,
702 2342 738 2373 et
772 2344 993 2374 saturentur.
1029 2339 1276 2385 Loquerisque
1307 2339 1344 2375 in

281 2410 293 2431 ‹
316 2403 510 2444 conspectu
529 2396 671 2433 Domini
686 2397 749 2433 Dei
771 2398 821 2433 tui
844 2410 852 2434 :
874 2398 988 2434 Attuli
1011 2399 1109 2444 quod
1136 2398 1343 2436 sanctifica-

282 2471 294 2492 «
320 2463 395 2493 tum
414 2463 469 2494 est
493 2450 537 2494 de
555 2459 662 2495 domo
680 2469 775 2502 mea,
803 2465 839 2496 et
860 2459 941 2496 dedi
961 2460 1047 2495 illud
1067 2459 1201 2496 Levitae
1223 2465 1258 2495 et
1277 2460 1342 2496 ad-

282 2532 293 2554 «
317 2531 417 2556 venae
432 2526 468 2556 et
485 2521 620 2567 pupillo
641 2531 684 2557 ac
700 2521 832 2565 viduae,
864 2521 957 2558 sicut
978 2520 1119 2566 jussisti
1140 2521 1242 2557 mibi.
1265 2520 1344 2558 Non

281 2593 292 2614 ‹
315 2581 498 2627 praeterivi
531 2581 702 2617 mandata
729 2587 802 2625 tua,
834 2592 901 2618 nec
932 2592 1011 2617 sum
1036 2581 1170 2618 oblitus
1200 2583 1343 2629 imperii

282 2659 294 2677 ι
319 2644 383 2679 tui.
406 2643 480 2679 Nec
499 2644 639 2679 comedi
663 2654 707 2680 ex
726 2644 831 2680 eisin
853 2644 952 2680 luctu
972 2654 1067 2685 meo,
1088 2653 1155 2679 nec
1177 2645 1342 2690 separavi

282 2716 294 2737 ι
319 2714 362 2740 ea
398 2704 434 2738 in
463 2704 624 2749 qualibet
657 2705 899 2748 immunditia,
931 2715 998 2741 nec
1026 2706 1179 2752 expendi
1214 2716 1258 2742 ex
1292 2706 1344 2742 eis

283 2776 296 2797 ‹
321 2756 526 2810 quidquam
540 2764 577 2799 in
598 2774 638 2799 re
656 2764 811 2800 funebri.
837 2779 848 2800 ›
872 2766 965 2810 Quid
979 2773 1034 2803 cst
1053 2768 1147 2812 quod
1168 2767 1263 2802 inter
1283 2766 1343 2803 illa

279 2825 375 2873 quod
391 2825 494 2871 jubet
514 2825 634 2861 dicere
663 2825 861 2870 bominem,
887 2827 947 2872 qui
974 2828 1009 2862 in
1030 2827 1157 2863 dandis
1177 2827 1341 2872 decimis,

278 2890 316 2921 et
333 2895 556 2932 quaecunque
578 2886 665 2922 dare
687 2879 744 2922 vel
771 2887 978 2934 impendere
1002 2887 1146 2932 jussum
1167 2894 1235 2932 est,
1265 2899 1343 2926 om-

278 2946 340 2982 nia
367 2947 539 2983 mandata
570 2947 776 2993 complevit,
811 2949 921 2984 etiam
951 2949 1020 2984 hoc
1050 2959 1134 2984 cum
1169 2949 1274 2986 laude
1308 2955 1343 2985 et

280 3008 595 3045 commendatione
617 3019 683 3044 sua
706 3009 829 3046 dicere
858 3010 1026 3054 iubetur,
1053 3023 1065 3044 ι
1086 3010 1164 3046 Non
1185 3011 1267 3048 dedi
1298 3023 1342 3048 ex

279 3070 333 3106 eis
352 3070 522 3106 mortuo?
545 3083 557 3104 ι
580 3069 636 3105 Αιι
656 3080 720 3116 per
738 3071 808 3107 hoe
829 3072 999 3118 probibet
1015 3073 1229 3118 parentalia,
1261 3085 1341 3121 quae
1358 3059 1394 3098 D

279 3132 475 3170 observare
488 3137 615 3178 gentes
632 3132 777 3169 solent?

660 3206 813 3244 CAPUT
839 3205 965 3243 XXIV.

279 3281 333 3319 De
357 3281 533 3329 lapidibus
560 3282 735 3329 eriqendis
759 3282 796 3317 ln
823 3286 939 3317 monte
966 3280 1057 3317 Elml
1081 3286 1114 3317 et
1137 3281 1231 3317 calce
1257 3282 1341 3318 levi-

326 3329 476 3377 gandi&
492 3336 523 3364 el
542 3330 585 3366 de
599 3328 809 3375 aedificando
829 3328 935 3364 altari
958 3338 1001 3364 ex
1020 3329 1116 3364 saxis
1133 3329 1342 3374 informibus

328 3383 361 3414 et
377 3358 510 3423 potit'is‚·
526 3376 800 3424 holocaustoque
826 3386 930 3422 super
951 3375 1040 3412 illud
1067 3376 1198 3422 offere}
1201 3375 1260 3412 do

330 3438 449 3488 (Car.
483 3449 597 3475 xxvii.
612 3438 624 3486 )
656 3450 668 3471 ‹
689 3429 866 3485 Praecepit
903 3443 1025 3474 autem
1053 3437 1192 3484 Moyses
1221 3443 1258 3475 et
1287 3448 1343 3475 se-

285 3512 300 3536 «
318 3496 441 3536 niores
473 3498 584 3535 Israel
618 3499 764 3546 populo,
798 3499 961 3536 dicentes
986 3511 995 3535 ε
1017 3497 1205 3536 Custodite
1237 3509 1344 3536 omne

287 3573 300 3595 ι
327 3560 537 3598 mandatum
566 3560 662 3606 quod
693 3560 849 3608 praecepi
870 3559 988 3598 vobis.
1009 3559 1172 3607 Cumque
1190 3556 1346 3598 transie-

229 3626 239 3665 ζ
287 3633 300 3656 ι
325 3622 406 3658 ritis
430 3619 627 3658 Jordanem
659 3621 696 3658 in
715 3626 1019 3667 terram‚,quam
1046 3620 1221 3658 Dominus
1249 3621 1346 3659 Deus

235 3672 239 3685 ⁵
287 3693 301 3714 ι
325 3688 408 3719 tuus
431 3681 529 3719 dabit
562 3680 644 3726 tibi,
663 3681 782 3728 eriges
814 3681 981 3728 ingentes
1009 3681 1160 3729 lapides,
1193 3686 1230 3719 et
1247 3674 1348 3737 calce

230 3743 238 3783 j
289 3740 501 3788 «levigabis
533 3752 623 3787 θοι,
655 3742 696 3781 ιιι
728 3743 848 3790 possis
874 3743 912 3781 in
945 3743 999 3780 eis
1026 3743 1188 3781 scribere
1222 3742 1346 3785 omnin

289 3814 304 3836 ι
323 3803 436 3840 verba
451 3804 543 3850 legis
558 3799 667 3852 huius
692 3794 851 3843 Iordane
875 3805 1106 3858 transmisso,
1129 3810 1170 3843 ut
1185 3805 1346 3860 intimas

290 3873 305 3898 ι
326 3861 365 3902 in
383 3866 540 3908 terram,
572 3873 684 3917 quam
710 3854 886 3905 Dominus
915 3854 1012 3911 Deus
1030 3870 1115 3907 tuus
1139 3865 1240 3907 dabit
1265 3854 1345 3912 tibi,

1421 396 1435 419 ι
1458 384 1574 422 tribus
1608 386 1698 422 tuis.
1735 384 1888 429 Quando
1918 393 2006 431 ergo
2036 386 2227 424 transieris
2258 387 2478 438 Jordanem,

1421 458 1434 480 ι
1455 446 1555 493 erige
1592 447 1731 492 lapides
1774 455 1866 491 quos
1898 455 1967 492 ego
2000 447 2109 484 hodie
2138 449 2310 496 praecipio
2338 452 2404 489 tibi
2440 453 2480 491 in

1421 519 1433 541 ι
1462 513 1586 544 monte
1609 507 1721 549 Ebal,
1743 512 1781 542 et
1807 506 1981 554 levigabis
2001 508 2124 553 calce,
2143 515 2182 546 et
2209 510 2406 550 aedllleabis
2425 513 2478 552 lbi

1419 582 1433 603 ι
1457 570 1572 606 altare
1591 569 1745 605 Domino
1773 570 1847 605 Deo
1870 574 1933 605 tuo
1957 570 2003 606 de
2021 568 2201 617 lapidibus
2221 582 2311 619 quos
2340 574 2478 612 terrum

1419 643 1432 665 ι
1458 642 1530 667 non
1548 630 1689 676 tetigit,
1721 635 1757 666 et
1784 631 1829 666 de
1853 631 1954 667 saxis
1980 631 2195 669 informibus
2218 639 2254 669 et
2282 635 2475 680 impolitisg

1420 704 1431 725 ‹
1454 697 1490 727 et
1510 691 1642 728 offeres
1664 702 1773 738 super
1801 702 1845 728 eo
1868 692 2119 729 holocaustum
2137 694 2289 732 Domino
2307 696 2382 732 Deo
2402 704 2474 742 tuo,

1420 765 1432 787 «
1453 758 1488 789 et
1508 752 1713 790 immolabis
1736 754 1875 790 hostias
1899 754 2082 799 pacificas,
2105 757 2346 803 comedesque
2366 759 2415 794 ibi
2441 764 2478 795 et

1419 829 1433 850 ι
1454 816 1659 861 epulaberis
1689 825 1812 852 coram
1837 816 1988 852 Domino
2006 817 2079 853 Deo
2098 822 2184 861 tuo;
2209 824 2245 854 et
2260 818 2401 855 scribes
2420 829 2480 856 su·
2511 820 2518 863 ζ

1420 889 1432 911 ‹
1454 887 1518 923 per
1539 876 1678 922 lapides
1704 876 1825 912 omnia
1843 877 1953 912 verba
1977 876 2066 923 legis
2087 877 2206 923 hujus,
2240 878 2346 923 plane
2365 883 2401 913 et
2425 878 2480 913 lu-
2511 864 2515 876 ⁵

1418 948 1432 971 ι
1455 937 1546 978 cide,
1569 942 1639 972 etc.
1662 949 1675 971 ι
1699 936 1775 971 Hoc
1804 936 1985 982 quomodo
2012 935 2148 971 factum
2175 936 2306 980 fuerit,
2330 937 2366 972 in
2386 937 2479 974 libro

1415 998 1501 1035 Jesu
1521 997 1618 1033 Nave
1636 997 1779 1043 plenius
1799 1002 2005 1033 enarratur.
2031 997 2218 1042 Superatis
2242 998 2353 1044 igitur
2366 998 2481 1034 hosti-

1414 1061 1497 1103 bus,
1531 1059 1724 1095 aedificavit
1744 1058 1848 1095 Jesus
1869 1059 1984 1095 altare
2015 1059 2089 1094 Deo
2107 1059 2250 1095 excelso
2280 1070 2325 1095 ex
2352 1059 2481 1105 lapidi-
2531 1069 2540 1135 1

1414 1124 1482 1159 bus
1507 1123 1669 1168 integris,
1706 1122 1743 1157 in
1777 1122 1908 1167 quibus
1936 1131 2009 1157 non
2040 1129 2119 1157 erat
2148 1121 2321 1166 injectum
2342 1121 2479 1158 ferrum
2534 1139 2540 1170 Ι

1415 1185 1508 1220 sicut
1541 1188 1765 1230 praeceperat
1788 1182 1940 1228 Moyses,
1963 1187 2000 1218 et
2019 1182 2219 1218 immolavit
2244 1181 2477 1226 sacrificium,
2533 1171 2540 1215 Ξ

1414 1251 1449 1282 et
1469 1246 1616 1290 scripsit
1644 1246 1680 1280 in
1706 1245 1884 1289 lapidibus
1904 1243 2225 1279 Deuteronomium
2245 1243 2335 1290 legis
2349 1244 2477 1290 Moysi.
2501 1276 2506 1282 .
2532 1234 2540 1296 ξ

1413 1307 1609 1343 Videamus
1637 1305 1781 1348 itaque,
1818 1304 1881 1348 qui
1909 1303 1982 1339 sint
2003 1303 2063 1339 isti
2087 1303 2239 1348 lapides,
2274 1313 2319 1338 ex
2346 1304 2477 1349 quibus
2531 1298 2540 1375 i

1413 1368 1613 1404 :edificatur
1632 1366 1759 1401 altare.
1795 1363 1929 1401 Omnes
1948 1375 2034 1412 ergo
2061 1365 2122 1411 qui
2152 1365 2188 1400 in
2219 1365 2402 1401 Christum
2421 1365 2481 1402 Je-
2534 1379 2540 1407 ι

1413 1439 1491 1464 sum
1525 1427 1688 1469 credunt,
1720 1426 1859 1472 lapides
1885 1426 2054 1462 dicuntur
2072 1426 2157 1461 vivi.
2193 1426 2245 1463 De
2270 1427 2402 1472 quibus
2425 1428 2477 1463 ait
2533 1410 2540 1458 ἔ

1412 1488 1606 1534 Apostolus
1629 1499 1637 1523 t
1664 1500 1676 1522 ι
1704 1487 1778 1524 Vos
1809 1488 1898 1523 estis
1924 1487 2161 1536 lapides-vivi
2193 1487 2377 1531 aedisscati,
2410 1488 2479 1524 do-
2532 1477 2540 1530 j

1413 1560 1495 1586 mus
1527 1549 1701 1595 spiritalis
1723 1562 1736 1583 ι
1773 1548 1818 1595 (1
1840 1547 1937 1584 Petr.
1955 1547 2012 1595 ιι).
2034 1547 2097 1584 His
2118 1558 2191 1584 non
2223 1553 2278 1584 est
2307 1548 2479 1595 iniectum
2532 1547 2540 1588 ἶ

1415 1613 1566 1656 serrum,
1588 1612 1672 1658 quia
1692 1611 1895 1657 incorrupti
1919 1616 1955 1647 et
1971 1610 2193 1646 immaculati
2212 1621 2321 1646 carne
2338 1616 2376 1645 et
2402 1610 2476 1656 spi-

1416 1673 1488 1709 ritu
1508 1678 1606 1716 sunt,
1628 1678 1664 1708 et
1690 1673 1811 1719 jacula
1836 1672 1983 1719 maligni
2010 1673 2123 1719 ignita
2151 1682 2223 1708 nou
2249 1678 2477 1718 receperunt.

1418 1734 1461 1770 lli
1478 1744 1589 1770 unum
1610 1734 1723 1770 altare
1750 1734 1908 1777 faciunt,
1944 1733 2082 1768 unitate
2102 1732 2186 1769 fidei
2209 1732 2266 1769 vel
2283 1733 2479 1769 concordia

1417 1797 1618 1832 charitatis.
1652 1797 1691 1831 ln
1714 1797 1769 1832 bis
1799 1805 1944 1842 quoque
1976 1796 2312 1839 Deuteronomium,
2343 1796 2380 1832 id
2407 1802 2478 1839 est,
2536 1846 2540 1847 ⁷

1417 1859 1614 1895 secundam
1634 1846 1818 1904 Evangelii
1852 1858 1981 1905 legem,
2010 1858 2115 1894 Jesus
2149 1858 2323 1894 Dominus
2354 1862 2479 1894 noster

1418 1919 1617 1965 rescripsit.
1652 1918 1852 1954 Audiamus
1880 1918 2004 1963 itaque
2027 1927 2109 1953 eum
2140 1917 2320 1953 dicentem
2342 1928 2352 1951 ·.
2377 1927 2390 1951 ι
2414 1915 2479 1953 Di-
2534 1922 2540 1945 ἱ

1417 1984 1514 2015 ctum
1530 1979 1759 2024 estantiquis
1778 1991 1786 2014 ε
1802 1979 1881 2014 Νοιι
1899 1979 2152 2014 moechaberis.
2165 1978 2240 2024 Ego
2257 1984 2377 2014 autem
2397 1979 2478 2014 dico
2536 2015 2540 2018 ,

1416 2041 1534 2084 vobis,
1563 2042 1594 2076 si
1615 2041 1696 2087 quis
1716 2040 1847 2075 viderit
1877 2040 2066 2075 mulierem
2086 2040 2131 2074 ad
2150 2040 2477 2084 concupiscendum
2535 2059 2540 2061 -

1418 2113 1510 2144 eam,
1526 2102 1602 2147 jain
1626 2102 1831 2137 moechatus
1849 2106 1905 2137 est
1926 2110 2006 2136 eam
2025 2101 2062 2136 in
2081 2101 2190 2136 corde
2210 2110 2276 2137 suo
2295 2112 2307 2135 ι
2332 2100 2475 2148 (Manli.

1419 2162 1484 2208 v).
1518 2161 1618 2197 Hanc
1662 2162 1772 2208 igitur
1804 2160 1910 2198 Jesus
1951 2162 2067 2208 legem
2100 2166 2202 2196 notat
2233 2161 2271 2196 in
2306 2161 2478 2198 cordibus

1413 2223 1659 2265 credentium;
1686 2222 1779 2258 hanc
1805 2223 1952 2269 scripsit
1988 2223 2025 2258 in
2052 2232 2179 2259 eorum
2205 2223 2387 2259 mentibus
2415 2223 2477 2269 qui

1413 2284 1540 2321 altaris
1556 2284 1828 2321 constructione
1846 2284 1946 2329 digni
1964 2288 2060 2320 sunt.

1788 2358 1941 2396 CAPUT
1981 2358 2094 2396 XXV.

1412 2435 1463 2471 De
1485 2435 1539 2471 his
1562 2435 1622 2482 qui
1649 2434 1788 2470 stabunt
1818 2433 1863 2470 ad
1896 2430 2166 2470 benedicendum
2194 2445 2298 2481 super
2323 2439 2475 2470 montem

1459 2482 1641 2523 Garizim‚·
1675 2491 1808 2516 necnon
1847 2487 1879 2517 el
1915 2481 1956 2516 de
1994 2480 2065 2516 illis
2089 2482 2149 2527 qui
2183 2488 2286 2527 super
2322 2486 2475 2516 montem

1459 2528 1551 2564 Elnal
1570 2511 1710 2564 stabunt
1738 2528 1784 2563 ad
1802 2527 2082 2564 maledicendum
2087 2532 2148 2574 ,ζει
2174 2527 2474 2563 maledictionibus

1459 2578 1529 2613 sive
1548 2575 1842 2612 benedictionibus
1858 2575 1906 2611 ibi
1924 2575 2092 2611 recitatis.

1460 2650 1599 2698 (lum.)
1625 2662 1636 2684 ‹
1654 2649 1902 2696 Praecepitque
1933 2649 2074 2695 Moyses
2095 2649 2229 2695 populo
2255 2650 2292 2685 in
2315 2649 2373 2686 die
2398 2648 2475 2694 illo,
2535 2676 2540 2677 κ

1416 2723 1428 2746 ι
1454 2712 1604 2748 dicens:
1624 2710 1668 2746 Hi
1689 2711 1836 2747 stabunt
1866 2711 1911 2746 ad
1930 2710 2219 2747 benedicendum
2241 2711 2395 2747 Domino
2415 2721 2475 2747 su·
2534 2742 2540 2746 .

1417 2787 1428 2806 ι
1451 2784 1516 2819 pcr
1548 2778 1710 2809 montem
1748 2772 1913 2808 Garizim
1946 2771 2104 2809 Jordane
2136 2773 2349 2809 transmisso
2377 2784 2386 2808 ι
2413 2771 2473 2808 Si·
2533 2783 2540 2814 -j

1415 2846 1427 2867 ι
1450 2844 1571 2877 meon,
1591 2833 1692 2876 Levi,
1718 2831 1843 2876 hidas,
1864 2833 2026 2877 Isacbar,
2053 2833 2186 2879 Joseph
2211 2838 2248 2869 et
2269 2832 2472 2878 Benjamin.

1415 2907 1427 2928 ‹
1451 2895 1494 2930 Et
1526 2906 1546 2930 e
1579 2894 1728 2940 regione
1765 2894 1825 2930 isti
1859 2894 2007 2930 stabunt
2034 2894 2080 2930 ad
2113 2893 2402 2930 maledicendum
2436 2895 2474 2932 in

1415 2967 1427 2989 ‹
1449 2960 1570 2991 monte
1601 2954 1714 2990 Hebal
1738 2967 1746 2989 ε
1769 2955 1908 2995 Ruben.
1943 2954 2022 2990 Gad
2053 2959 2089 2990 et
2113 2954 2218 2997 Aser,
2245 2954 2407 2991 Zabulon
2437 2960 2474 2991 et

1415 3030 1427 3051 ‹
1447 3017 1539 3060 Dan,
1570 3022 1608 3052 et
1634 3016 1854 3063 Nepbtalim.
1876 3017 1922 3052 Et
1948 3016 2232 3062 pronuntiabunt
2265 3016 2400 3053 Levitae
2421 3016 2467 3052 ad

1421 3090 1434 3113 ι
1457 3088 1586 3115 omnes
1606 3078 1702 3114 viros
1730 3078 1842 3114 Israel
1871 3077 2012 3114 excelsa
2031 3087 2134 3122 voce,
2167 3082 2237 3113 etc.
2259 3089 2271 3112 ι
2293 3077 2370 3114 Hoc
2386 3086 2478 3124 ergo·
2531 3043 2540 3104 Ι

1417 3140 1467 3175 ita
1483 3139 1621 3175 factum
1646 3143 1701 3174 est
1718 3138 1940 3183 temporibus
1953 3137 2075 3174 Josue.
2109 3136 2366 3183 steteruntque
2380 3137 2475 3173 sicut
2512 3182 2516 3190 ,

1415 3204 1640 3245 praeceperat
1671 3198 1812 3244 Moyses
1831 3199 1868 3234 in
1887 3198 2180 3240 Deuteronomio,
2213 3207 2278 3233 sex
2296 3197 2412 3234 tribus
2436 3197 2474 3234 in

1414 3263 1537 3294 monte
1562 3258 1736 3299 Garizim,
1768 3262 1808 3292 ut
1834 3257 2091 3292 benedicerent
2114 3256 2300 3302 populum,
2321 3261 2360 3291 et
2382 3256 2472 3302 ipsae

1414 3319 1546 3361 tribus,
1567 3327 1648 3362 quae
1673 3317 1871 3352 nobiliores
1897 3321 1994 3357 sunt,
2026 3316 2063 3351 id
2081 3320 2152 3359 est,
2176 3314 2336 3359 Simeon,
2367 3316 2472 3362 Levi,

1414 3380 1541 3422 Judas,
1569 3378 1728 3421 lsachar,
1759 3376 1904 3422 Joseph,
1934 3375 2134 3422 Beniamin.
2164 3377 2247 3414 Filii
2265 3379 2474 3426 veroigno-

1413 3442 1562 3478 biliores
1586 3450 1664 3482 sex,
1689 3443 1870 3474 steterunt
1885 3447 1907 3474 e
1925 3437 2072 3484 regione
2093 3438 2131 3474 iu
2157 3443 2279 3475 monte
2307 3439 2411 3483 Ebal‚
2430 3445 2471 3477 ut

1415 3501 1707 3538 maledicerent:
1729 3499 1824 3536 inter
1841 3507 1933 3544 quos
1951 3503 1988 3534 et
2005 3498 2156 3543 Ruben,
2177 3499 2241 3547 qui
2269 3499 2468 3536 maculave-

1416 3567 1473 3599 rat
1493 3562 1638 3599 thorum
1656 3559 1833 3608 parentis,
1862 3563 1898 3595 et
1925 3558 2088 3596 Zabulon
2111 3558 2260 3611 ultimus
2278 3558 2363 3596 ffliae
2378 3558 2468 3604 Liae,

1415 3627 1453 3660 et
1472 3620 1688 3659 ancillarum
1709 3618 1789 3655 filii.
1809 3618 1856 3655 Et
1881 3618 1959 3655 haee
1976 3618 2122 3666 quidem
2145 3607 2280 3655 veteris
2308 3616 2471 3657 historiae

1411 3682 1576 3721 referunt
1593 3685 1708 3728 gesta.
1730 3676 1804 3717 Sed
1818 3680 2083 3727 inspiciendum
2099 3669 2215 3735 quid
2204 3689 2243 3718 ιιι
2261 3679 2473 3731 narratione

1411 3742 1575 3793 mystioae
1603 3738 1851 3787 intelligentiae
1880 3739 2072 3778 referatur.
2101 3738 2171 3787 Qui
2190 3744 2276 3776 sunt
2297 3748 2385 3795 ergo
2407 3725 2472 3795 'isti'

1413 3802 1477 3850 qui
1489 3801 1665 3840 incedunt
1676 3800 1782 3848 juxta
1794 3805 1956 3838 montem
1970 3789 2148 3844 dariam.
2169 3803 2207 3837 et
2224 3798 2288 3858 qui
2305 3802 2401 3870 sunt
2404 3796 2482 3855 qui>

1413 3863 1586 3904 incedunt
1598 3862 1704 3922 iuxta
1718 3869 1883 3904 montem
1901 3852 2014 3909 Ebal?
2033 3861 2084 3912 llll
2106 3846 2245 3919 itaque,
2261 3849 2330 3918 qui
2340 3859 2381 3915 ιμ
2391 3843 2473 3921 im
