2540 4016
329 218 401 258 919

754 207 794 244 B.
820 205 988 243 RABANI
1012 204 1162 243 MAURI
1185 203 1398 242 ARCHIEP.
1422 203 1630 254 MQGUNT.
1655 206 1844 244 OPERUM
1865 205 1986 244 PARS
2007 207 2038 244 1.

2409 213 2482 252 520

371 292 488 331 Solius
507 289 603 327 enim
627 290 681 324 est
711 283 862 329 dirigere
897 281 1070 324 actiones,
1102 286 1248 327 propter
1264 279 1361 325 quod
1379 280 1414 320 A
1428 281 1572 329 plenum
1581 283 1629 318 sit
1638 283 1982 329 sapientia,plenum
1991 281 2087 317 omni
2097 281 2481 335 divinaintelligentia;

323 364 359 399 ct
374 355 563 393 brachium
593 353 668 398 ipse
687 347 747 384 Dei
780 344 987 381 nominatur
1013 356 1022 380 :
1043 344 1092 379 ait
1109 343 1207 378 enim
1234 341 1359 385 lsaias,

322 419 482 460 Domine,
515 415 588 462 quis
621 408 762 447 credidit
785 405 922 441 auditui
954 411 1087 447 nostro,
1107 410 1140 439 et
1174 404 1355 439 brachium

322 477 463 514 Domini
483 475 538 511 cui
558 470 739 508 revelatum
748 471 796 501 est
811 464 933 511 (Isaioe
963 463 1067 511 L111)?
1081 474 1165 499 nam
1183 463 1267 509 quia
1285 464 1361 509 ipse

321 544 378 574 est
395 544 516 572 verum
531 530 727 570 brachium,
754 530 851 561 recte
871 529 1035 560 nostrum
1054 533 1211 567 armum,
1231 534 1306 567 seu,
1322 528 1363 559 ut

323 595 551 642 Septuaginta
584 590 715 630 dicunt,
748 586 936 622 brachium
957 585 1108 631 accepit.
1140 585 1275 620 Deinde
1307 585 1362 620 in-

321 655 510 690 tentionem
539 654 696 685 nostram
717 646 871 682 dilatans
889 645 1074 690 legislator
1088 644 1269 680 subdidit:
1292 643 1360 686 Qui

319 711 476 748 obtulerit
495 708 695 754 sanquinem
715 711 747 741 et
777 705 914 751 adipem
945 704 1101 749 filiorum
1123 706 1255 746 Aaron,
1288 704 1360 748 ipse

318 770 451 807 habebit
469 778 603 804 armum
626 767 785 801 dextrum
801 765 837 799 in
856 765 1012 810 portione
1034 775 1110 798 sua.
1131 763 1295 799 Christus
1306 767 1361 798 est

318 830 426 871 euim,
447 825 703 872 intelligibilem
736 823 945 870 sanguinem
964 824 1196 869 pacificorum
1218 828 1255 858 et
1283 822 1358 857 adi-

317 900 398 936 pem
407 887 566 924 videlice!
581 886 718 921 animas
733 890 769 920 et
779 884 956 920 desideria
968 884 1177 918 salutarium
1187 882 1356 925 offerens,

318 950 378 996 qui
396 955 449 984 εει
464 948 605 994 quidem
623 947 666 982 de
683 945 765 981 filiis
794 945 914 980 Aaron
933 971 942 987 ,
963 955 1034 980 non
1063 949 1209 990 propter
1227 953 1360 989 cogna-

318 1010 461 1051 tionem,
483 1008 545 1043 sed
565 1011 710 1053 propter
740 1005 921 1051 propriam
939 1004 1169 1050 dignitatem,
1190 1004 1359 1038 sacerdos

317 1067 503 1115 singularis
519 1072 555 1102 et
573 1067 609 1101 in
639 1064 842 1100 homiuibus
863 1063 1078 1109 praecipuus,
1111 1063 1147 1097 in
1168 1062 1246 1107 ejus
1275 1072 1359 1107 por-

320 1129 452 1162 tionem
468 1136 588 1160 armus
605 1125 728 1160 dexter
747 1134 809 1159 seu
826 1123 1012 1158 brachium
1034 1122 1215 1163 dextrum,
1235 1122 1270 1156 id
1290 1126 1356 1163 est,

1431 345 1503 381 imo
1517 347 1611 390 quod
1626 345 1773 391 plenum
1787 345 1834 380 sit
1851 345 1937 380 Deo.
1954 343 2066 387 Quale
2083 349 2191 382 estet
2215 344 2405 387 brachium
2424 364 2483 391 sa·
2534 375 2540 390 =.

1430 407 1597 448 cerdotis‚
1629 406 1724 451 quod
1743 406 1775 440 ei
1804 405 1961 440 offerunt
1981 403 2046 440 tilii
2061 405 2173 443 Israel
2199 418 2266 454 pro
2281 409 2394 448 salute
2413 423 2481 451 sua
2536 435 2540 437 -

1429 475 1500 510 qua
1529 465 1734 500 salvantur?
1756 464 1896 500 Formae
1914 469 1998 499 sunt
2014 464 2082 500 ista
2108 466 2249 513 singula
2280 478 2360 515 quae
2392 471 2486 508 scri-

1428 526 1563 562 buntur
1579 527 1616 561 in
1635 525 1711 572 lege
1732 535 1873 567 eorum,
1893 534 1972 570 quae
1989 524 2027 559 in
2040 525 2202 562 Ecclesia
2231 529 2308 574 geri
2328 530 2480 576 debent;

1428 585 1588 630 alioquin
1614 596 1681 621 nec
1695 584 1822 620 fuisset
1844 585 2090 621 necessarium
2107 586 2177 633 legi
2197 588 2275 625 haec
2303 590 2341 626 in
2362 591 2485 629 Eccle-

1429 644 1494 684 sia,
1512 643 1580 679 nisi
1607 654 1652 678 ex
1676 644 1732 679 his
1749 644 1938 680 aedificatio
1964 645 2083 690 aliqua
2100 647 2328 685 audientibus
2344 651 2483 696 proebe-

1428 708 1541 738 retur.
1566 703 1604 739 Si
1637 714 1723 750 ergo
1742 705 1912 743 sacerdos
1937 705 2110 742 Ecclesiae
2130 717 2194 753 per
2220 710 2330 745 verba
2361 717 2398 747 ει
2420 713 2483 749 do-

1427 766 1581 800 ctrinam
1599 771 1636 801 et
1659 766 1810 800 multam
1845 765 2122 802 sollicitudinem
2143 778 2244 804 suam
2265 775 2301 806 et
2321 770 2481 807 laborem

1426 826 1630 871 vigiliarum
1650 853 1659 868 ,
1680 831 1890 861 convertere
1919 827 2076 871 potuerit
2100 834 2327 872 peccatorem
2350 835 2386 866 et
2416 831 2479 866 do-

1428 897 1509 923 cere
1525 897 1606 922 eum
1626 891 1667 921 ut
1681 886 1867 921 meliorem
1883 887 1994 921 vitam
2027 893 2224 933 sequatur3
2247 889 2292 925 ad
2313 890 2481 926 timorem

1427 947 1491 982 Dei
1508 946 1644 989 redeat,
1679 946 1811 992 cogitet
1846 956 1945 991 spem
1966 946 2139 991 futuram,
2158 959 2178 983 a
2211 948 2316 984 malis
2342 949 2482 985 actibus

1428 1007 1581 1050 desinat,
1602 1013 1638 1042 ει
1664 1011 1898 1043 convertatur
1928 1007 1972 1042 ad
1997 1007 2139 1043 bonos:
2166 1009 2387 1054 si,inquam,
2411 1010 2483 1046 tale
2537 999 2540 1003 ⁴

1428 1078 1517 1113 opus
1533 1067 1671 1110 fecerit,
1694 1077 1919 1112 consequens
1929 1072 1984 1102 εει
1999 1078 2079 1102 ευιιι
2100 1068 2159 1113 qui
2181 1069 2217 1103 in
2230 1069 2343 1114 ipsius
2359 1069 2484 1105 labore

1429 1128 1602 1171 salvatur,
1623 1129 1697 1164 Deo
1716 1127 1852 1174 gratias
1872 1138 1979 1173 agere
1999 1133 2035 1163 et
2064 1127 2195 1164 offerre
2212 1130 2367 1165 hostiam
2387 1130 2484 1166 salu-

317 1188 432 1223 omnis
451 1187 544 1222 bona
563 1186 655 1221 actio
674 1191 709 1220 ct
722 1185 840 1230 operis
859 1183 1006 1219 effectus
1026 1183 1168 1219 transit.
1185 1182 1255 1230 (Eat
1277 1182 1359 1217 Ori·
1380 1179 1411 1218 B
1432 1190 1532 1232 tarjg,
1559 1200 1625 1236 pro
1649 1199 1692 1225 ρο
1715 1189 1809 1234 quod
1845 1188 1997 1224 salutem
2029 1196 2242 1225 consecutus
2276 1190 2334 1225 sit,
2361 1190 2431 1226 Sed
2447 1196 2485 1227 et
2538 1227 2540 1229 ¹

318 1247 431 1294 yene.)
459 1247 681 1283 Sacrificium
699 1247 792 1292 quod
812 1246 942 1281 dicitur
961 1245 1117 1280 salutare
1134 1255 1238 1280 nemo
1255 1244 1357 1280 effert

318 1310 466 1345 Domino
483 1309 551 1344 nisi
569 1309 629 1354 qui
655 1318 761 1344 sanus
778 1313 833 1343 est
848 1335 856 1349 ‚
878 1313 913 1343 et
933 1308 1057 1342 salutis
1072 1317 1144 1342 suae
1174 1308 1353 1350 conscius,

317 1371 447 1416 gratias
466 1370 614 1405 Domino
632 1368 754 1404 refert.
782 1368 892 1404 Nemo
908 1379 992 1414 ergo
1016 1369 1077 1414 qui
1096 1378 1190 1414 aeger
1205 1375 1260 1404 est
1278 1370 1357 1404 ani-

316 1442 373 1467 mo
389 1432 615 1478 etlanguidus
643 1431 680 1466 in
701 1431 881 1475 operibus,
911 1429 1040 1465 offerre
1071 1435 1191 1475 potest
1220 1430 1358 1466 sacrifi-

315 1493 407 1528 cium
436 1492 599 1528 salutare.
626 1491 687 1527 Vis
714 1491 833 1526 videre
856 1491 949 1536 quod
966 1500 1070 1526 nemo
1089 1501 1184 1537 aeger
1209 1496 1244 1526 et
1273 1491 1354 1526 lan-

315 1554 438 1599 guidus
455 1581 464 1598 ,
487 1559 603 1600 potest
633 1553 718 1589 illud
741 1553 870 1589 offerre
907 1554 1146 1590 sacrificium?
1175 1553 1357 1599 Leprosus

317 1614 385 1655 ille,
401 1623 504 1659 quem
521 1613 691 1648 Dominus
706 1613 743 1647 in
755 1612 947 1656 Evangelio
964 1622 1110 1647 curasse
1121 1613 1355 1657 describitur,

317 1685 387 1710 non
402 1680 541 1720 poterat
557 1672 683 1709 offerre
699 1673 867 1714 hostiam,
889 1673 1001 1708 donec
1019 1673 1127 1718 leprae
1147 1673 1359 1719 aegritudine

320 1735 523 1776 tenebatur;
544 1743 623 1768 cum
641 1738 758 1767 autem
788 1732 938 1767 accessit
956 1731 1000 1767 ad
1018 1731 1140 1767 Jesum
1157 1738 1193 1768 et
1211 1733 1358 1768 manda-

320 1800 375 1829 tus
392 1799 458 1836 est,
492 1799 575 1828 tuuc
603 1792 747 1837 jubetur
765 1802 785 1827 a
804 1791 954 1827 Domino
985 1791 1114 1828 offerre
1144 1803 1294 1828 munera
1313 1793 1359 1829 ad

318 1856 441 1897 altare,
465 1854 563 1898 Quod
573 1855 747 1901 proecepit,
761 1855 887 1900 inquit,
913 1853 1048 1900 Moyses
1068 1855 1106 1889 in
1121 1855 1358 1890 testimonium

316 1915 397 1950 illis.
421 1914 548 1951 Vidisti
568 1914 628 1959 qui
644 1914 690 1950 sit
710 1915 769 1959 qui
791 1914 921 1950 offerre
938 1915 1065 1950 debeat
1083 1914 1239 1949 hostiam
1258 1914 1357 1949 salu-

318 1976 429 2011 taris?
449 1975 539 2011 Audi
558 1986 651 2011 nunc
677 1975 854 2021 quomodo
873 1976 1001 2011 debeat
1022 1974 1152 2010 offerre
1171 1987 1178 2009 ;
1202 1975 1331 2010 Manus
1348 2002 1357 2018 ,

318 2036 433 2081 iuquit
448 2062 458 2078 ,
477 2036 551 2081 ejas
570 2036 718 2080 offerunt
737 2035 885 2069 hostiam
913 2035 1075 2069 Domino.
1098 2034 1266 2079 Nunquid
1286 2045 1356 2070 non

318 2094 500 2129 evidenter
518 2093 646 2129 clamat
662 2093 864 2139 legislator,
890 2093 975 2139 quia
993 2104 1064 2129 non
1094 2093 1201 2129 homo
1221 2099 1275 2130 est
1295 2095 1357 2140 qui
1379 2076 1408 2118 C

320 2154 422 2189 offert
436 2153 605 2196 hostiam,
626 2153 690 2188 sed
711 2163 837 2188 manus
862 2152 951 2196 ejus,
978 2153 1013 2188 id
1032 2158 1105 2197 est,
1127 2163 1235 2198 opera
1255 2153 1331 2198 ejus
1349 2167 1357 2190 ε

322 2223 430 2259 opera
449 2223 602 2258 namque
623 2217 706 2248 sunt
722 2223 802 2258 quae
825 2212 1077 2248 commendant
1094 2212 1249 2248 hostiam
1266 2213 1355 2249 Deo.

323 2274 361 2310 Si
384 2274 479 2309 enim
499 2278 650 2309 attracta
670 2274 718 2308 sit
741 2282 868 2308 manus
894 2278 954 2308 tua
972 2273 1016 2308 ad
1038 2273 1206 2314 dandum,
1235 2278 1271 2308 et
1299 2282 1362 2308 ex-

320 2342 432 2378 pansa
470 2331 515 2367 ad
552 2331 815 2377 accipiendum,
848 2330 942 2366 intra
976 2336 1012 2366 te
1030 2336 1084 2366 εει
1112 2331 1227 2366 adhuc
1263 2331 1362 2376 lepra

322 2398 380 2427 tua
398 2419 407 2435 ‚
434 2396 470 2427 et
486 2391 613 2428 offerre
628 2401 699 2427 non
714 2397 815 2436 potes
850 2391 1004 2427 hostiam
1025 2392 1206 2427 saiutaris.
1238 2392 1277 2426 In
1293 2392 1362 2428 hoc

320 2455 396 2491 loco
414 2455 474 2491 ubi
494 2465 558 2491 nos
577 2455 770 2498 habemus,
789 2466 913 2490 manus
933 2455 1009 2501 ejus
1041 2457 1185 2501 offerent
1212 2456 1361 2490 hostiam

319 2516 464 2552 Domino
487 2529 500 2552 .·
524 2517 559 2552 in
585 2515 719 2552 Graecis
749 2516 900 2551 habetur
926 2526 991 2562 pro
1011 2517 1127 2552 hostia
1158 2515 1362 2562 holocarpo-

319 2583 412 2611 mata
428 2603 438 2619 ,
457 2576 551 2622 quod
582 2576 790 2622 intelligitur
805 2585 947 2611 omnem
974 2575 1131 2611 fructum
1151 2602 1159 2618 ,
1183 2586 1248 2622 per
1265 2575 1361 2621 quod

318 2636 471 2672 ostendit
496 2646 566 2671 non
581 2645 684 2681 posse
712 2635 864 2671 Domino
879 2633 1009 2671 offerre
1032 2645 1174 2671 omnem
1204 2634 1360 2670 fructum

319 2707 399 2733 eum
425 2697 486 2741 qui
510 2696 750 2732 infructuosus
766 2702 822 2731 εει
849 2695 980 2742 (Galat.
1000 2695 1036 2742 v)
1055 2708 1063 2731 :
1084 2696 1144 2741 qui
1169 2706 1241 2732 nou
1259 2696 1362 2732 affert

324 2756 478 2792 fructum
492 2755 656 2802 justitiae,
690 2755 845 2790 fructum
876 2756 1144 2796 misericordiae,
1170 2756 1226 2791 vel
1251 2756 1359 2791 etiam

322 2818 458 2854 fructus
481 2817 641 2863 spiritus,
662 2825 750 2862 quos
782 2821 968 2851 enumerat
999 2815 1191 2861 Apostolus
1213 2829 1221 2851 :
1242 2818 1362 2852 chari-

322 2883 444 2921 tatem,
462 2876 642 2923 gaudium,
670 2884 806 2920 pacem,
837 2874 1059 2920 patientiam,
1084 2879 1122 2910 et
1144 2875 1361 2910 unanimita-

322 2945 407 2982 tem,
428 2944 464 2974 et
486 2944 618 2974 caetera
638 2937 695 2973 his
718 2936 860 2973 similia.

367 2997 468 3040 Quod
492 3001 611 3032 autem
631 2995 729 3038 dicit,
762 2995 878 3041 adipes
910 2996 970 3042 qui
987 3006 1089 3043 super
1122 2995 1358 3042 pectusculum

320 3061 426 3099 sunt;
446 3055 691 3104 pectusculum
714 3059 810 3090 tuum
841 3055 996 3101 intellige
1020 3064 1098 3090 esse
1117 3065 1179 3090 cor
1201 3060 1300 3090 tuum
1315 3056 1359 3091 de

320 3127 390 3163 quo
407 3116 473 3152 tibi
491 3113 693 3151 auferendae
719 3118 802 3149 sunt
821 3122 944 3149 omnes
975 3113 1077 3148 malae
1109 3113 1356 3159 cogitationes,

320 3178 402 3214 inde
417 3177 513 3214 enim
529 3177 738 3223 procedunt,
765 3180 802 3211 et
819 3174 943 3211 altaris
966 3175 1041 3221 igni
1060 3175 1242 3211 tradendae
1261 3180 1356 3219 sunt,

319 3244 358 3274 ut
373 3239 486 3284 possit
507 3242 684 3274 cortuum
705 3236 875 3272 mundum
894 3234 1061 3272 effectum
1080 3235 1193 3271 Deum
1218 3237 1354 3272 videre.

321 3298 390 3335 Sed
407 3303 443 3334 et
456 3297 604 3344 pinnam
623 3295 755 3343 jecoris
774 3295 936 3341 praecipit
949 3294 1188 3338 offerendam;
1206 3295 1361 3331 diximus

320 3357 611 3404 etante,1ecoris
637 3362 790 3403 partem,
821 3355 900 3392 loca
931 3355 1128 3391 iracundiae
1145 3354 1204 3390 vel
1223 3355 1362 3401 cupidi-

322 3418 404 3454 tatis
427 3419 568 3464 exponi.
590 3416 703 3455 Offert
730 3426 815 3464 ergo
834 3416 980 3463 pinnam
994 3413 1141 3460 jecoris,
1171 3415 1233 3462 qui
1258 3425 1303 3451 ex
1323 3425 1363 3452 se

322 3486 426 3514 omne
441 3478 566 3514 vitium
582 3478 646 3514 irae
667 3482 706 3514 et
723 3476 858 3514 furoris
875 3475 1025 3513 excidit.

366 3550 498 3596 Adipes
510 3550 618 3596 igitur
631 3551 691 3596 qui
703 3555 788 3587 sunt
799 3559 907 3597 super
913 3549 1158 3597 pectusculum
1171 3549 1361 3595 imponun-

322 3614 379 3645 tur
385 3609 487 3646 altari
499 3609 635 3655 ;ipsum
641 3620 725 3646 vero
732 3609 976 3657 pectusculum
985 3609 1106 3647 Aaron
1120 3613 1157 3646 et
1163 3608 1248 3645 filiis
1266 3608 1298 3655 ej
1303 3617 1359 3652 us,

322 3671 384 3707 sed
406 3675 442 3707 et
457 3669 644 3707 brachium
659 3671 824 3708 dextrum
839 3669 1178 3717 separaripraecipit
1193 3695 1204 3713 ,
1218 3672 1256 3704 et
1279 3677 1360 3705 esse

323 3729 376 3765 eis
389 3731 546 3768 muneris
559 3731 638 3768 loco
652 3741 699 3769 ex
716 3730 891 3768 sacrificio
907 3730 1070 3768 salutari.
1087 3729 1182 3776 Quid
1198 3738 1285 3776 ergo
1303 3733 1360 3767 ost

327 3790 522 3828 sacerdotis
539 3797 664 3837 ιιοοιιιε
678 3796 741 3829 aut
757 3790 883 3836 quale?
895 3800 963 3838 ego
973 3790 1047 3829 tale
1057 3794 1147 3838 puto
1161 3798 1246 3839 esse
1261 3787 1367 3842 quoq·

1428 1252 1523 1297 quod
1542 1250 1677 1285 addidit
1707 1248 1957 1294 pectusculum
1982 1249 2052 1283 dici
2085 1249 2321 1294 appositionis
2341 1255 2376 1284 et
2399 1249 2484 1285 bra-
2529 1242 2538 1247 ⁰

1428 1313 1550 1349 chium
1570 1310 1799 1355 demptionis,
1817 1320 1888 1345 non
1903 1310 1992 1345 mihi
2006 1311 2083 1346 sine
2100 1321 2208 1346 causa
2223 1311 2357 1346 dictum
2369 1311 2479 1347 videt.

1426 1373 1470 1408 Et
1489 1372 1568 1407 ideo
1591 1370 1698 1405 velim
1717 1370 1902 1414 requirere
1928 1370 2013 1414 quid
2027 1375 2097 1412 est,
2115 1371 2211 1416 quod
2228 1372 2479 1417 apponendum
2526 1406 2540 1410 ,-

1426 1438 1481 1468 εει
1518 1430 1725 1477 pectusculo
1756 1435 1795 1464 ut
1834 1430 1897 1464 fiat
1933 1430 2182 1475 pectusculum
2220 1431 2482 1476 appositionis?

1426 1493 1666 1537 Posteaquam
1685 1490 1844 1527 ablatum
1863 1490 1970 1526 suerit
1986 1501 2006 1526 a
2037 1491 2222 1528 cordetuo
2250 1501 2355 1527 omne
2386 1493 2482 1538 quod

1427 1563 1589 1589 crassum
1620 1557 1687 1594 est,
1710 1555 1745 1586 et
1765 1551 2000 1586 emundatum
2030 1551 2140 1587 suerit
2158 1553 2202 1587 ab
2233 1552 2330 1587 omni
2363 1553 2483 1598 operi-

1427 1619 1550 1649 mento
1565 1613 1659 1659 quod
1677 1612 1750 1658 igni
1770 1612 1983 1648 tradendum
2005 1616 2073 1654 est,
2102 1617 2215 1648 restat
2229 1618 2268 1647 ut
2283 1619 2483 1658 apponatur
2522 1623 2526 1626 ·

1428 1675 1460 1710 εἰ
1485 1675 1600 1720 gratia
1637 1673 1791 1719 Spiritus
1822 1673 1950 1715 sancti,
1970 1677 2006 1708 et
2038 1678 2123 1708 tunc
2144 1673 2204 1708 fiet
2235 1675 2481 1719 pectusculum

1427 1733 1674 1779 appositionis,
1695 1733 1758 1769 sed
1774 1737 1810 1768 ct
1826 1732 2015 1768 brachium
2035 1733 2273 1778 separationis
2287 1735 2362 1770 sive
2382 1735 2480 1770 deni-

1427 1795 1584 1839 ptionis;
1605 1794 1783 1839 quomodo
1807 1793 1876 1828 erit
1906 1798 1942 1828 et
1959 1793 2146 1828 brachium
2164 1793 2413 1838 separationis.
2443 1793 2481 1828 Si
2528 1795 2530 1797 ’

1428 1854 1521 1889 scias
1540 1859 1575 1888 et
1591 1853 1769 1898 intelligas
1787 1852 1993 1888 discernere
2007 1861 2086 1896 quae
2106 1851 2179 1886 sint
2199 1861 2308 1896 opera
2323 1851 2426 1894 lucis,
2446 1858 2481 1887 et
2517 1842 2540 1901 ’-

1428 1924 1506 1959 quae
1533 1913 1605 1948 sint
1628 1923 1737 1958 opera
1758 1912 1987 1947 tenebrarum
2005 1937 2015 1954 ,
2036 1915 2072 1946 ct
2091 1920 2258 1956 separare
2279 1915 2381 1946 actus
2403 1915 2482 1945 tuos

1430 1974 1473 2008 de
1493 1974 1671 2017 tenebris,
1688 1978 1727 2008 ut
1746 1973 1818 2009 sint
1849 1982 1957 2018 opera
1978 1977 2038 2007 tua
2065 1971 2102 2006 in
2122 1971 2276 2014 lumine,
2294 1971 2482 2007 brachium

1430 2038 1530 2068 tuum
1545 2033 1695 2069 efficitur
1710 2034 1894 2069 brachium
1909 2033 2164 2078 separationis;
2179 2032 2235 2068 vel
2250 2042 2330 2068 cum
2342 2042 2483 2078 separa-

1429 2095 1525 2130 veris
1540 2099 1574 2129 te
1590 2095 1634 2129 ab
1648 2095 1746 2130 omui
1762 2095 1873 2130 fratre
1889 2095 2048 2140 inquiete
2065 2093 2283 2136 ambulante,
2307 2093 2362 2128 vel
2383 2098 2482 2127 certe

1429 2155 1625 2191 secundum
1641 2154 1856 2199 Prophetam
1868 2183 1876 2198 ‚
1894 2160 2062 2200 separant
2080 2165 2118 2190 se
2136 2180 2145 2197 ,
2164 2159 2196 2189 et
2211 2158 2335 2188 exeunt
2354 2152 2396 2187 de
2411 2162 2483 2187 me-

1428 2215 1486 2250 dio
1508 2220 1728 2261 peccatorum
1754 2216 1811 2260 qui
1834 2222 1973 2260 portant
1998 2226 2081 2251 vasa
2099 2215 2238 2250 Domini
2259 2213 2361 2260 (lsai.
2379 2211 2442 2259 Li).
2516 2238 2540 2274 ,1

1845 2287 1996 2325 CAPUT
2022 2289 2068 2324 x.
2515 2277 2540 2335 ’1

1494 2348 1546 2384 De
1566 2348 1729 2383 unctione
1747 2348 1880 2391 Aaron,
1903 2355 1934 2384 et
1956 2348 2124 2394 filiorum,
2146 2348 2189 2384 de
2206 2347 2420 2385 caeremoniis
2511 2340 2540 2384 ἕ]

1627 2400 1659 2429 et
1682 2394 1828 2429 vestibus
1849 2395 1894 2429 ad
1915 2406 1991 2429 eam
2010 2396 2277 2441 pertinentibus.
2516 2404 2517 2408 ¹

1476 2454 1621 2502 (Isin.)
1651 2454 1737 2489 Hoec
1765 2461 1814 2490 est
1843 2456 1960 2490 unctio
1980 2455 2100 2489 Aaron
2117 2460 2149 2489 et
2167 2454 2323 2502 filiorum
2343 2456 2418 2499 ejus
2446 2456 2482 2490 in
2512 2463 2513 2467 ’

1429 2517 1643 2553 coeremoniis
1661 2517 1816 2559 Domini,
1837 2516 1891 2551 die
1910 2527 1978 2562 qua
1991 2515 2113 2550 obtulit
2134 2525 2191 2550 eos
2208 2514 2345 2560 Moyses
2365 2520 2403 2550 at
2426 2527 2484 2551 sa·
2511 2512 2513 2517 ’

1429 2577 1580 2613 cerdotio
1601 2577 1844 2623 fungerentur,
1866 2582 1898 2612 et
1924 2588 2001 2622 quoe
2022 2577 2186 2622 praecepit
2210 2576 2290 2611 dari
2312 2576 2387 2622 ejus
2405 2576 2483 2612 Do·
2518 2592 2530 2609 .·

1428 2639 1542 2673 minus
1559 2649 1580 2672 a
1597 2637 1680 2683 filiis
1696 2637 1810 2671 Israel
1827 2636 1993 2682 religione
2009 2641 2174 2682 perpetua
2194 2636 2230 2671 in
2250 2636 2483 2682 qeneratiom'-
2504 2648 2506 2651 ’

1429 2700 1491 2735 bus
1508 2700 1594 2734 suis.
1617 2698 1688 2745 (Ex
1707 2697 1913 2744 Hesychio.)
1933 2697 1983 2732 Ea
2002 2707 2081 2742 quae
2100 2697 2197 2733 dicta
2215 2702 2298 2733 sunt
2315 2697 2482 2733 videntur
2515 2722 2526 2739 .,

1429 2759 1692 2805 quodammodo
1716 2759 1761 2793 ad
1787 2758 1997 2793 unctionem
2022 2758 2251 2794 sacerdotum
2276 2758 2480 2802 pertinere,
2520 2758 2522 2761 ’

1429 2821 1493 2857 sed
1510 2830 1582 2856 non
1602 2820 1638 2854 in
1657 2819 1826 2864 praesenti
1844 2818 1889 2854 de
1909 2819 1977 2854 hac
1997 2819 2174 2855 disserere
2192 2818 2378 2863 legislator
2397 2829 2482 2864 pro·
2511 2807 2515 2846 ²,

1427 2884 1628 2926 posuerat:
1663 2889 1773 2924 quam
1803 2879 1899 2913 enim
1934 2889 2016 2914 cum
2047 2879 2219 2915 unctione
2253 2879 2480 2915 sacerdotum

1430 2941 1643 2976 societatem
1663 2939 1801 2975 habent
1821 2949 1862 2975 ea
1882 2950 1962 2986 quae
1978 2940 2150 2986 praedicta
2172 2943 2257 2976 sunt
2276 2939 2482 2975 sacrificia?

1432 2999 1503 3035 Sed
1529 2999 1750 3034 solummodo
1777 3008 1904 3034 eorum
1929 3010 2009 3045 quie
2035 2999 2204 3046 superius
2235 2999 2280 3035 ab
2310 3009 2354 3035 eo
2372 2999 2482 3047 ‚dicta

1430 3064 1514 3095 sunt
1527 3085 1535 3101 ,
1555 3058 1611 3094 vel
1629 3059 1819 3094 ostendere
1837 3059 2070 3104 dignitatem,
2092 3065 2128 3095 et
2146 3069 2254 3105 quem
2270 3049 2481 3105 provectum

1428 3125 1599 3166 praestent
1616 3120 1674 3155 his
1689 3120 1750 3164 qui
1769 3130 1811 3155 ea
1827 3121 2047 3156 custodiunt.
2067 3120 2168 3164 Quod
2185 3120 2280 3156 enim
2298 3119 2348 3156 ait
2367 3131 2376 3154 ;
2393 3117 2480 3153 Hau:

1429 3189 1478 3218 est
1501 3182 1618 3217 unctio
1645 3181 1764 3215 Aaron
1787 3186 1820 3216 et
1843 3180 1998 3226 filiorum
2018 3182 2094 3226 ejus
2111 3182 2150 3216 in
2169 3180 2385 3216 coeremoniis
2404 3178 2483 3214 Do-'

1429 3243 1539 3286 mini,
1562 3243 1606 3278 ad
1625 3242 1815 3287 superiora
1837 3242 1908 3277 hoc
1931 3242 2088 3277 reddidit
2108 3254 2117 3276 :
2145 3242 2204 3288 (id
2229 3246 2306 3284 est,
2331 3244 2480 3287 pectus-

1430 3303 1550 3339 culum
1572 3301 1814 3346 impositionis
1835 3306 1872 3336 et
1893 3301 2083 3336 brachium
2106 3300 2373 3347 separationis;
2398 3299 2480 3346 ipsa

1431 3367 1527 3400 esset
1552 3361 1674 3397 unctio
1697 3359 1818 3395 Aaron
1837 3363 1875 3394 et
1892 3358 2050 3394 filiorum
2075 3358 2153 3403 eius
2167 3385 2177 3402 ,
2199 3369 2244 3394 ne
2268 3364 2485 3404 putaremu

1429 3421 1492 3458 illa
1514 3429 1580 3467 pro
1606 3419 1777 3456 carnibus
1800 3417 1920 3460 dicta,
1949 3417 2012 3453 sed
2035 3421 2076 3452 ut
2097 3416 2244 3453 doceret
2267 3416 2377 3452 etiam
2400 3416 2480 3462 ips

1430 3483 1497 3519 sub
1514 3483 1741 3517 sacramento
1758 3476 1940 3514 unctionis
1957 3476 2115 3524 inserta)
2132 3481 2171 3512 ut
2188 3481 2227 3512 tu
2242 3484 2420 3523 cognosce
2448 3488 2471 3505 κ

1431 3542 1516 3589 quia
1537 3540 1744 3577 custodiens
1766 3547 1990 3585 quaecunque
2020 3537 2080 3574 lex
2110 3537 2276 3584 superius
2308 3535 2402 3573 dixit
2432 3543 2467 3571 a

1431 3602 1631 3642 sacerdotis
1646 3599 1813 3648 proficiat
1832 3598 2065 3645 dignitatem,
2083 3602 2120 3635 et
2137 3596 2315 3634 studendo
2330 3605 2397 3639 ea,
2414 3604 2450 3631 v

1429 3665 1504 3702 leas
1533 3661 1654 3711 regale
1688 3659 1953 3704 sacerdotium,
1978 3669 2066 3706 gens
2095 3664 2222 3696 sancta
2235 3653 2358 3702 dici,
2372 3645 2421 3694 ali
2446 3662 2464 3702 ῑςζ

1429 3729 1550 3762 autem
1579 3730 1822 3768 nequaquam.
1843 3719 1928 3756 flaee
1947 3724 2002 3756 est
2030 3719 2128 3757 enim
2147 3710 2275 3768 unctio
2294 3717 2340 3775 Ιἰιι
2361 3726 2427 3763 ω,
2444 3715 2463 3748 ῖῑ

1429 3783 1564 3824 moniis
1576 3781 1740 3827 Domini,
1753 3778 1922 3837 videlicet
1935 3789 1983 3819 ex
1993 3769 2395 3842 communicationum}
2395 3774 2414 3832 j
