2540 4016
56 145 146 246 ἶὄειι

564 195 922 254 ΕΝΔΒΒΑΤΙΟΝΕΞ
945 201 991 239 ΙΝ
1015 199 1192 240 LIBRUM
1216 199 1526 240 NUMERORUM.
1552 220 1600 229 ·—
1622 202 1708 240 ΠΒ.
1733 202 1765 241 1.

2176 214 2248 252 (222

16 272 19 285 '
72 280 157 322 zelo
176 281 327 328 justitiae
353 281 549 319 secundum
566 285 748 327 praecepta
762 276 907 314 Domini
924 263 1053 313 vitium
1072 276 1127 312 in-
1144 285 1182 325 A
1195 277 1327 320 mines,
1349 274 1499 312 umbras
1522 274 1699 320 quasdam
1725 277 1763 311 et
1786 275 1964 324 imagines
1989 280 2158 322 simulant
2179 287 2246 323 ba.

18 348 19 353 ’
79 347 218 382 stanter
235 349 344 391 atque
361 344 524 380 ordinate
536 339 717 389 persequi.
737 338 871 376 Offeret
885 348 980 381 eam,
995 336 1126 383 inquit,

82 404 251 440 sacerdos
267 430 277 448 ,
313 409 351 441 et
386 407 520 441 statuet
544 402 678 439 'coram
704 400 858 437 Domino
899 403 1132 444 assumetque

79 472 210 508 aquam
235 468 399 500 sanctam
426 464 465 500 in
484 472 570 500 vase
592 461 710 505 fictili,
747 465 784 498 et
806 459 1003 508 pauxillum
1025 465 1132 497 terrae

78 524 129 561 de,
162 524 369 569 pavimento
414 522 638 560 tabernaculi
671 522 790 558 mittet
818 522 854 557 in
881 521 1022 565 eadem,
1059 525 1130 557 ete.

80 580 226 618 Statuet
249 583 419 619 sacerdos
438 581 593 619 offerens
612 581 800 617 mulierem
828 590 951 617 coram
966 580 1132 623 Domino,

59 632 165 687 xquia
197 641 320 676 divino
351 641 490 688 judicio
525 641 756 687 dijudicando
796 641 918 676 anima
949 640 1134 687 peccatrix

80 700 297 737 decernitur.
328 699 431 745 Aqua
454 706 587 738 sancta
617 701 654 736 in
684 711 771 737 vase
798 699 913 743 fictili,
933 700 1054 736 divina
1081 704 1136 735 est

81 761 258 807 sapientia
278 761 315 797 in
335 761 396 799 vili
416 761 535 797 littera
562 762 651 808 legis
675 761 947 807 comprehensa.
975 759 1039 796 Cui
1067 760 1135 795 mi-

80 826 157 857 scet
184 821 353 856 sacerdos
378 821 578 866 pauxillum
607 827 713 857 terrae
729 821 772 856 de
789 819 995 866 pavimento
1013 819 1134 854 taber-

79 881 214 924 naculi,
236 891 317 917 cum
336 881 475 918 Christi
495 883 640 918 decreto
663 879 958 917 commemoratio
975 879 1128 925 patriar-

80 942 244 984 charum,
262 942 519 988 prophetarum
531 946 638 987 atque
649 938 908 985 apostolorum,
927 939 1134 975 intromissa

79 1003 117 1038 in
140 1013 182 1038 ea
208 1003 400 1048 reperitur.
432 1002 534 1036 Hanc
559 1010 645 1046 ergo
673 1009 806 1045 aquam
824 998 1013 1044 Scriptura
1048 1000 1134 1036 dicit

80 1062 345 1098 amarissimam
372 1065 521 1106 propter
544 1058 686 1104 peccati
713 1058 911 1094 vindictam
935 1069 1015 1104 quae
1035 1058 1072 1094 in
1090 1069 1134 1095 ea

79 1119 307 1156 manifestata
341 1123 397 1156 est
436 1118 556 1154 taliter
591 1117 838 1161 commistam,
872 1123 979 1165 atque
1013 1117 1134 1154 divino

1197 338 1286 374 bere
1301 337 1490 373 virtutum.
1511 334 1591 373 Una
1609 345 1717 382 passa
1732 333 1785 371 illi
1799 341 2089 385 vescuntur,.qui
2103 349 2251 390 propter

1198 397 1377 434 humanos
1403 397 1528 434 oculos
1559 395 1787 434 abstinentiae
1810 397 1946 444 pallore
1971 398 2193 447 inficiuntur,
2210 409 2253 442 ut

1199 458 1352 507 gloriam
1382 464 1530 506 captent
1558 458 1604 495 ab
1628 457 1852 496 hominibus.
1881 458 2036 496 Acetum
2065 465 2186 498 autem
2213 462 2255 501 hi

1197 519 1328 558 bibunt
1343 547 1354 563 ‚
1382 520 1451 566 qui
1479 524 1562 566 post
1589 519 1672 556 vitae
1702 509 1933 556 sanctitatem
1973 520 2011 556 in
2040 523 2256 560 vetustatem

1198 579 1465 627 praeteritorum
1483 579 1657 615 vitiorum
1681 578 1866 623 labuntur,
1891 585 1928 615 et
1946 580 2178 627 corruptione
2194 591 2258 619 ve-

1200 638 1291 675 teris
1326 638 1498 684 nequitiae
1524 637 1764 674 delectantur.
1800 637 1976 685 Praecepit
2008 639 2130 686 itaque
2148 639 2256 686 Deus,

1202 703 1243 734 ut
1263 707 1326 734 eos
1349 698 1410 743 qui
1433 697 1639 734 sanctitatis
1662 697 1822 733 indicent
1853 697 2012 742 titulum,
2034 698 2175 734 cunctis
2200 698 2258 735 his

1202 763 1349 794 careant
1366 758 1476 801 vitiis,
1501 757 1709 804 nullamque
1729 758 1930 804 hujusmodi
1948 759 2260 804 perturbationem

1202 823 1384 864 appetant.
1406 817 1445 853 In
1464 818 1533 854 hoc
1556 823 1675 854 autem
1700 818 1795 864 quod
1814 818 1966 854 addidit.
1989 817 2172 855 Novacula
2190 831 2260 855 non

1203 878 1365 913 transibit
1381 889 1486 924 super
1499 884 1604 925 caput
1626 878 1702 924 eius
1730 889 1840 925 usque
1861 877 1906 914 ad
1939 878 2146 925 completum
2168 879 2261 916 diem

1201 948 1269 983 quo
1284 937 1433 973 Domino
1452 945 1691 983 consecratur,
1710 939 1880 976 admonet
1898 939 1998 986 ipsos
2016 940 2259 984 continentes,

1202 1006 1249 1032 ne
1269 995 1389 1032 dolum
1417 1002 1479 1032 aut
1504 992 1682 1033 malitiam
1708 998 1746 1033 in
1772 1002 1894 1035 mente
1913 1003 2078 1044 teneant,
2097 1010 2143 1037 ne
2167 999 2261 1037 forte

1202 1054 1385 1101 polluatur
1407 1057 1575 1092 caesaries
1601 1057 1728 1103 capitis
1753 1067 1891 1102 eorum,
1911 1058 1948 1093 id
1971 1063 2040 1102 est,
2065 1060 2183 1096 omnis
2202 1069 2262 1096 co-

1203 1115 1338 1162 gitatus
1367 1117 1497 1153 mentis
1525 1127 1669 1160 eorum;
1694 1118 1757 1154 sed
1776 1128 1891 1164 usque
1922 1119 1967 1154 ad
1984 1118 2093 1155 finem
2122 1121 2258 1158 scilicet

78 1190 189 1226 opere
222 1185 478 1223 contestatam,
508 1179 607 1215 bibet
632 1179 775 1222 mulier,
812 1184 852 1215 ut
884 1178 1135 1216 manifestetur
1153 1195 1185 1234 B
1202 1175 1391 1222 praesentis
1408 1176 1503 1219 vitae,
1521 1176 1764 1213 innocentiam
1783 1183 1943 1223 teneant3
1965 1180 2049 1226 quia
2066 1179 2172 1217 aliter
2187 1181 2261 1218 Deo

78 1241 174 1277 illius
202 1246 444 1287 contemptus,
476 1241 551 1277 sive
581 1240 641 1276 hic
670 1240 714 1275 ad
743 1240 840 1287 ejus,
874 1241 948 1277 sive
982 1241 1134 1278 aliorum

81 1302 361 1348 correptionem,
385 1303 459 1338 sive
485 1302 520 1337 in
542 1301 664 1336 futuro
684 1302 728 1337 ad
746 1299 823 1347 ejus
851 1301 1133 1346 damnationem,

79 1362 164 1407 quia
188 1362 387 1398 secundum
407 1359 580 1397 Veritatis
603 1371 750 1397 vocem:
772 1361 872 1396 Nihil
898 1368 947 1396 est
964 1362 1134 1397 occultum

78 1422 171 1468 quod
196 1434 265 1458 non
280 1423 410 1457 scietur
425 1422 566 1469 (Maulae.
588 1422 640 1468 x).
660 1422 704 1457 Et
724 1422 829 1458 item:
848 1421 983 1465 Sermo,
1004 1423 1134 1468 inquit,

79 1494 179 1532 quem
197 1483 332 1518 locutus
350 1494 426 1518 sum
443 1483 549 1526 vobis,
567 1481 624 1517 ille
640 1493 696 1517 vos
711 1483 885 1528 judicabit
901 1483 935 1518 in
952 1484 1135 1518 novissimo

78 1542 138 1578 die
171 1541 292 1589 (Joan.
325 1540 405 1588 xii).
448 1541 569 1577 Sumet
605 1542 725 1587 itaque
759 1542 927 1578 sacerdos
962 1542 1136 1589 pugillum

79 1600 261 1644 sacrificii,
282 1605 317 1636 et
338 1601 505 1636 incendet
523 1600 609 1636 illud
629 1611 736 1646 super
753 1601 880 1643 altare,
902 1612 983 1637 cum
1004 1606 1137 1638 sanctae

79 1663 266 1699 Trinitatis
305 1663 483 1700 consessio
519 1663 555 1698 in
592 1662 679 1710 legis
723 1663 904 1699 invenitur
937 1663 1134 1707 sacrificio,

79 1736 159 1772 quae
193 1726 228 1761 in
263 1736 326 1761 ara
359 1725 442 1761 fidei
476 1725 581 1770 digne
612 1724 685 1760 Deo
718 1723 879 1760 offertur.
916 1725 1016 1769 Quod
1051 1735 1136 1772 ergo

79 1787 213 1824 scribet
232 1787 401 1823 sacerdos
429 1787 463 1821 iu
493 1785 612 1820 libello
644 1785 831 1820 maledicta
852 1795 933 1830 ⁴quse
965 1785 1137 1821 adversus

81 1854 294 1895 peccantem
320 1847 481 1894 protulit,
502 1852 537 1882 et
561 1846 692 1882 delebit
714 1855 755 1881 ea
777 1846 879 1891 aquis
900 1846 1137 1881 amarissimis

80 1908 116 1944 in
126 1919 215 1954 quas
227 1908 416 1944 maledicta
431 1907 622 1953 congessit,
638 1905 817 1952 signifieat
830 1906 926 1952 quod
939 1915 1045 1951 poena
1056 1916 1136 1951 quae

78 1969 310 2016 peccantibus
328 1967 449 2003 futura
490 1973 563 2010 est,
594 1967 629 2001 in
656 1965 845 2011 Scriptura
877 1976 980 2001 sacra
1015 1965 1136 2010 expla-

78 2034 165 2065 nata
203 2028 396 2064 invenitur.
433 2027 484 2063 Ac
513 2027 640 2062 deinde
678 2026 881 2071 quicunque
912 2026 1135 2072 Scripturam

1204 1239 1325 1270 votum
1353 1235 1556 1272 sanctitatis
1582 1236 1803 1282 acceptabile
1827 1247 1900 1273 non
1926 1236 2092 1282 fecerint,
2113 1239 2184 1276 nisi
2202 1250 2263 1276 cu-

1202 1295 1357 1331 stodiam
1372 1296 1504 1331 mentis
1522 1296 1711 1343 diligenter
1731 1297 1935 1340 habuerint,
1953 1303 1989 1333 et
2008 1298 2044 1334 in
2062 1300 2132 1336 hoc
2148 1309 2263 1347 usque

1203 1354 1246 1389 ad
1265 1355 1371 1390 linem
1385 1364 1618 1400 perseverare
1641 1357 1855 1399 studuerint,
1874 1357 1958 1403 quia
1977 1360 2172 1395 secundum
2189 1359 2261 1396 Ve-

1204 1415 1322 1450 ritatis
1336 1416 1554 1451 sententiam
1569 1428 1576 1449 z
1595 1416 1664 1459 Qui
1676 1420 1942 1463 perseveraverit
1960 1430 2067 1466 usque
2081 1420 2127 1455 ad
2140 1421 2260 1466 finem,

1202 1476 1257 1510 bic
1272 1476 1388 1511 salvus
1405 1477 1468 1511 erit
1483 1476 1627 1524 (Mattb.
1644 1478 1724 1524 xli).
1742 1477 1847 1514 Omni
1864 1484 2015 1525 tempore
2030 1482 2263 1518 consecratio-

1205 1536 1257 1570 nis
1272 1547 1345 1571 sua:
1359 1548 1465 1582 super
1479 1543 1656 1573 mortuum
1671 1549 1739 1574 non
1754 1539 1980 1585 ingredietur,
1996 1551 2057 1576 nee
2084 1553 2187 1589 super
2199 1554 2263 1589 pa-

1203 1596 1266 1630 tris
1282 1595 1435 1641 quidem,
1452 1601 1481 1630 et
1496 1597 1619 1631 matris
1640 1602 1671 1632 et
1685 1597 1807 1642 [ratris
1824 1599 2023 1646 sororisque
2038 1600 2160 1645 funere
2179 1612 2263 1637 con-

1204 1655 1445 1699 taminabitur,
1460 1657 1542 1702 quia
1562 1658 1775 1692 consecratio
1793 1657 1857 1692 Dei
1877 1659 1932 1693 sui
1948 1669 2052 1705 super
2068 1666 2170 1706 caput
2186 1661 2263 1707 ejus

1204 1722 1267 1751 est.
1286 1715 1455 1751 Omnibus
1474 1717 1594 1752 diebus
1614 1719 1845 1763 separationis
1861 1729 1934 1754 suoe
1949 1725 2091 1755 sanctus
2115 1721 2177 1756 erit
2191 1721 2265 1757 Do-

1203 1775 1311 1811 mino.
1336 1775 1409 1812 Cur
1428 1787 1513 1823 ergo
1531 1777 1742 1813 Nazaraeum
1769 1789 1878 1824 super
1907 1786 2091 1816 mortuum
2123 1781 2263 1828 ingredi

1204 1837 1387 1883 prohibet,
1419 1839 1489 1873 nisi
1508 1839 1591 1884 quia
1611 1839 1710 1874 illum
1728 1850 1799 1876 non
1819 1840 1894 1876 vult
1915 1841 1977 1886 qui
2002 1843 2263 1880 continentiam

1205 1908 1306 1934 suam
1317 1898 1392 1934 Deo
1408 1900 1519 1942 vovit,
1538 1907 1762 1936 mortuorum
1779 1902 1814 1937 in
1829 1903 1987 1948 peccatis
2003 1905 2165 1951 exempla
2183 1906 2265 1942 imi-

1204 1960 1288 2002 tari,
1320 1970 1387 1996 nec
1411 1960 1613 2007 iniquitatis
1646 1971 1771 1998 eorum
1792 1965 1887 1999 viam
1921 1965 2084 2012 ingredi?
2106 1977 2151 2004 ne
2171 1967 2264 2004 sorte

1204 2019 1331 2064 perdat
1363 2020 1525 2057 laborem
1550 2032 1667 2066 suum,
1690 2028 1725 2058 et
1742 2034 1866 2060 omnes
1896 2032 1998 2062 actus
2029 2027 2124 2064 illius
2144 2039 2265 2075 repro-

78 2100 220 2127 gacram
246 2090 355 2126 corde
383 2089 442 2135 pio
462 2094 497 2124 01,
526 2087 670 2123 credulo
692 2087 871 2129 hauserit,
894 2087 1138 2133 suppliciaque
1156 2091 1185 2132 C
1207 2081 1351 2125 bentur,
1366 2082 1403 2118 in
1416 2083 1545 2128 quibus
1560 2094 1598 2119 se
1614 2084 1748 2130 aliquid
1764 2087 1983 2132 acceptabile
1994 2089 2147 2125 Domino
2159 2094 2265 2126 antea

78 2159 308 2199 peccatorum
327 2163 406 2198 quae
425 2152 461 2186 in
488 2162 531 2186 ea
551 2156 748 2186 narrantur
768 2150 1001 2196 pertimescit,
1025 2156 1132 2196 atque

80 2225 122 2250 se·
138 2224 159 2248 a
180 2213 339 2258 peccatis
359 2212 539 2247 custodire
572 2212 759 2253 studuerit,
784 2221 875 2256 aqua
896 2211 936 2246 fit
963 2211 1012 2246 illi
1039 2212 1134 2247 salu-

82 2274 171 2311 bris.
191 2274 258 2318 Qui
276 2280 396 2309 autem
416 2274 678 2310 contemnendo
695 2273 812 2308 minas
827 2273 905 2315 Dei,
927 2272 1133 2318 Scripturas

79 2344 204 2370 sacras
230 2333 407 2369 inutiliter
431 2333 551 2376 audit,
579 2331 700 2370 inflato
724 2337 849 2368 ventre
880 2332 1135 2378 computrescit

78 2391 197 2430 femur
226 2391 317 2437 ejus,
346 2399 453 2439 atque
483 2394 520 2429 in
550 2393 838 2429 maledictionem
869 2398 904 2429 et
929 2394 1133 2439 exemplum

79 2454 150 2490 erit
169 2454 265 2490 omni
291 2453 423 2500 populo
445 2465 452 2489 :
473 2453 557 2499 quia
584 2464 665 2489 cum
690 2453 788 2499 justo
813 2454 877 2490 Dei
900 2453 1038 2500 judicio
1064 2464 1132 2500 pu-

80 2514 201 2551 nietur
220 2516 461 2560 contemptrix
479 2515 609 2557 anima,
634 2516 671 2550 in
690 2515 923 2560 opprobrium
941 2514 991 2550 illi
1008 2523 1133 2550 omnes

79 2573 158 2621 ejus
178 2579 279 2610 actus
298 2579 334 2609 et
349 2573 526 2609 desideria
545 2574 770 2619 provenient.

497 2648 648 2684 CAPUT
674 2648 718 2683 X.

262 2695 314 2731 De
333 2697 401 2730 ritu
419 2694 587 2730 Nazarcei
613 2701 643 2729 et
665 2693 839 2729 oblatione
857 2704 948 2740 ejus.

128 2756 228 2805 (Car.
255 2758 321 2803 vi.)
351 2755 502 2791 Locutus
519 2762 568 2791 est
584 2756 753 2791 Dominus
773 2755 818 2791 ad
834 2755 978 2801 Moysen
994 2755 1134 2791 dicens:

79 2815 233 2864 Loquere
252 2816 296 2851 ad
313 2815 403 2861 filios
420 2815 548 2859 Israel,
565 2822 596 2851 ct
613 2816 705 2851 dices
727 2816 771 2851 ad
789 2827 845 2851 eos
862 2827 872 2851 :
895 2815 958 2850 Vir
971 2816 1040 2851 sive
1059 2827 1136 2850 mu-

79 2877 144 2914 lier
159 2889 238 2914 cum
251 2877 395 2923 fecerint
406 2884 522 2913 votum
534 2883 569 2912 ut
584 2877 859 2922 sanctificentur,
873 2883 905 2912 et
919 2889 954 2912 se
967 2876 1136 2913 voluerint

79 2937 230 2975 Domino
244 2949 460 2982 consecrare,
482 2950 503 2974 a
523 2939 600 2973 vino
620 2943 651 2973 et
670 2938 763 2973 omni
779 2937 870 2985 quod
886 2938 1053 2973 inebriari
1071 2948 1135 2983 po-

1202 2143 1318 2190 egisse
1339 2143 1491 2181 Domino
1516 2145 1744 2181 confidebat:
1766 2147 1850 2192 quia
1878 2158 1948 2183 non
1973 2150 2034 2195 qui
2064 2151 2174 2198 coepit
2201 2152 2264 2188 bo-

1201 2215 1300 2247 num,
1322 2206 1384 2241 sed
1403 2206 1463 2251 qui
1485 2213 1693 2253 perseverat
1709 2209 1744 2243 in
1762 2209 1868 2253 bono,
1886 2212 2135 2248 coronabitur.
2159 2213 2261 2252 Unde

1202 2270 1237 2300 et
1259 2276 1278 2300 a
1295 2267 1421 2311 patris,
1440 2267 1516 2303 sive
1545 2278 1565 2302 a
1581 2268 1719 2310 matris,
1740 2279 1802 2305 seu
1818 2269 1943 2306 fratris
1974 2273 2180 2319 sor0r1sque
2206 2274 2262 2310 su-

1202 2337 1287 2361 nere
1305 2327 1513 2370 retrahitur,
1533 2328 1617 2372 quia
1633 2329 1750 2365 omnis
1777 2331 1897 2366 carnis
1915 2330 2063 2367 affectus
2082 2335 2262 2379 amputari

1202 2386 1321 2429 debet,
1338 2387 1396 2422 ubi
1412 2387 1485 2423 Deo
1501 2387 1567 2422 soli
1582 2388 1724 2433 placere
1741 2391 1984 2426 contenditur.
2003 2392 2076 2428 Nec
2092 2394 2163 2429 ulla
2185 2394 2260 2430 affi-

1202 2446 1297 2480 nitas
1319 2445 1565 2490 proximorum
1587 2457 1666 2492 quae
1686 2449 1730 2483 ad
1749 2455 1934 2493 peceatum
1961 2461 2025 2487 nos
2048 2453 2172 2496 trahit,
2194 2465 2259 2490 no-

1203 2506 1339 2540 biscum
1376 2505 1505 2541 sociari
1539 2507 1779 2551 permittitur;
1821 2510 1882 2544 sed
1908 2510 2011 2556 juxta
2038 2512 2122 2548 illud
2140 2513 2258 2549 Evan-

1202 2566 1283 2612 gelii
1303 2578 1310 2599 :
1329 2565 1369 2601 Si
1394 2566 1550 2608 dextera,
1571 2566 1702 2612 inquit,
1725 2578 1847 2603 nzanus
1873 2575 1931 2604 tua
1955 2570 2007 2606 vel
2026 2582 2085 2617 pes
2108 2573 2259 2609 scanda-

1203 2625 1285 2660 lizat
1304 2632 1348 2669 te,
1369 2625 1505 2661 abscide
1520 2637 1594 2661 eam
1619 2634 1650 2662 et
1664 2628 1795 2674 projice
1811 2629 1871 2665 abs
1888 2636 1932 2666 te.
1951 2631 2101 2679 Expedit
2125 2635 2200 2679 tibi,
2217 2641 2256 2671 ut

1201 2692 1317 2731 pereat
1336 2697 1444 2720 unum
1459 2686 1692 2722 membrorum
1714 2694 1867 2733 tuorum,
1883 2701 1987 2736 quam
2008 2697 2117 2728 totum
2133 2705 2258 2741 corpus

1203 2754 1300 2781 tuum
1331 2754 1384 2782 eat
1410 2748 1446 2782 in
1478 2748 1669 2794 qebennam
1699 2748 1907 2798 (Mattl1.v).
1948 2751 2071 2790 Omnis
2087 2765 2256 2801 persona,

1203 2809 1319 2845 omnis
1354 2809 1524 2856 dignitas,
1544 2810 1662 2846 omnis
1694 2813 2002 2859 consanguinitas,
2024 2822 2104 2861 post
2122 2817 2258 2855 Christi

1204 2879 1363 2905 amorem
1389 2870 1555 2916 ponenda
1586 2875 1655 2914 est,
1676 2881 1742 2907 nec
1769 2872 1903 2918 aliquid
1934 2874 2041 2912 debet
2071 2876 2255 2923 soederari,

1205 2929 1299 2974 quod
1318 2939 1384 2965 nos
1404 2940 1474 2965 non
1492 2930 1629 2976 patitur
1653 2941 1734 2966 cum
1755 2932 1899 2969 Christo
1923 2935 2032 2971 uniri.
2065 2936 2156 2980 Quia
2176 2950 2259 2974 con-

78 3003 142 3035 test
155 2998 386 3034 abstinebunt.
407 2997 551 3034 Acetum
567 3008 609 3033 ea:
631 2998 708 3033 vino
725 3003 812 3033 etex
827 2997 977 3044 qualibet
993 2997 1063 3032 alia
1077 3008 1139 3043 po·
1157 2990 1192 3030 D
1209 2991 1369 3034 semotio,
1389 2991 1519 3038 inquit,
1542 2992 1607 3028 Dei
1625 3004 1728 3039 super
1743 3000 1845 3041 caput
1864 2996 1939 3042 ejus
1957 3002 2019 3039 est,
2039 2996 2074 3033 id
2092 3003 2158 3041 est,
2181 2998 2259 3045 Spi-

78 3058 183 3103 tione,
207 3064 238 3094 et
250 3057 419 3105 quidquid
434 3058 475 3092 de
489 3068 555 3093 uva
579 3057 785 3103 exprimitur
810 3067 879 3092 non
898 3057 1022 3092 bibent.
1042 3054 1132 3092 Uvas

81 3125 232 3156 recentes
246 3120 423 3166 siccasque
439 3129 510 3154 non
532 3118 708 3153 comedent
729 3118 860 3153 cunctis
874 3117 994 3153 diebus
1009 3117 1133 3164 quibus

80 3191 123 3216 ea:
136 3186 212 3216 voto
226 3179 376 3215 Domino
391 3185 649 3216 consecrantur.
678 3179 855 3227 Quidquid
877 3190 919 3215 ea:
941 3180 1040 3215 vinea
1061 3189 1134 3215 esse

78 3246 204 3288 potest,
227 3240 270 3276 ab
288 3251 355 3276 uva
371 3251 475 3287 passa
499 3250 604 3286 usque
620 3239 666 3275 ad
692 3239 833 3275 acinum
856 3250 924 3274 non
941 3238 1132 3274 comedent.

81 3297 185 3336 Omni
201 3305 352 3347 tempore
365 3299 595 3346 separationis
609 3310 695 3343 suoe,
707 3298 875 3334 novacula
890 3310 959 3334 non
973 3297 1135 3334 transibit

79 3370 141 3407 per
152 3365 256 3407 caput
281 3359 370 3406 ejus,
389 3370 496 3407 usque
508 3359 555 3395 ad
569 3358 775 3406 completum
794 3359 885 3395 diem
901 3371 968 3407 quo
983 3359 1133 3396 Domino

82 3422 303 3455 consecratur
313 3429 324 3455 .·
333 3423 472 3455 sanctus
487 3419 551 3455 erit
566 3425 736 3455 crescente
750 3420 893 3456 coesarie
906 3413 1029 3466 capitis
1043 3419 1132 3466 ejus.

84 3475 176 3522 Quid
201 3486 286 3526 ergo
313 3477 565 3516 Nazaraeorum
596 3479 740 3516 nomine
773 3479 845 3516 nisi
877 3479 1134 3516 abstinentium

76 3534 417 3588 ‘continentiumque
433 3540 509 3578 vita
533 3541 720 3589 signatur?
751 3539 816 3577 His
834 3541 871 3577 in
890 3540 974 3576 vino
993 3539 1133 3575 luxuria

86 3589 308 3644 ffrffllbetur,
325 3600 363 3636 in
381 3600 496 3638 sicera
515 3601 632 3639 omnis
647 3601 813 3648 voluptas
833 3607 989 3638 terrena.
1010 3598 1133 3636 Sicera

89 3658 185 3693 enini
209 3667 255 3704 ex
270 3659 413 3702 diverso
437 3661 629 3703 conficitur
662 3673 819 3711 genere:
839 3664 891 3700 sic
910 3662 1071 3709 voluptas
1090 3671 1135 3698 ex

89 3716 232 3753 diversa
250 3705 428 3770 *vitiorum
447 3719 565 3758 oritur
589 3723 770 3768 passione.
804 3723 857 3758 lui
892 3723 988 3759 enim
1013 3723 1134 3758 vinum

43 3813 46 3830 ς
90 3777 232 3822 bibunt,
260 3773 297 3815 et
317 3760 471 3818 siceram
490 3774 632 3826 hibunt,
656 3781 718 3831 qui
743 3780 787 3818 ad
814 3780 1040 3829 decipiendos
1072 3781 1136 3818 ho-

1202 3050 1293 3087 ritus
1320 3052 1433 3087 sancti
1460 3052 1575 3098 gratia
1601 3052 1637 3087 in
1656 3053 1763 3089 corde
1788 3053 1866 3099 ejus
1884 3055 2011 3091 diffusa
2031 3061 2098 3092 est.
2119 3056 2204 3093 Inde
2223 3064 2258 3094 et

1201 3113 1334 3149 Paulus
1354 3114 1440 3150 dicit
1457 3123 1466 3149 z
1486 3113 1605 3149 Nolite
1627 3115 1832 3150 contristare
1847 3115 2018 3161 Spiritum
2032 3124 2203 3160 sanctum,
2220 3119 2257 3153 in

1202 3186 1269 3221 quo
1284 3175 1412 3221 siqnuti
1429 3174 1509 3210 estis·
1524 3175 1561 3210 in
1574 3174 1630 3210 die
1647 3174 1888 3220 redemptionis
1899 3174 2041 3221 (Eplies.
2055 3175 2118 3222 iv).
2132 3175 2257 3212 Omnis

1204 3235 1280 3271 dics
1314 3235 1551 3280 separationis
1571 3235 1646 3270 sive
1666 3239 1813 3270 sanctus
1831 3233 1900 3268 erit
1918 3234 2080 3269 Domino.
2108 3233 2257 3280 Oportet

1205 3303 1291 3341 ergo
1311 3295 1456 3331 omnino
1487 3301 1526 3330 ut
1553 3295 1621 3330 hoc
1638 3293 1700 3329 flat
1732 3292 1808 3339 ejus
1832 3291 1927 3335 voti,
1958 3293 2027 3328 hoc
2046 3294 2168 3339 studii,
2187 3295 2257 3332 hoc

1205 3359 1351 3402 laboris,
1373 3363 1411 3394 ut
1427 3368 1533 3394 omne
1555 3362 1693 3402 tempus
1712 3365 1782 3401 quo
1798 3355 1950 3392 Domino
1968 3357 2172 3394 consecrari
2191 3368 2258 3405 per

1205 3420 1460 3457 continentiam
1475 3419 1549 3454 sive
1562 3417 1817 3453 abstinentiam
1826 3422 1938 3462 optat,
1951 3417 2028 3455 sine
2038 3421 2254 3458 contamina·

1207 3480 1301 3516 tione
1316 3478 1456 3524 peccati
1475 3482 1583 3523 atque
1610 3475 1743 3519 delicti,
1763 3486 1876 3522 usque
1901 3476 1938 3514 in
1955 3476 2065 3516 finem
2089 3490 2255 3528 perseve-

1205 3549 1285 3576 rare
1304 3537 1511 3575 contendat.
1532 3535 1723 3582 Sequitur:

1252 3597 1317 3635 Sin
1343 3602 1458 3632 autem
1481 3600 1638 3632 mortuus
1665 3595 1772 3642 fuerit
1798 3595 1911 3633 subito
1935 3597 2108 3646 quispiam
2134 3611 2254 3638 coram

1203 3671 1256 3703 eo,
1285 3657 1458 3706 polluetur
1481 3662 1584 3704 caput
1613 3657 1882 3694 consecrationis
1911 3658 2001 3705 ejus.
2033 3658 2135 3704 Quod
2154 3662 2255 3700 radet

1204 3720 1318 3764 illico,
1346 3724 1376 3754 et
1404 3719 1441 3754 in
1469 3717 1589 3754 eadem
1617 3717 1671 3754 die
1692 3717 1909 3766 purgationis
1938 3731 2032 3766 suoe,
2058 3728 2091 3760 et
2113 3734 2252 3761 rursum

1205 3780 1349 3827 septimo
1370 3770 1426 3814 dic
1446 3778 1571 3815 iterum
1588 3777 1700 3816 radet.
1723 3769 1769 3817 In
1783 3784 1901 3818 octavo
1920 3786 2036 3818 autem
2056 3782 2113 3821 die
2131 3784 2253 3831 offeret
