2540 4016
50 138 54 194 j
71 156 153 219 issi

558 155 918 195 ENARRATmNEs
942 155 988 193 IN
1013 153 1190 192 LIBRUM
1214 153 1529 197 uum-:nonum
1551 175 1601 185 —·
1619 157 1708 201 ΠΒ.
1729 160 1794 201 lv.

2192 167 2264 207 822

86 237 230 277 mansio
257 244 354 274 nunc
393 234 580 272 tricesima
610 232 721 269 tertia
752 240 836 268 esse
871 231 1028 267 dicatur.
1064 229 1136 267 Sed
1153 230 1192 273 A
1204 238 1339 266 nomen
1356 227 1503 272 Horma,
1522 228 1561 265 id
1577 235 1648 274 est,
1665 231 1872 271 anathema.
1890 237 2024 277 Eadem
2038 242 2160 280 dicere
2172 242 2263 280 mihi

85 297 273 336 sciendum
307 292 404 342 quod
422 293 524 344 prior
536 302 602 340 per
621 290 769 332 samech
784 297 812 331 n
827 289 986 326 litteram
1011 290 1140 327 scribi-

83 362 158 404 tur,
182 357 512 402 interpretaturque
528 351 636 389 rubus
652 351 729 388 sive
759 350 893 386 odiam.
914 348 1000 386 Haee
1018 354 1141 386 autem

82 429 149 468 per
166 417 255 456 sade
271 422 311 460 it,
332 420 370 452 et
384 414 541 453 vertitur
562 413 600 451 in
629 412 848 450 mandatum.
865 410 1028 457 Illudque
1044 411 1141 456 quod

78 479 253 527 jungitur,
264 475 392 521 Gades,
404 486 475 512 non
484 481 525 512 ut
530 475 695 523 plerique
703 473 913 511 existimant
920 478 1043 509 sancta
1052 471 1140 508 dici-

84 547 155 583 tur,
166 538 227 574 sed
235 545 376 575 murata
385 539 460 575 sive
470 535 655 572 translata.
667 535 836 582 Legimus
846 534 884 570 in
892 534 1023 571 Genesi
1033 531 1137 582 (cap.

80 600 234 646 xxxvm)
247 600 350 645 juxta
367 600 585 636 Hebraieam
599 599 805 643 veritatem,
821 599 883 635 ubi
901 598 1011 636 Judas
1026 608 1140 635 mere-

81 662 209 702 tricem
224 665 355 708 putans
366 661 535 704 Thamar,
549 662 642 698 dona
661 661 889 705 transmittit,
900 666 936 700 et
953 667 1139 708 sequester

79 732 271 760 numerum
307 722 519 768 interrogat,
546 723 604 759 ubi
628 729 678 759 est
699 723 841 767 cadesa,
864 722 934 759 ‘noe
953 727 1009 760 est
1038 733 1139 760 scor-

82 784 169 821 tum,
213 779 315 825 eujus
353 780 497 816 habitus
520 791 538 815 a
567 781 708 817 caeteris
748 780 892 816 seminis
925 780 1138 818 immutatus

79 845 148 876 est.
167 839 205 874 In
226 839 348 877 multis
366 850 508 887 quoque
524 841 613 876 locis
629 841 698 876 hoe
717 841 812 876 idem
833 839 1047 885 reperimus.
1071 840 1136 878 Sin

73 873 203 935 'autem
237 906 361 935 sancta
383 901 657 945 interpretatur,
679 898 752 936 κατ’
771 900 969 948 ἀντὶφρασιν
993 904 1049 934 est
1082 900 1136 935 in-

79 959 328 1006 telligendum,
358 961 540 1006 quomodo
566 960 690 996 Parcae
724 960 894 995 dicuntur
913 960 958 995 ab
976 970 1018 996 eo
1039 963 1136 1007 quod

77 1018 227 1054 minime
247 1023 400 1063 parcant
436 1031 444 1053 ε
466 1024 502 1054 et
518 1019 665 1061 bellum,
687 1019 783 1065 quod
812 1030 1041 1066 nequaquam
1060 1023 1135 1059 bel-

75 1079 148 1115 lum
170 1079 215 1116 sit
233 1090 241 1123 ;
264 1085 300 1115 et
319 1079 433 1122 lucus,
449 1081 545 1125 quod
564 1081 711 1116 minime
724 1080 856 1116 luceat.
876 1081 915 1117 ln
936 1083 1004 1119 hac
1022 1084 1134 1120 etiam

75 1140 263 1176 mansione
295 1141 451 1175 moritur
487 1140 596 1176 Maria
629 1147 666 1176 et
698 1142 898 1188 sepelitur:
921 1149 957 1179 et
985 1150 1132 1190 propter

76 1212 190 1248 aquas
225 1202 521 1238 contradictionis
551 1202 692 1249 Moyses
724 1208 761 1238 et
789 1203 910 1240 Aaron
946 1205 1132 1243 offendunt

73 1262 203 1307 Deum,
223 1269 258 1298 et
278 1263 516 1309 probibentur
531 1265 687 1300 transire
708 1263 917 1302 Jordanem.
938 1267 1132 1316 Missisque

73 1325 210 1361 nuntiis
229 1325 273 1361 ad
291 1325 419 1369 Edoni,
440 1326 614 1363 transitus
639 1328 775 1372 petitur
809 1338 876 1364 nec
900 1329 1129 1375 impetratur.

73 1385 161 1430 Quis
181 1386 326 1422 timeret
350 1394 428 1432 post
456 1393 576 1422 tantos
595 1387 780 1433 profectus
800 1399 965 1426 murmur
992 1392 1129 1438 populi,

71 1452 108 1483 et
126 1447 300 1483 offensam
328 1449 599 1494 magistrorum,
637 1454 673 1484 et
691 1449 757 1484 viae
779 1450 954 1486 transitus
975 1452 1132 1499 denega-

72 1508 158 1543 tos?
178 1508 220 1543 Et
260 1514 344 1543 nota
381 1509 477 1553 quod
516 1514 599 1553 post
634 1515 788 1546 mortem
826 1512 1065 1557 prophetissa:
1094 1521 1130 1551 et

72 1579 186 1614 aquas
230 1570 528 1606 contradictionis
567 1570 762 1607 Idumaeum
808 1582 980 1609 carneum
1022 1581 1129 1622 atque

72 1635 256 1666 terrenum
284 1631 442 1667 transire
469 1642 539 1666 non
566 1633 716 1676 possint,
743 1638 779 1669 ct
807 1643 888 1670 cum
912 1636 1035 1672 multis
1052 1648 1132 1683 pre·

71 1690 172 1726 cibus
197 1695 234 1726 et
259 1697 389 1727 conatu
415 1691 509 1726 viam
536 1702 607 1727 non
643 1693 848 1738 impetrent,
876 1696 939 1731 sed
965 1697 1130 1742 egredia-

71 1759 132 1789 tur
157 1755 269 1791 Edom
297 1755 473 1792 adversus
498 1767 559 1792 eos
583 1757 619 1792 in
646 1758 759 1794 multo
784 1760 917 1806 populo
937 1760 1027 1796 etin
1047 1771 1127 1796 ma-

70 1825 119 1851 nn
146 1815 243 1853 sorti.
271 1815 525 1862 interpretatio
556 1828 699 1864 quoque
716 1820 872 1856 nominis
889 1821 996 1857 morti
1017 1826 1052 1857 et
1070 1822 1127 1858 os-

70 1879 194 1923 sensae,
210 1884 246 1915 et
261 1881 404 1926 negatio
430 1880 596 1916 transitui
625 1882 807 1919 convenit.
825 1882 893 1918 Ubi
914 1883 1011 1918 enim
1024 1894 1128 1921 man-

69 1941 207 1983 datum,
219 1941 266 1976 ibi
277 1946 464 1986 peccatum
476 1952 484 1984 ;
496 1941 556 1977 ubi
565 1948 769 1988 peecatum,
781 1943 828 1979 ibi
841 1943 976 1979 offensa
987 1955 996 1987 ;
1008 1944 1126 1981 ubios-

66 2001 184 2045 sensa,
198 2002 246 2038 ibi
261 2011 372 2037 mors.
389 2002 472 2037 Haec
482 2007 538 2038 est
555 2003 693 2038 mansio
710 2003 754 2038 de
772 2014 842 2050 qua
855 2003 1048 2041 Psalmista
1063 2015 1123 2041 ca-

67 2062 120 2098 nit
141 2074 149 2098 :
177 2061 425 2098 Commovebit
447 2061 620 2098 Dominus
641 2062 823 2099 desertum
841 2063 970 2101 Cades.

114 2121 324 2169 Eqressique
362 2121 404 2158 de
431 2121 557 2166 Gades,
593 2125 833 2165 castrametati
853 2131 934 2161 sunt
953 2127 991 2161 in
1008 2133 1124 2163 monte

68 2184 160 2228 Hor,
183 2186 220 2222 in
249 2185 411 2223 extremis
433 2186 563 2231 finibus
593 2192 696 2222 terrce
730 2186 859 2223 Edam.
892 2188 1124 2236 Ascenditqae

67 2246 186 2282 Aaron
206 2245 370 2282 sacerdos
388 2251 539 2284 montem
559 2246 638 2282 Hor
661 2248 804 2293 jubente
827 2248 994 2292 Domino,
1025 2256 1056 2285 et
1076 2251 1124 2286 ibi

66 2312 224 2342 mortuus
255 2312 304 2342 est
325 2317 418 2342 anno
439 2306 707 2352 quadragesimo
740 2309 945 2354 eyressionis
969 2310 1123 2354 filiorum

66 2365 181 2402 Israel
200 2376 244 2402 ea:
262 2365 432 2412 AEqypto‚
453 2377 569 2402 mense
587 2366 720 2413 quinto,
742 2368 856 2413 prima
890 2368 945 2404 die
966 2370 1094 2404 mensis
1113 2397 1122 2413 ,

67 2437 146 2463 eum
166 2432 252 2462 esset
280 2438 453 2465 annorum
474 2434 610 2464 centum
633 2428 752 2474 riqinti
775 2429 894 2464 trium.
916 2430 1124 2477 Audivitqne

67 2485 290 2523 Cleanartoeus
310 2499 370 2522 rex
390 2487 502 2530 Arad,
522 2488 582 2533 qui
606 2488 786 2524 habitabat
807 2489 853 2526 ad
872 2490 1065 2533 meridiem,
1088 2491 1124 2526 in

66 2551 196 2584 terram
232 2544 404 2583 chanaan
448 2547 579 2584 venisse
614 2546 713 2591 {filios
750 2547 878 2583 Israel.
922 2549 1122 2595 Trigesima

66 2610 196 2652 quarta
220 2605 361 2642 mansio
398 2610 467 2647 est,
496 2615 603 2650 quam
641 2606 804 2653 plerique
836 2607 1125 2654 interpretantur

67 2667 207 2710 turma,-
227 2675 294 2702 nee
309 2671 488 2710 errarent,
511 2665 542 2703 si
562 2676 627 2713 per
643 2665 756 2711 Aleph
771 2674 798 2705 κ
813 2667 971 2704 litteram
987 2669 1124 2705 scribe-

66 2734 181 2766 retur.
202 2727 272 2763 Alii
290 2725 437 2773 pellem:
459 2731 495 2761 et
528 2726 595 2771 ipsi
614 2736 740 2763 verum
762 2727 946 2772 dicerent,
978 2729 1007 2764 si
1030 2735 1125 2765 esset

66 2788 136 2826 Ain
153 2795 177 2830 y
202 2787 372 2834 positum.
395 2786 565 2822 Nonnulli
586 2785 769 2831 foramen;
790 2788 886 2833 quod
918 2794 1042 2835 posset
1063 2799 1124 2825 ae-

67 2848 152 2894 cipi,
175 2849 205 2884 si
224 2848 314 2884 Beth
333 2854 359 2888 '2
377 2873 387 2890 ,
410 2847 559 2884 haberet
577 2846 807 2884 elementum.
831 2847 920 2885 Cum
939 2855 1057 2886 autem
1074 2851 1124 2887 le-

1210 301 1284 327 non
1303 293 1360 326 est
1375 289 1531 336 pigrum,
1550 287 1756 335 legentibus
1781 296 2038 342 necessarium,
2055 303 2152 346 quod
2163 313 2262 341 sem-

1208 359 1276 396 per
1294 349 1475 386 humanus
1493 351 1610 384 status
1637 347 1676 386 in
1689 347 1797 394 hujus
1814 349 1936 386 saeculi
1954 353 2014 389 via
2028 354 2196 406 fluctuet,
2225 367 2264 399 et

1209 405 1302 443 alius
1323 407 1360 443 in
1390 407 1499 452 valle,
1526 406 1619 444 alius
1646 406 1686 442 in
1713 415 1842 453 eampo
1855 434 1866 451 ,
1901 408 1993 446 atius
2024 407 2197 457 moriatur
2223 419 2263 459 in

1207 473 1331 504 monte
1360 477 1370 503 :
1391 477 1460 504 nee
1489 469 1526 504 in
1557 471 1682 505 monte
1713 467 1942 515 simpliciter,
1975 472 2039 508 sed
2068 471 2107 508 in
2134 479 2266 516 montis

1207 533 1344 572 monte,
1375 528 1414 564 id
1438 534 1507 572 est,
1527 529 1566 565 in
1583 528 1727 565 excelso
1746 530 1898 567 vertice.
1919 529 2082 578 Cumque
2112 544 2180 572 nos
2203 530 2267 575 Dei

1207 587 1343 624 auxilio
1377 588 1571 625 destitutos
1606 589 1722 626 hostis
1747 589 1933 635 invaserit,
1963 591 2177 642 duxeritque
2205 607 2267 633 ea-

1206 649 1338 697 ptivos,
1362 659 1434 684 non
1459 659 1646 696 speremus
1664 650 1832 694 salutem,
1859 651 1921 688 sed
1934 651 2066 688 iterum
2085 663 2268 693 armemur

1209 710 1254 746 ad
1272 709 1451 757 praelium.
1471 709 1597 747 Potest
1617 711 1697 747 fieri
1728 717 1768 747 ut
1799 712 1987 749 vincamus
2006 713 2067 749 ubi
2091 713 2178 750 victi
2207 725 2269 752 su-

1206 783 1310 816 mus;
1331 777 1368 809 et
1401 773 1438 809 in
1458 774 1585 810 eodem
1608 774 1687 810 loeo
1709 775 1996 822 triumphemus,
2029 775 2067 814 in
2091 786 2164 825 quo
2194 776 2268 815 fui-

1205 843 1288 870 mus
1307 838 1390 870 ante
1411 834 1556 880 captivi.

1255 894 1301 930 Et
1336 896 1484 942 profecti
1506 895 1549 943 <le
1579 901 1698 932 monte
1725 895 1817 941 Hor,
1854 898 2094 935 castrametati
2124 904 2207 936 sunt
2232 900 2272 937 in

1205 956 1388 993 Selmona.
1415 956 1514 993 Unde
1533 959 1661 1004 equ-essi
1681 965 1849 995 venerunt
1869 961 1905 996 in
1926 958 2082 996 Phinon.
2101 960 2165 998 Hae
2191 962 2271 999 duae

1203 1018 1424 1058 mansiones,
1462 1019 1647 1064 trigesima
1666 1019 1793 1064 quinta
1811 1025 1847 1056 et
1876 1021 2060 1068 trigesima
2081 1027 2198 1067 sexta,
2232 1023 2270 1059 in

1205 1077 1331 1112 ordine
1358 1077 1519 1112 historiae
1539 1088 1611 1113 non
1644 1078 1893 1123 inveniuntur,
1927 1081 1991 1117 sed
2017 1082 2192 1128 scriptum
2212 1089 2268 1120 est

1151 1132 1184 1173 B
1202 1145 1268 1182 pro
1285 1135 1336 1171 cis
1358 1145 1367 1170 ε
1390 1136 1535 1182 Egressi
1554 1141 1638 1171 sunt
1656 1137 1700 1173 de
1715 1143 1838 1174 monte
1855 1137 1944 1183 Hor,
1963 1150 2029 1186 per
2046 1141 2142 1176 viam
2157 1143 2270 1179 maris

1202 1195 1330 1238 Rubri,
1352 1201 1388 1231 et
1406 1196 1666 1232 circumierunt
1688 1203 1823 1234 terram
1839 1198 1966 1235 Edoni.
1987 1200 2041 1236 Ex
2059 1211 2131 1248 quo
2148 1207 2270 1238 osten-

1202 1256 1300 1292 ditur
1319 1257 1354 1292 in
1366 1257 1498 1293 linibus
1510 1265 1618 1303 atque
1631 1258 1784 1294 circuitu
1801 1265 1907 1296 terrae
1921 1260 2034 1296 Edom
2047 1272 2107 1298 cas
2115 1263 2264 1309 positas.

1200 1316 1277 1353 Nec
1310 1318 1511 1353 seeundum
1547 1328 1684 1354 morem
1717 1319 1862 1366 legitur,
1893 1319 2051 1367 Profecti
2075 1323 2118 1359 de
2151 1330 2267 1360 monte

1201 1378 1295 1423 Hor,
1321 1386 1437 1415 castra
1458 1381 1577 1415 metati
1598 1386 1679 1415 sant
1699 1381 1735 1416 in
1752 1380 1936 1425 selmona,
1956 1383 2031 1419 sive
2048 1383 2085 1419 in
2101 1383 2263 1431 Phinonf,

1200 1441 1264 1476 scd
1284 1446 1366 1486 post
1386 1441 1561 1476 ambitum
1584 1448 1691 1477 terrae
1718 1443 1979 1488 idumaeorum,
2007 1445 2107 1481 venit
2127 1446 2171 1481 ad
2199 1456 2264 1482 ex-

1200 1505 1358 1537 tremum
1391 1507 1426 1538 et
1469 1503 1519 1538 ait
1547 1513 1556 1537 t
1590 1501 1748 1549 Profecti
1776 1504 1842 1549 filii
1861 1504 1988 1550 Israel,
2023 1509 2265 1543 castrametati

1199 1568 1281 1597 sunt
1303 1562 1338 1598 in
1363 1561 1488 1598 Obollt.
1510 1563 1584 1599 Nec
1604 1564 1693 1599 dixit
1722 1564 1873 1610 profecti
1902 1571 1986 1601 sunt
2006 1566 2048 1602 de
2078 1566 2140 1603 illo
2157 1567 2194 1602 in
2221 1567 2263 1603 il-

1198 1623 1274 1658 lum
1292 1623 1423 1666 locum,
1447 1625 1532 1671 quia
1559 1625 1648 1662 (luas
1668 1626 1876 1662 mansiones
1896 1627 2039 1664 silentio
2058 1629 2262 1675 praetermi-

1198 1690 1311 1720 serat.
1331 1684 1428 1728 Quas
1446 1685 1483 1720 in
1502 1687 1759 1732 supputatione
1778 1691 1954 1731 tacuerat,
1978 1687 2096 1724 reddit
2111 1689 2147 1724 in
2164 1699 2262 1725 sum-

1197 1755 1270 1781 na.
1291 1746 1412 1782 Prima
1431 1747 1571 1783 mansio
1592 1747 1777 1792 Selmena,
1809 1747 2068 1796 interpretatur
2098 1750 2262 1797 imayun—

1198 1805 1292 1842 cula.
1316 1806 1483 1843 Secunda
1504 1807 1645 1844 Phinon
1665 1808 1879 1846 diminutive
1904 1821 1941 1846 os
1960 1811 2005 1847 ab
2024 1821 2101 1855 ore,
2122 1822 2194 1848 non
2214 1813 2258 1848 ab

1197 1875 1293 1909 osse,
1327 1867 1501 1914 intellige.
1524 1868 1563 1903 In
1595 1869 1651 1904 his
1685 1868 1807 1905 Aaron
1836 1875 2002 1915 mortuo,
2032 1877 2261 1908 murmurant

1197 1932 1323 1962 contra
1356 1927 1548 1963 Dominum
1579 1934 1615 1964 et
1646 1929 1813 1976 Moysen;
1843 1942 1974 1967 manna
2002 1932 2210 1977 fastidiunt;
2238 1943 2259 1969 a

1197 1982 1426 2034 serpentibus
1443 1989 1701 2034 vulnerantium
1725 1996 1759 2027 et
1774 1992 1810 2026 in
1831 1996 1954 2039 typum
1973 1992 2259 2039 Salvatoris,qui

1144 2036 1174 2078 C
1196 2059 1321 2085 verum
1339 2051 1617 2096 :antiquumque
1647 2058 1853 2098 serpentem
1883 2053 1919 2088 in
1940 2053 2104 2100 patibulo
2132 2054 2260 2089 trium-

1191 2115 1333 2160 phavit,
1355 2115 1488 2151 diaboli
1510 2125 1647 2151 venena
1667 2121 1897 2161 superantur.
1922 2116 2023 2152 Unde
2044 2122 2081 2153 et
2095 2117 2259 2163 imagun-

1193 2175 1287 2218 cula,
1311 2186 1397 2211 vera
1419 2186 1665 2222 expressaque
1697 2176 1815 2223 imago
1846 2175 1911 2212 Dei
1933 2176 2031 2221 Filii,
2052 2177 2257 2223 passionem

1192 2236 1270 2282 ejus
1290 2237 1447 2281 intuens,
1472 2243 1724 2280 conservatur,
1743 2243 1780 2273 et
1800 2238 1897 2285 quod
1915 2238 2023 2275 corde
2038 2240 2174 2283 credit,
2196 2250 2258 2276 ore

1191 2297 1420 2341 pronuntiat,
1439 2297 1564 2344 legens
1583 2298 1669 2333 illud
1691 2297 1854 2344 Apostoli
1876 2311 1883 2333 :
1907 2297 2020 2334 Corde
2038 2300 2194 2334 creditur
2211 2300 2256 2335 ad

1187 2357 1385 2402 justifluum
1402 2368 1462 2392 ore
1476 2364 1593 2393 autem
1608 2359 1778 2404 confessio
1793 2359 1834 2404 fit
1845 2359 1891 2394 ad
1905 2359 2053 2394 salutem
2070 2359 2253 2407 (Roma).

1240 2417 1463 2465 I’rofectique
1478 2420 1520 2455 de
1539 2420 1693 2464 Pltinon,
1709 2422 1949 2456 castrametati
1974 2427 2054 2457 sunt
2070 2423 2106 2458 in
2125 2422 2252 2459 Obotlz.

1193 2479 1392 2526 Trigesima
1414 2481 1566 2527 septima
1586 2482 1726 2517 mansio
1747 2487 1803 2518 est
1821 2482 1855 2517 in
1877 2481 2010 2525 Oboth,
2031 2492 2110 2528 quae
2139 2484 2252 2520 verti-

1192 2548 1253 2578 tur
1273 2542 1309 2577 in
1327 2554 1446 2588 maqos
1466 2543 1541 2578 sive
1562 2543 1598 2578 in
1617 2544 1784 2588 pythones
1797 2570 1806 2587 ,
1837 2543 2045 2590 significans
2071 2544 2252 2590 spiritales

1192 2610 1380 2648 serpentes
1406 2608 1442 2638 et
1463 2608 1561 2639 artes
1581 2603 1765 2639 maleficas
1782 2605 1827 2639 ad
1842 2603 1935 2639 bella
1952 2614 2015 2640 nos
2029 2615 2251 2650 provocare:

1193 2674 1282 2709 quas
1311 2673 1375 2709 per
1395 2663 1555 2699 divinam
1586 2663 1849 2709 protectionem
1872 2663 1908 2699 in
1933 2664 2097 2700 custodia
2130 2666 2252 2702 cordis

1194 2734 1366 2769 superare
1398 2723 1583 2759 debemus.
1617 2723 1663 2758 Et
1682 2724 1724 2758 de
1749 2723 1861 2759 Obotlt
1885 2730 2049 2761 venerunt
2067 2725 2104 2761 in
2122 2724 2253 2762 Jeaba-

1193 2788 1273 2830 rim,
1314 2798 1392 2834 quse
1425 2793 1474 2823 est
1508 2787 1544 2822 in
1581 2786 1708 2832 finibus
1751 2785 2004 2822 Moabitarum.
2051 2787 2251 2835 Trigesima

1192 2855 1320 2886 octava
1345 2849 1501 2892 mansio,
1523 2861 1664 2886 acervos
1684 2849 1841 2895 lapidum
1859 2851 2115 2886 transeuntium
2131 2856 2248 2887 sonat.

68 2915 173 2954 gatur
190 2918 268 2956 per,
283 2907 368 2947 Heri
383 2908 497 2953 magis
507 2918 606 2944 mons
620 2907 831 2955 intelligitur
845 2914 882 2946 et
900 2910 969 2956 legi
980 2916 1120 2958 potest:
1140 2936 1176 2976 D
1195 2910 1287 2947 Sunt
1304 2910 1420 2946 saneti
1447 2910 1584 2956 lapides
1611 2910 1670 2956 qui
1692 2910 1886 2947 volvuntur
1903 2920 2013 2957 super
2029 2916 2179 2956 terram,
2197 2912 2250 2949 le-

65 2968 240 3007 Ascendit
258 2967 380 3005 Aaron
400 2968 569 3007 sacerdos
587 2968 624 3005 in
643 2969 775 3007 montis
793 2975 968 3015 montem,
988 2972 1023 3008 id
1052 2978 1121 3017 est,

66 3028 105 3066 in
122 3029 297 3066 verticem
314 3029 459 3066 montis.
476 3028 530 3065 Ex
547 3039 619 3076 quo
637 3030 745 3066 etiam
763 3031 984 3070 advertimus
1002 3043 1073 3072 non
1089 3033 1127 3072 in

66 3096 227 3128 montem
245 3090 471 3137 simpliciter,
492 3091 555 3127 sed
575 3091 612 3130 in
630 3097 754 3129 monte
772 3094 904 3130 montis
919 3095 1124 3140 pontificem

68 3155 270 3196 mortuum,
289 3155 331 3188 ut
357 3151 487 3198 dignus
506 3151 607 3190 locus
622 3154 762 3190 meritis
780 3154 877 3192 illius
895 3155 1123 3193 demonstra-

69 3218 184 3251 retur.
205 3211 358 3250 Moritur
375 3218 495 3251 autem
512 3223 556 3251 eo
573 3224 668 3250 anno
688 3225 760 3261 quo
782 3226 896 3253 novus
907 3217 1058 3263 populus
1069 3228 1125 3254 re-

67 3274 319 3321 promissionis
333 3273 535 3311 intraturus
543 3280 635 3319 erat,
648 3275 684 3313 in
696 3276 867 3313 extremis
877 3276 1007 3312 finibus
1020 3283 1124 3314 terrae

67 3334 326 3378 idumaeorum
345 3338 383 3371 et
399 3334 536 3382 plangit
551 3343 633 3371 eum
650 3335 802 3383 populus
821 3336 968 3382 triginta
984 3337 1122 3374 diebus.

69 3393 191 3433 Aaron
207 3394 404 3441 plangitur,
420 3393 525 3433 lesus
543 3405 616 3432 non
638 3395 831 3444 plangitur.
865 3396 905 3435 In
935 3397 1014 3442 lege
1046 3396 1146 3436 des-v

71 3462 203 3494 census
234 3454 280 3493 ad
301 3453 438 3494 interos
467 3466 477 3492 t
498 3460 535 3493 et
560 3455 598 3492 in
627 3455 821 3503 Evangelio
839 3456 885 3492 ad
914 3457 1124 3503 paradisum

73 3513 354 3561 transmigratio.
370 3514 482 3553 Audit
498 3525 642 3563 quoque
654 3515 879 3555 chananaeus
894 3516 989 3562 quod
1008 3516 1127 3553 venis-

72 3579 130 3615 Μ
146 3574 256 3615 tunel
271 3581 310 3614 et
338 3577 376 3614 in
393 3576 473 3616 loeo
492 3577 758 3626 exploratorum
775 3578 837 3617 ubi
868 3577 1048 3626 quondam
1073 3577 1127 3614 os-

74 3630 234 3677 ‘mdiu-
247 3637 418 3684 populum
436 3643 601 3684 noverat,
621 3639 732 3678 infert
751 3640 929 3687 praelium,
960 3644 996 3676 et
1013 3639 1127 3686 capti-

75 3701 162 3732 Μ
174 3693 277 3736 matt
287 3696 400 3738 tutet
415 3706 615 3747 rursusque
636 3700 674 3738 in
690 3701 818 3739 eodem
835 3701 916 3738 loco
931 3705 1068 3748 pugnat
1080 3709 1125 3736 ex

77 3757 178 3798 wios
194 3751 320 3799 Υ*
333 3757 507 3811 ἠπίων,
525 3759 614 3802 vieti
633 3765 819 3809 superant.
846 3761 1126 3811 appellaturque

1195 2981 1271 3013 ves,
1291 2970 1407 3016 politi,
1430 2975 1466 3006 et
1487 2970 1710 3006 rotunditate
1730 2981 1796 3007 sua
1829 2975 1992 3007 rotarum
2011 2972 2177 3009 cursibus
2204 2972 2251 3009 si-

1194 3030 1313 3067 miles.
1337 3030 1430 3066 Sunt
1448 3035 1485 3066 et
1519 3030 1579 3066 alii
1610 3039 1700 3076 quos
1717 3031 1892 3077 propheta
1927 3030 2019 3067 tollit
2037 3032 2080 3067 de
2100 3032 2172 3076 via,
2205 3043 2250 3069 ne

1194 3091 1456 3127 ambulantium
1478 3091 1514 3126 in
1548 3101 1590 3126 eo
1610 3090 1793 3127 offendant
1823 3091 1945 3138 pedes.
1978 3091 2046 3135 Qui
2077 3096 2160 3127 sunt
2189 3092 2249 3128 isti

1194 3153 1447 3188 ambulantes?
1463 3153 1595 3198 Utique
1611 3154 1769 3188 viatores
1783 3161 1818 3188 et
1833 3158 2093 3198 praetereuntes
2107 3154 2168 3199 qui
2182 3163 2248 3200 per

1195 3212 1292 3250 istud
1326 3213 1496 3249 saeculum
1531 3214 1575 3249 ad
1605 3213 1694 3247 alias
1725 3213 1929 3249 mansiones
1963 3213 2118 3249 transire
2147 3212 2246 3252 sesti-

1197 3282 1297 3315 nant.
1318 3277 1418 3323 Quod
1435 3282 1555 3312 autem
1575 3276 1718 3317 dicitur,
1738 3274 1774 3309 in
1787 3274 1914 3318 finibus
1931 3273 2037 3309 Moab
2057 3281 2177 3313 contra
2189 3287 2246 3312 so-

1196 3336 1240 3373 lis
1260 3343 1388 3379 ortum,
1406 3335 1563 3372 ostendit
1580 3334 1683 3380 juxta
1701 3332 1873 3376 litteram,
1894 3334 1990 3379 quod
2009 3334 2195 3381 bucusque
2209 3337 2244 3373 in

1195 3397 1330 3434 finibus
1362 3401 1465 3431 terrae
1483 3394 1721 3430 Idumaeorum
1740 3391 1896 3437 suerint;
1929 3398 1967 3430 et
1982 3404 2081 3432 nunc
2100 3396 2246 3434 veniant

1197 3457 1244 3493 ad
1267 3455 1439 3491 terminos
1457 3454 1572 3496 Moab,
1595 3453 1638 3490 de
1657 3453 1724 3488 alia
1743 3454 1928 3499 provincia
1946 3454 1992 3491 ad
2005 3455 2114 3493 aliam
2129 3461 2245 3494 trans-

1195 3519 1336 3558 euntes,
1371 3513 1465 3549 sicut
1482 3512 1520 3548 in
1540 3513 1785 3559 superioribus
1803 3511 1883 3559 jam
1904 3514 2041 3553 dictum
2061 3521 2128 3554 est.
2161 3515 2239 3553 Non

1193 3573 1290 3610 enim
1307 3582 1447 3619 semper
1466 3572 1527 3611 uni
1548 3573 1673 3609 virtuti
1689 3573 1807 3611 danda
1830 3579 1888 3614 est
1914 3584 2047 3623 opera;
2065 3575 2128 3614 sed
2147 3575 2240 3613 sicut

1193 3632 1368 3678 seriptum
1400 3637 1453 3669 est
1482 3645 1491 3668 2
1514 3631 1618 3670 Ibunt
1638 3633 1681 3670 de
1711 3634 1837 3671 virtute
1865 3635 1902 3672 in
1931 3635 2092 3675 virtutem
2122 3634 2238 3684 (Psat-

1192 3694 1360 3744 Lxxxni),
1381 3696 1425 3732 de
1441 3695 1512 3733 alia
1526 3695 1781 3734 transeundum
1796 3696 1912 3734 estad
1929 3695 2037 3734 altam
2048 3709 2058 3733 :
2071 3697 2155 3745 quia
2170 3697 2239 3735 ha».-

1192 3762 1275 3799 reut
1290 3756 1374 3807 sibi,
1390 3761 1428 3796 et
1453 3756 1504 3797 ita
1520 3757 1615 3794 inter
1632 3765 1673 3797 se
1687 3766 1790 3796 nexae
1804 3761 1902 3804 sunt.
1922 3761 1964 3798 ut
1988 3756 2050 3806 qui
2076 3765 2148 3796 uua
2174 3766 2235 3796 ca-
