2540 4016
246 189 310 228 671
679 183 719 219 B.
748 181 920 219 RABANI
945 180 1091 220 MAURI
1116 180 1335 218 ARCHIEP.
1362 158 1567 222 MOGUNT.
1592 144 1784 224 OPEffUu
1809 187 1928 225 PARS
1954 189 1981 225 l.
2345 193 2418 231 672

242 267 290 301 ita
310 266 346 299 et
362 270 430 297 nos
444 262 588 306 oportet
601 258 782 305 expellere
795 258 1000 295 Jehusaeum
1016 259 1060 294 de
1078 256 1294 299 Jerusalem,
1314 256 1351 297 A
1366 267 1451 304 ceps
1469 260 1600 307 agitur,
1621 266 1658 298 et
1672 263 1717 298 ad
1737 262 1947 309 lapidandos
1961 263 2110 311 eos,‘qui
2123 264 2220 303 bona
2233 268 2413 316 nuntiant,

240 330 274 360 et
307 322 358 357 sic
390 320 635 356 haereditatem
667 319 744 364 ejus
776 319 962 364 consequi.
990 318 1061 354 Sed
1076 318 1127 352 illi
1149 317 1295 363 quidem

238 383 419 419 faciehant
435 382 512 417 hanc
533 381 645 417 armis
659 381 877 424 visibilibus,
900 391 969 416 nos
990 385 1110 416 autem
1130 379 1294 416 invisibi-

237 443 342 478 libus.
363 441 416 477 llli
435 440 629 476 vincebant
647 440 896 485 corporalibus
921 439 1071 485 praeliis,
1091 450 1158 475 nos
1173 443 1293 475 autem

237 502 391 550 spiritali
422 501 622 537 certamine
655 509 856 547 speramus.
887 499 991 543 Quod
1013 500 1042 535 si
1069 500 1124 535 vis
1151 500 1290 544 audire,

235 565 381 607 Paulus,
402 564 461 610 qui
481 574 552 599 non
569 562 685 598 solum
703 563 878 609 magister
898 563 1070 609 gentium,
1091 562 1154 598 sed
1171 567 1209 598 et
1226 563 1293 598 mi-

235 626 321 661 litiae
340 625 444 670 hujus
462 625 635 670 magister
651 629 718 665 est,
737 624 917 669 quomodo
942 623 1158 669 pugnaverit
1175 623 1288 668 prior,

235 686 317 722 audi
333 685 419 731 quid
438 685 515 730 ipse
536 684 734 727 describat,
751 684 844 719 sicut
861 684 971 718 etiam
985 694 1093 728 supra
1113 693 1292 719 memora-

232 749 379 784 vimus:
406 746 489 782 Non
523 751 586 790 est,
620 746 749 792 inquit,
785 745 882 780 nobis
904 745 1104 780 colluctatio
1126 745 1290 780 adversus

234 820 375 845 carnem
391 815 421 843 et
440 808 656 854 sanquinem,
677 807 737 843 sed
758 807 924 842 adversus
942 807 1159 852 principatus
1177 812 1208 840 et
1230 816 1292 851 po—

234 876 389 912 testates,
408 870 572 904 adversus
592 875 741 904 rectores
759 868 881 903 muudi
911 868 1017 913 hujus
1054 867 1287 910 tenebrarum,

234 931 416 965 adversum
431 929 605 975 spiritalia
622 930 782 975 nequitia?
799 929 833 962 in
855 927 1046 963 caelestibus
1066 927 1207 973 (Ephes.
1222 925 1286 972 vi).

231 990 428 1036 Propterea
443 996 479 1025 et
497 992 590 1026 hanc
609 1000 765 1035 pugnam
787 988 985 1034 spiritalem
1003 994 1109 1033 atque
1128 987 1290 1022 invisibi-

233 1051 301 1085 lem
335 1051 562 1097 pugnaturis,
596 1049 771 1095 spiritalia
802 1059 902 1084 arma
925 1054 960 1084 et
998 1049 1190 1083 invisibilia
1217 1047 1288 1083 tela

231 1111 415 1155 componit
432 1116 468 1145 et
497 1110 583 1145 (licit
607 1121 614 1143 :
640 1109 782 1143 Induite
800 1119 856 1142 vos
875 1108 1021 1142 loricam
1057 1108 1237 1142 charitatis
1255 1113 1287 1141 et

1362 320 1502 365 prosilit
1520 333 1528 357 :
1549 321 1716 367 Majestas
1746 324 1888 360 Domini
1924 334 2010 362 vero
2029 326 2188 373 protegit
2207 337 2270 365 eos
2293 328 2332 366 in
2348 340 2416 367 nu-

1361 380 1477 424 bibus,
1499 387 1534 418 et
1549 384 1640 419 dixit
1651 384 1826 422 Dominus
1834 387 1879 422 ad
1893 386 2038 434 Moysen
2055 399 2064 424 :
2082 387 2224 424 Feriam
2234 400 2292 426 eos
2305 397 2416 428 morte

1361 445 1392 474 et
1411 441 1610 480 interimam
1623 455 1694 487 eos,
1715 450 1748 479 et
1765 445 1894 490 faciam
1910 452 1942 481 te
1956 452 1989 482 et
2005 447 2147 483 domum
2173 450 2285 495 patris
2303 452 2356 486 tui
2375 451 2415 488 in

1360 500 1535 537 nationem
1551 514 1728 549 maynam,
1743 511 1776 539 et
1793 505 1902 540 multo
1919 508 2046 552 mayis,
2057 519 2160 553 quam
2178 510 2251 545 hoec
2274 517 2337 547 est.
2355 511 2416 549 Fit

1361 570 1446 605 ergo
1467 567 1566 596 tanta
1586 563 1663 598 haec
1677 565 1909 600 comminatio
1928 575 1949 600 a
1971 567 2138 611 Domino,
2154 579 2226 605 non
2240 576 2280 606 ut
2298 572 2415 617 passi·
2451 585 2456 588 ·
2495 554 2499 555 ⁷

1358 619 1441 655 bilis
1455 625 1491 654 et
1510 621 1705 657 iracundiae
1722 623 1808 658 vitio
1837 623 2026 669 subjacens
2057 629 2258 665 ostenditur
2293 631 2413 668 divina

1359 685 1502 724 natura,
1521 682 1584 717 sed
1603 688 1643 717 ut
1673 693 1739 728 per
1753 685 1831 720 haec
1848 691 1884 720 et
1902 685 2014 732 Moysi
2030 689 2189 725 charitas
2204 701 2310 736 quam
2328 703 2411 739 erga

1358 741 1528 787 populum
1550 742 1718 786 habebat,
1730 749 1767 780 et
1782 744 1846 780 Dei
1867 745 2024 789 bonitas,
2046 759 2125 794 quae
2142 760 2249 796 supra
2268 762 2411 788 omnem

1358 807 1514 836 mentem
1524 807 1578 837 est
1590 804 1867 840 innotescerent.
1881 805 2061 843 Scribitur
2074 810 2171 844 enim
2192 810 2301 848 irasci
2316 812 2411 848 Deus

1357 866 1393 896 et
1409 862 1621 897 comminari
1642 863 1826 899 interitum
1844 866 1990 911 populo,
2019 878 2090 912 quo
2116 869 2288 906 doceatur
2304 872 2411 908 homo

1357 925 1497 956 tantum
1515 922 1582 957 sibi
1601 933 1680 958 esse
1700 925 1793 968 apud
1809 926 1920 960 Deum
1940 926 2008 963 loci
2029 933 2238 975 tantumque
2256 931 2408 976 fiduciae,

1357 987 1396 1015 ut
1412 982 1519 1017 etiam
1541 983 1571 1018 si
1586 984 1631 1019 sit
1651 984 1768 1030 aliqua
1791 986 1826 1020 in
1854 987 1928 1022 Deo
1960 988 2170 1035 indignatio,
2192 991 2412 1029 obsecratio-

1355 1040 1461 1076 nibus
1476 1042 1661 1088 mitigetur
1678 1044 1858 1087 humanis,
1877 1051 2085 1093 tantumque
2104 1050 2146 1085 de
2160 1061 2202 1086 eo
2217 1051 2410 1097 impetrare

1355 1110 1460 1145 posse
1495 1102 1691 1146 hominem,
1725 1110 1765 1140 ut
1797 1111 1834 1140 et
1864 1108 2007 1152 propria
2028 1108 2189 1145 instituta
2208 1120 2407 1150 convertat.

230 1170 365 1216 qaleam
380 1170 518 1213 salutis,
541 1175 754 1204 assumentes
789 1174 926 1203 scutum
945 1167 1044 1212 fidei,
1070 1168 1186 1213 inquo
1204 1179 1284 1214 pos-
1305 1150 1337 1190 B
1358 1162 1506 1199 BOIlifflS
1518 1165 1615 1200 enim
1631 1176 1708 1211 (11¹ae
1729 1168 1961 1213 SUbSfflIUiUlI'
1982 1171 2222 1215 iracundiam,
2240 1179 2276 1208 θῑ
2296 1174 2407 1221 Moysi

230 1231 304 1266 sitis
318 1231 435 1266 omnia
455 1230 522 1265 tela
538 1229 680 1275 rnaliqni
700 1229 809 1274 iquita
825 1228 1055 1273 exstinquere.
1079 1227 1148 1263 Sed
1163 1233 1193 1261 et
1211 1226 1285 1273 yla-

229 1293 326 1327 dium
347 1293 505 1338 spiritus,
524 1291 652 1336 inquit,
672 1291 850 1332 assumite,
882 1290 974 1335 quod
995 1296 1044 1324 est
1062 1290 1203 1324 verbum
1219 1289 1283 1324 Dei

229 1350 368 1399 (Ibat).
387 1351 476 1387 Cum
492 1361 576 1396 ergo
596 1349 726 1385 talibus
745 1355 779 1384 te
795 1349 994 1383 armaveris
1021 1349 1112 1389 telis,
1130 1358 1283 1392 sequens

227 1411 505 1451 Jesum·ducem‚
527 1420 597 1445 non
623 1409 784 1445 verearis
814 1407 976 1454 gigantes
1006 1408 1099 1443 illos.
1138 1408 1283 1443 Videbis

227 1471 320 1506 enim
339 1471 518 1515 quomodo
538 1480 599 1505 eos
616 1469 678 1505 tibi
700 1468 865 1514 subjiciet
884 1467 1000 1503 Jesus.
1026 1468 1069 1502 Et
1091 1468 1185 1503 sieut
1216 1467 1283 1502 Pa-

227 1536 300 1567 tres
314 1531 547 1567 calcaverunt
566 1529 730 1565 eervices
745 1528 919 1575 gentium,
947 1528 995 1563 ita
1010 1533 1045 1564 et
1066 1533 1104 1563 tu
1126 1528 1282 1564 calcabis

227 1600 334 1636 super
351 1590 511 1626 cervices
528 1590 727 1625 hominum.
745 1589 823 1634 Ipse
835 1588 931 1623 enim
950 1588 1036 1623 dicit
1052 1588 1108 1623 his
1124 1589 1183 1633 qui
1200 1598 1280 1622 eum

227 1651 381 1686 fideliter
399 1655 599 1695 sequuntur
618 1662 626 1684 z
643 1649 731 1684 Ecce
752 1649 843 1683 enim
863 1648 943 1683 dedi
962 1649 1055 1683 vobis
1079 1654 1280 1693 potestatem

226 1710 386 1745 calcandi
404 1721 507 1756 super
521 1716 693 1756 serpentes
708 1716 738 1744 et
755 1709 968 1753 scorpiones,
986 1714 1016 1743 et
1028 1719 1131 1753 super
1145 1719 1281 1742 omnem

225 1771 384 1806 virtutem
401 1770 533 1805 inimici
574 1769 675 1817 (Luc.
696 1769 747 1815 x).
777 1769 859 1805 Vult
884 1769 981 1804 enim
1015 1767 1119 1804 Jesus
1139 1778 1282 1813 semper

224 1840 283 1866 res
300 1830 484 1865 mirabiles
502 1829 641 1872 sacere;
676 1829 750 1865 vult
785 1830 828 1865 de
849 1830 997 1866 locustis
1021 1830 1183 1876 gigantes
1203 1830 1281 1865 vin-

225 1901 326 1934 cere;
349 1897 384 1927 et
405 1892 519 1927 dehis
534 1892 593 1937 qui
613 1892 647 1927 in
670 1892 777 1928 terris
806 1897 890 1927 sunt
920 1891 1085 1927 coelestes
1105 1901 1280 1937 superare

227 1952 418 1995 nequitias.
438 1951 481 1987 Et
498 1952 652 1988 sortasse
670 1952 738 1988 hoc
752 1956 842 1994 erat,
854 1951 949 1997 quod
960 1952 1147 1987 dicebatin
1166 1951 1281 1987 Evan-

226 2011 327 2056 geliis
341 2023 348 2046 ε
363 2011 454 2054 Quia
465 2012 524 2057 qui
534 2012 687 2046 creditin
696 2023 787 2054 eum,
799 2023 867 2046 uon
879 2011 990 2046 solum
1001 2011 1105 2057 faciet
1115 2010 1189 2054 illa,
1200 2022 1279 2057 quse

1353 1223 1520 1259 fiduciam
1535 1226 1692 1261 ostendit
1711 1229 1803 1272 apud
1820 1228 1947 1271 Deum,
1964 1235 1999 1264 et
2016 1230 2170 1267 alienam
2201 1233 2245 1268 ab
2265 1234 2408 1270 iracun-

1353 1283 1420 1318 diae
1452 1285 1540 1320 vitio
1570 1286 1727 1321 divinam
1762 1287 1867 1323 docet
1899 1299 1979 1325 esse
2006 1296 2172 1326 naturam
2195 1304 2202 1327 ε
2226 1293 2332 1329 simul
2371 1299 2408 1330 ct

1352 1345 1565 1389 mysterium
1586 1346 1622 1380 in
1640 1347 1761 1382 saeeuli
1776 1347 1908 1384 suturis
1923 1350 2137 1395 explendum
2156 1354 2317 1390 continet
2332 1366 2408 1391 ser-

1351 1412 1423 1444 mo,
1440 1413 1504 1447 per
1520 1414 1627 1449 quem
1646 1408 1827 1451 promittit
1840 1408 2040 1454 Deusquod
2054 1411 2163 1447 alium
2178 1414 2248 1449 hoc
2266 1414 2406 1461 abjecto

1351 1463 1556 1498 resuscitet.
1578 1464 1640 1499 Ait
1656 1466 1754 1500 enim
1771 1476 1780 1500 :
1797 1465 1999 1503 Pei-cutiam
2016 1480 2073 1504 eos
2088 1478 2197 1506 morte
2215 1479 2246 1507 et
2262 1475 2406 1518 perdam

1350 1531 1423 1564 eos,
1439 1528 1471 1556 et
1487 1522 1618 1567 faciam
1636 1529 1667 1559 te
1683 1531 1714 1559 et
1730 1525 1872 1560 domum
1886 1529 1998 1573 patris
2015 1529 2067 1564 tui
2084 1530 2121 1565 in
2139 1532 2316 1567 nationem
2330 1544 2407 1570 ma-

1349 1593 1468 1628 qnam,
1491 1583 1599 1619 uzulto
1615 1587 1727 1631 maqis
1742 1597 1848 1632 quam
1865 1587 1939 1623 lza’c
1956 1595 2020 1624 est.
2051 1589 2291 1629 Comminatio
2308 1595 2405 1631 enim

1350 1642 1440 1685 hcec,
1462 1653 1534 1678 non
1566 1649 1620 1680 est
1653 1645 1852 1689 iracundia,
1878 1648 1939 1682 sed
1959 1649 2159 1695 prophetia.
2180 1651 2405 1690 Assumenda

1349 1713 1506 1749 namque
1533 1711 1611 1740 erat
1632 1706 1702 1741 alia
1727 1708 1840 1751 natio,
1859 1708 1894 1744 id
1921 1715 1990 1752 est,
2023 1712 2174 1757 populus
2202 1714 2270 1749 iste
2289 1716 2406 1751 natio-

1349 1775 1449 1808 num,
1470 1767 1532 1801 sed
1565 1777 1634 1806 non
1666 1777 1732 1812 per
1757 1768 1916 1815 Moysen.
1959 1770 2154 1807 Excusavit
2185 1783 2224 1809 se
2249 1784 2405 1821 namque

1349 1826 1504 1872 Moyses.
1527 1826 1672 1864 Sciebat
1691 1839 1847 1876 namque
1867 1831 1949 1876 quia
1972 1842 2059 1878 gens
2082 1833 2142 1869 illa
2161 1845 2305 1881 magna,
2324 1846 2404 1882 quae

1348 1887 1625 1931 repromittitur,
1641 1899 1712 1924 non
1726 1899 1792 1935 per
1806 1890 1953 1937 Moysen
1967 1894 2129 1929 vocanda
2146 1900 2238 1938 erat,
2261 1897 2322 1933 sed
2338 1907 2404 1944 per

1347 1945 1471 1981 Jesum
1489 1947 1685 1992 Christum,
1703 1955 1739 1985 et
1760 1961 1831 1986 non
1855 1951 2046 1996 Mosaicus,
2082 1954 2143 1990 sed
2175 1955 2402 1995 Christianus

1348 2013 1427 2042 erat
1458 2009 1610 2053 populus
1639 2011 1884 2056 appellandus.
1922 2013 2059 2049 Idcirco
2099 2015 2209 2061 igitur
2237 2017 2400 2061 pluribus

224 2072 296 2117 ipse
305 2072 402 2117 facit,
414 2071 474 2107 sed
489 2072 921 2117 majora,inquit‚horum
937 2071 1038 2117 saciet
1054 2071 1275 2119 (Joanuuv).
1298 2060 1327 2102 C
1348 2068 1560 2104 exhortatur
1594 2071 1733 2117 Moyses
1758 2083 1822 2118 pro
1842 2073 1973 2119 populo
2002 2073 2084 2117 illo;
2110 2075 2284 2113 Dominus
2313 2087 2400 2114 vero

226 2132 320 2168 Vere
339 2133 434 2167 enim
456 2132 572 2178 majus
592 2133 679 2167 mihi
720 2133 871 2175 videtur,
895 2133 925 2168 si
959 2134 1067 2168 homo
1103 2134 1139 2169 in
1168 2143 1277 2170 carne

225 2193 379 2239 positus,
397 2192 534 2239 fragilis
554 2198 590 2228 et
610 2194 780 2236 caducus,
813 2193 882 2229 nde
916 2198 1055 2228 tantum
1089 2193 1223 2229 Christi
1243 2199 1278 2229 et

226 2254 337 2290 verbo
353 2254 430 2300 ejus
448 2259 620 2297 armatus,
641 2265 749 2300 super
766 2255 929 2302 gigantes
949 2256 1151 2291 daemonum
1171 2255 1275 2302 legis,

229 2315 394 2359 quamvis
408 2315 484 2360 ipse
502 2315 546 2350 sit
563 2315 625 2360 qui
644 2315 755 2350 vincit
772 2315 807 2350 in
821 2315 938 2358 nobis,
956 2315 1036 2361 plus
1053 2321 1173 2351 tamen
1191 2316 1278 2351 dicit

227 2383 317 2415 esse,
339 2374 432 2419 quod
453 2384 518 2419 per
533 2384 598 2410 nos
614 2375 725 2410 vincit
744 2385 853 2421 quam
872 2376 968 2421 quod
998 2385 1062 2422 per
1092 2385 1130 2411 se
1149 2376 1274 2412 vincit.

228 2434 382 2470 Tantum
400 2439 455 2470 est
469 2439 508 2470 ut
525 2444 590 2470 nos
608 2436 718 2471 armis
738 2436 816 2472 istis
838 2445 982 2482 semper
1000 2436 1113 2472 simus
1132 2436 1275 2480 armati,

226 2501 261 2530 et
275 2495 500 2532 conversatio
517 2501 640 2532 nostra
660 2506 802 2543 semper
819 2497 855 2532 in
889 2498 990 2533 coelis
1007 2498 1067 2540 sit,
1086 2497 1143 2534 vel
1159 2498 1276 2533 omnis

223 2561 341 2591 motus
361 2561 498 2600 noster,
518 2558 635 2593 omnis
667 2563 782 2601 actus,
818 2558 935 2594 omnis
956 2559 1140 2605 cogitatio,
1159 2559 1276 2595 omnis

226 2625 345 2652 sermo
365 2618 525 2653 coelestis
539 2618 598 2653 sit.
616 2618 757 2662 Quanto
779 2620 874 2655 enim
894 2630 959 2655 nos
986 2619 1071 2656 illuc
1091 2620 1277 2657 ardentius

223 2677 465 2719 ascendimus,
486 2683 585 2714 tanto
603 2679 654 2714 illi
671 2679 877 2725 praecipites
890 2681 974 2716 inde
990 2681 1220 2718 descendent.
1232 2682 1278 2718 Et

223 2741 356 2782 quanto
374 2747 440 2772 nos
459 2747 647 2784 augemur,
679 2746 777 2776 tanto
795 2742 846 2776 illi
879 2741 1068 2779 inferiores
1103 2743 1273 2781 efficiunt.

223 2798 323 2846 (Car.
349 2800 440 2845 ΧΠ.)
457 2798 611 2847 Cumque
629 2800 792 2837 clamaret
811 2805 922 2838 omnis
949 2805 1151 2848 multitudo,
1172 2812 1203 2840 et
1224 2806 1276 2841 la-

223 2859 360 2904 pidibus
378 2860 475 2895 vellet
494 2872 551 2896 eos
571 2861 773 2907 opprimere,
807 2865 969 2908 apparuit
1002 2866 1115 2910 qloria
1134 2868 1275 2904 Domini

223 2931 326 2965 super
346 2927 472 2956 tectum
490 2922 643 2966 soederis,
677 2924 809 2958 cunctis
842 2925 1032 2961 videntibus
1065 2927 1190 2963 Israel.
1228 2929 1275 2964 Et

224 2978 311 3013 dixit
347 2979 508 3014 dominus
528 2982 573 3014 ad
602 2980 746 3026 Moysen
770 2991 781 3014 .·
802 2981 982 3029 Usquequo
1009 2985 1165 3021 detrahet
1191 2988 1275 3022 mihi

223 3038 371 3084 populus
389 3039 479 3075 iste?
498 3039 684 3087 Quousque
703 3051 771 3076 non
801 3042 939 3077 credent
960 3044 1043 3078 mihi
1064 3045 1099 3079 in
1118 3045 1275 3081 omnibus

223 3097 345 3143 siquis,
363 3109 440 3143 quse
459 3099 526 3143 feci
543 3110 660 3135 coram
676 3100 751 3136 eis?
764 3100 904 3136 Feriam
919 3103 1027 3147 iyitur
1044 3115 1100 3139 eos
1111 3105 1274 3151 pestilen-

224 3159 274 3193 tia
289 3165 390 3205 atque
401 3170 624 3203 consumam;
643 3167 675 3196 te
686 3167 801 3197 autem
818 3161 948 3207 faciam
962 3164 1153 3210 principem
1172 3178 1275 3212 super

225 3225 356 3266 qentem
388 3229 565 3266 maynam,
583 3226 616 3256 et
635 3221 814 3267 fortiorem
843 3233 948 3268 quam
970 3223 1043 3258 luec
1070 3230 1133 3267 est,
1152 3231 1188 3260 et
1208 3226 1272 3261 rel.

225 3280 419 3316 Duodecim
447 3281 549 3317 missi
583 3286 668 3318 sunt
700 3282 959 3327 inspectatores
979 3294 1023 3319 ex
1045 3285 1127 3320 filiis
1149 3285 1272 3330 lsrael,

226 3341 268 3376 ad
284 3341 581 3376 considerandam
601 3347 751 3384 terram,
773 3352 852 3387 quae
872 3343 926 3379 eis
947 3342 1063 3379 suerat
1081 3345 1275 3390 repromis-

226 3411 278 3437 sa.
294 3401 338 3437 Hi
358 3413 499 3449 quoque
509 3408 592 3450 post
606 3404 843 3451 quadraginta
862 3404 939 3440 dies
954 3405 1122 3451 regressi,
1133 3405 1275 3442 diversa

226 3463 447 3500 renuntiant.
466 3465 557 3500 Nam
567 3475 613 3501 ex
633 3466 690 3502 his
702 3466 738 3502 in
753 3467 1041 3514 desperationem
1056 3467 1204 3504 mittunt
1217 3478 1278 3515 po-

225 3524 363 3570 pulum.
383 3525 430 3561 ita
453 3532 493 3561 ut
511 3526 623 3563 velint
659 3526 798 3573 abiecto
832 3527 967 3575 Moyse,
1000 3528 1134 3576 eligere
1165 3528 1275 3565 alium

229 3587 372 3628 ducem,
392 3590 429 3622 et
445 3587 579 3622 reverti
595 3587 632 3622 in
656 3587 871 3635 AEgyptum;
893 3589 954 3624 alii
968 3599 1055 3625 vero
1080 3589 1150 3625 duo
1179 3588 1274 3625 bona

228 3645 404 3690 nuntiant,
422 3651 458 3683 et
473 3647 707 3684 cohortantur
721 3649 891 3695 populum
910 3658 1124 3695 permanere
1152 3649 1188 3685 in
1206 3649 1276 3685 tide

228 3705 386 3744 dicentes
408 3720 417 3744 ε
439 3708 480 3744 Si
496 3709 611 3756 diliyit
629 3720 692 3745 nos
714 3709 822 3752 Deus,
858 3711 1054 3746 introducet
1074 3721 1136 3746 nos
1152 3710 1189 3746 in
1209 3715 1279 3746 ter—

229 3767 419 3804 ramhanc.
436 3768 508 3805 Sed
517 3770 668 3816 populus
681 3770 905 3807 infidelitatis
918 3769 1171 3816 desperatione
1183 3781 1277 3818 prae-

1345 2130 1584 2175 correptionis
1602 2133 1746 2168 modum
1772 2133 1902 2169 librata
1927 2135 2190 2180 moderatione,
2214 2137 2400 2184 dispensat

1344 2194 1379 2224 et
1395 2189 1483 2225 dicit
1502 2203 1510 2225 ι

1393 2249 1485 2292 Quia
1507 2251 1572 2286 viri
1591 2252 1741 2298 quidem,
1761 2255 1821 2300 qui
1836 2255 1994 2291 exierunt
2019 2256 2062 2292 de
2091 2257 2261 2306 AEqypto,
2279 2265 2312 2296 et
2326 2265 2400 2296 ten-

1345 2316 1505 2347 taverunt
1524 2324 1578 2347 me
1599 2320 1702 2360 atque
1728 2316 1901 2352 increduli
1916 2326 2197 2364 permanserunt,
2216 2321 2341 2357 cadent
2360 2322 2398 2357 in

1344 2371 1479 2407 deserto
1514 2374 1578 2409 hoc
1599 2384 1611 2408 .·
1630 2375 1676 2410 Et
1697 2387 1765 2411 nou
1782 2377 1960 2422 videbunt,
1981 2379 2109 2425 inquit,
2132 2387 2273 2424 terram,
2293 2393 2398 2429 quam

1338 2433 1461 2478 juravi
1476 2435 1632 2480 patribus
1649 2447 1769 2470 eorum
1779 2448 1791 2478 ;
1803 2438 1862 2472 sed
1880 2438 1945 2482 filii
1957 2441 2160 2486 eorum‚qui
2168 2448 2248 2476 sunt
2263 2452 2395 2476 mecum

1343 2495 1410 2538 hic,
1426 2496 1620 2542 quicunque
1639 2498 1800 2543 iquorant
1814 2498 1940 2534 bonum
1960 2500 2010 2535 vel
2027 2500 2173 2537 malum.
2191 2500 2247 2537 Sit
2265 2501 2379 2537 fortas

1344 2555 1393 2590 sis
1414 2555 1549 2600 aliquid
1563 2556 1674 2591 etiam
1708 2558 1839 2594 secreti
1870 2559 2032 2605 mysterii
2057 2561 2092 2595 in
2114 2561 2235 2596 verbis
2253 2560 2396 2597 Domini

1345 2615 1498 2651 dicentis
1519 2627 1527 2650 :
1547 2615 1633 2650 Filii
1654 2617 1823 2662 ipsorum,
1858 2619 1917 2663 qui
1955 2624 2035 2654 sunt
2054 2630 2190 2654 mecum
2219 2620 2290 2655 hic.
2328 2620 2397 2656 Ubi

1343 2686 1477 2711 mecum
1492 2676 1550 2711 hic
1563 2676 1578 2710 ἱ)
1594 2677 1665 2723 Aut
1685 2677 1863 2723 quomodo
1882 2680 2042 2714 mecum?
2073 2679 2140 2724 Qui
2161 2680 2271 2717 habet
2290 2691 2396 2718 aures

1344 2736 1479 2772 audiat.
1503 2736 1575 2772 Nos
1594 2737 1742 2773 interim
1759 2738 1925 2781 dicimus,
1942 2739 2026 2784 quia
2048 2745 2170 2786 patres
2190 2741 2305 2777 nostri
2323 2741 2397 2776 fue-

1345 2802 1427 2832 runt
1441 2797 1593 2843 populus
1611 2797 1669 2833 ille
1688 2799 1807 2843 pri0r;
1830 2810 1896 2835 nos
1923 2805 2042 2836 autem
2062 2800 2125 2836 filii
2151 2801 2311 2846 ipsorum
2327 2811 2394 2847 pro

1345 2857 1414 2893 illis
1431 2858 1655 2893 surreximus
1683 2863 1719 2893 et
1746 2859 1858 2895 erecti
1889 2870 2024 2903 sumus,
2057 2860 2119 2906 qui
2145 2861 2394 2898 nesciebamus

1344 2918 1479 2954 bonum
1495 2918 1551 2952 vel
1576 2918 1724 2953 malum.
1746 2919 1799 2954 Ex
1824 2921 1989 2966 gentibus
2015 2920 2111 2955 enim
2141 2930 2279 2964 sumus,
2310 2922 2395 2967 quia

1294 2965 1328 3003 D
1346 2988 1463 3023 neque
1480 2978 1588 3020 bona,
1608 2989 1687 3023 quae
1707 2989 1751 3014 ex
1768 2980 1841 3016 Deo
1859 2981 2008 3016 veniunt
2029 2990 2258 3025 noveramus,
2277 2992 2394 3028 neque

1345 3038 1453 3080 mala,
1474 3048 1553 3083 quie
1570 3049 1613 3074 ex
1632 3046 1782 3084 peccato
1802 3045 2032 3086 generantur.
2061 3039 2099 3076 Si
2118 3045 2239 3078 tamen
2270 3052 2395 3078 succe-

1344 3098 1469 3133 dentes
1489 3099 1524 3134 in
1543 3099 1662 3134 locum
1674 3110 1812 3142 eorum,
1830 3101 1891 3145 qui
1910 3099 2039 3145 abjecti
2061 3106 2156 3144 sunt,
2170 3102 2394 3149 tantilapsus

1346 3158 1535 3195 timeamus
1578 3160 1782 3205 exemplum
1799 3186 1809 3202 ,
1854 3160 2040 3197 audientes
2077 3163 2392 3200 commonitionem

1343 3217 1445 3253 Pauli
1466 3220 1641 3254 dicentis:
1669 3218 1753 3254 Vide
1769 3224 1887 3254 autem
1911 3222 2127 3257 severitatem
2154 3230 2187 3258 et
2205 3223 2392 3261 bonitatem

1342 3278 1420 3312 Dei.
1443 3278 1487 3312 In
1501 3289 1558 3313 eos
1577 3285 1692 3312 autem
1710 3278 1770 3323 qui
1798 3279 2010 3323 ceciderunt,
2030 3283 2267 3327 severitatem;
2290 3284 2328 3320 in
2360 3290 2394 3320 te

1340 3337 1478 3385 quidem
1497 3337 1696 3379 bonitatem,
1725 3337 1756 3371 si
1779 3343 1894 3372 tamen
1921 3341 2153 3383 permanseris
2170 3343 2208 3377 in
2226 3342 2391 3380 bonitate.

1341 3403 1481 3450 Alioqui
1498 3408 1530 3438 et
1546 3408 1584 3438 tu
1601 3401 1785 3444 excideris,
1803 3407 1835 3437 et
1863 3402 1918 3438 illi
1944 3403 1975 3438 si
1991 3414 2062 3439 non
2077 3403 2329 3450 pemanserint
2354 3403 2392 3439 in

1341 3462 1598 3506 incredulitate,
1617 3463 1814 3498 inserentur
1836 3461 1956 3510 (Rom.
1990 3463 2059 3510 xi).
2092 3462 2238 3500 Addidit
2273 3468 2392 3499 autem

1344 3527 1427 3570 post
1441 3524 1518 3560 haec
1533 3522 1706 3559 Dominus
1721 3527 1759 3558 et
1769 3521 1857 3559 dicit
1877 3533 1886 3557 :
1907 3521 1990 3558 Filii
2009 3523 2113 3559 vestri
2136 3528 2238 3560 erunt
2266 3522 2391 3559 incoloe

1344 3585 1576 3634 quadrayinta
1623 3585 1724 3621 annis
1766 3585 1804 3620 in
1837 3584 1987 3620 deserto.
2033 3584 2080 3620 Et
2117 3584 2202 3630 quid
2239 3584 2392 3622 haberet

1345 3647 1508 3694 mysterii
1535 3655 1706 3682 numerus
1734 3644 1826 3688 iste,
1859 3644 2018 3681 declarat
2049 3644 2172 3681 dicens
2211 3655 2220 3679 :
2253 3642 2390 3680 Secun-

1345 3708 1443 3752 dum,
1469 3706 1600 3752 iuquit,
1623 3716 1806 3742 numerum
1835 3705 1972 3742 dierum
1995 3705 2119 3752 quibus
2147 3703 2391 3740 considerastis

1345 3775 1476 3807 terram
1509 3765 1743 3815 quadraointa
1777 3765 1922 3812 diebus,
1957 3776 2022 3814 pro
2061 3765 2117 3801 die
2153 3775 2216 3811 per
2258 3773 2391 3803 annum

2530 1160 2540 1180 u
2526 1135 2540 1149 Ι.
2527 1101 2540 1118 W
2525 941 2540 1091 fl-—m
