2540 4016
592 68 658 129 ¹(

27 185 67 246 ’a
73 207 122 248 as
451 188 505 254 Ι

685 198 1019 240 continuum
1043 198 1090 236 lN
1116 197 1325 237 Exonun.
1350 217 1396 225 -
1418 197 1507 235 Lm.
1530 188 1629 237 was⁴

1980 152 2003 174 'a-

2146 207 2218 245 194
2229 233 2237 241 .

31 281 324 322 ⁴P0rroannutos
337 285 531 329 posuerunt
549 279 587 315 in
595 283 749 324 utroque
765 277 878 314 latere
897 275 1098 319 rationalis,
1118 281 1154 321 A
1169 274 1265 311 ferre
1285 274 1404 318 debet,
1424 274 1688 311 ostenduntur?
1719 273 1766 309 Et
1780 278 1864 320 apte
1894 276 2012 322 primo
2029 280 2075 316 de
2091 291 2220 329 super.

49 355 71 382 e
83 345 214 391 quibus
224 341 420 391 penderent
426 342 504 379 duae
514 346 665 382 catenae,
675 349 766 385 quos
782 338 1013 374 inseruerunt
1029 347 1100 372 un-

49 406 156 449 cinis,
177 404 293 452 quiin
307 400 608 449 superhumeralis
631 399 770 446 angulis
795 398 1013 435 eminebant.
1049 397 1100 433 De

49 478 203 516 quorum
221 467 334 514 figura
353 464 480 502 melius
503 463 541 500 in
559 461 744 499 rationalis
775 459 998 507 expositione
1027 463 1102 494 tra-

48 529 219 567 ctabitur.

451 587 603 626 CAPUT
628 586 687 623 lv.

365 650 415 686 De
429 650 567 696 [actura
582 647 778 684 rationalis.

95 711 277 748 Rationale
315 722 447 758 quoque
483 710 613 756 judicii
651 709 758 754 facies
787 717 887 752 opere
922 704 1100 750 polymito,

50 773 150 816 iuxta
161 779 333 807 texturam
349 770 653 819 superhumeralis,
677 781 719 805 ea:
733 781 821 805 auro
843 767 1045 814 hyacintho,
1069 771 1102 800 et

48 845 218 881 purpura,
236 845 402 880 coccoque
426 834 475 869 bis
495 835 614 875 tincto,
635 838 667 867 et
697 831 796 876 bysso
831 835 974 865 retorta.
1006 827 1102 870 Qua-

48 894 259 940 dranqulum
279 896 343 930 erit
365 901 395 930 et
419 893 557 939 duplex.
594 891 796 926 Mensarum
813 889 920 935 palmi
949 889 1100 931 habehit,

49 961 119 989 tam
137 956 173 990 in
191 955 534 1001 lonqitudine,quam
552 953 588 986 in
612 950 796 986 latitudine
815 948 946 995 (Exod.
958 947 1099 993 xxviii).

48 1014 166 1060 Opere
184 1015 368 1061 polymito,
388 1022 496 1057 opere
514 1010 709 1046 multifario
726 1010 870 1045 dicitur.
911 1008 1011 1044 Sicut
1038 1018 1102 1042 au-

49 1082 121 1113 tem
148 1077 183 1111 in
208 1074 491 1120 superhumerali
510 1083 658 1119 operum
677 1072 862 1118 perfectio,
896 1071 946 1106 ita
981 1071 1017 1106 in
1044 1080 1103 1106 ra-

46 1136 171 1173 tionali
187 1135 323 1181 judicii,
343 1145 413 1180 quo
428 1140 552 1180 pectus
573 1133 769 1169 sacerdotis
791 1132 978 1178 tegebatur
996 1130 1101 1166 simul

1169 334 1347 370 humerali
1374 334 1541 371 faciendo
1553 333 1774 381 praecipitur,
1805 333 1888 379 quia
1909 335 2072 382 quisquis
2097 341 2142 376 ad
2164 352 2223 378 sa.

1169 395 1367 431 cerdotium
1387 394 1706 442 magisteriumque
1725 394 1847 440 populi
1875 394 1940 430 Dei
1963 401 2224 441 promovendus

1168 459 1237 498 est,
1253 455 1411 500 primum
1433 454 1510 500 ejus
1530 455 1662 491 debent
1679 464 1788 500 opera
1797 454 1978 500 cognosci,
1996 459 2037 490 ut
2055 455 2139 491 dum
2157 459 2226 496 hoc

1169 516 1264 561 quod
1282 514 1372 551 foris
1393 516 1561 552 omnibus
1576 520 1691 562 patet,
1710 515 2032 562 irreprehensibile
2050 520 2226 563 paruerit,

1168 574 1428 611 convenienter
1450 586 1496 611 ex
1523 580 1698 621 tempore,
1720 579 1757 611 et
1794 575 1980 621 integritas
1998 577 2118 613 cordis
2136 577 2226 623 ejus,

1169 640 1206 671 et
1223 634 1307 671 fidei
1322 635 1513 673 sinceritas
1531 642 1726 674 scrutetur.
1760 637 1820 673 Fit
1843 642 1961 674 autem
1991 638 2086 674 idem
2103 650 2229 686 super-

1170 698 1356 735 humerale
1387 700 1431 736 de
1459 710 1547 736 auro
1565 706 1602 737 et
1620 701 1830 748 hyacintho,
1869 711 1911 737 ac
1927 712 2087 748 purpura
2104 713 2229 740 cocco-

1170 769 1241 805 que
1258 760 1314 796 bis
1334 760 1515 809 tincto‚2et
1532 762 1639 808 bysso
1653 766 1802 799 retorta.
1823 762 1874 798 De
1892 773 1980 799 auro
1995 763 2172 808 videlicet,
2189 770 2230 800 ut

1172 827 1255 858 ante
1275 823 1394 858 omnia
1415 823 1451 859 in
1470 824 1594 860 habitu
1614 826 1825 868 sacerdotis,
1860 825 2064 863 intellectus
2083 828 2227 874 sapien-

1172 882 1230 918 tiae
1270 884 1518 929 principaliter
1541 885 1683 921 emicet.
1729 885 1820 922 Hinc
1854 892 1975 922 autem
2012 888 2230 935 hyacinthus

1171 943 1231 986 qui
1251 953 1358 979 aereo
1376 945 1494 982 colore
1518 945 1722 993 resplendet
1740 947 1960 994 adjungitur,
1982 954 2022 984 ut
2043 960 2108 996 per
2122 960 2230 986 omne

1171 1001 1266 1045 quod
1294 1002 1524 1049 intelligendo
1545 997 1724 1049 penetrat,
1745 1017 1817 1042 non
1837 1008 1882 1043 ad
1907 1007 2049 1045 favores
2073 1009 2228 1055 infimos,

1172 1061 1234 1097 sed
1255 1061 1299 1096 ad
1330 1072 1491 1099 amorem
1509 1065 1709 1101 coelestium
1742 1073 1878 1114 surgat,
1906 1079 1951 1104 ne
1974 1069 2058 1105 dum
2079 1071 2154 1107 suis
2170 1072 2229 1108 in-

1172 1123 1311 1158 cautius
1332 1122 1495 1159 laudibus
1509 1125 1683 1169 pascitur,
1703 1125 1781 1171 ipso
1791 1127 1953 1163 veritatis
1970 1127 2153 1165 intellectu
2170 1141 2232 1166 va-

46 1197 305 1238 cremabatur,
315 1196 435 1231 cordis
454 1201 490 1231 et
507 1195 764 1241 cogitationum
786 1192 864 1238 ejus
881 1193 1028 1228 castitas
1038 1202 1100 1227 ex·
1119 1187 1151 1225 B
1170 1189 1309 1219 cuetffl'·
1344 1183 1443 1220 AU1'0
1462 1195 1603 1231 ‘1¹¹0ffilue
1635 1191 1671 1222 et
1687 1187 1882 1233 hyacinlhO
1901 1199 2063 1234 purpura
2094 1192 2229 1236 permi-

46 1258 225 1304 primitur.
261 1257 306 1291 Et
322 1257 413 1292 bene
430 1261 510 1301 post
533 1253 842 1300 superhumerale,
859 1252 1034 1288 rationale
1053 1262 1106 1288 se*-

47 1318 167 1364 quitur
195 1317 335 1364 judieii,
370 1323 410 1352 ut
429 1327 510 1352 euni
542 1321 625 1350 ante
644 1315 807 1350 homines
831 1315 912 1360 quis
933 1314 1104 1349 innocens

46 1380 212 1415 manibus
221 1379 440 1425 apparuerit,
452 1377 564 1412 multo
578 1377 693 1422 magis
714 1377 748 1411 in
763 1382 956 1422 conspectu
973 1376 1104 1411 summi

44 1439 173 1486 judicis
185 1440 335 1475 mundus
354 1439 461 1475 corde
472 1439 643 1474 assistere
656 1438 866 1479 contendat,
881 1437 978 1472 omni
996 1446 1106 1482 agens

48 1501 237 1544 industria,
258 1508 297 1536 ut
315 1500 486 1545 quidquid
518 1499 606 1534 foris
631 1509 715 1545 erga
742 1499 925 1543 proximos
945 1502 1026 1541 agat
1044 1500 1106 1530 aut

46 1560 194 1606 judicet,
225 1566 340 1595 totum
355 1570 400 1595 ex
419 1559 542 1604 regula
564 1559 714 1593 internae
733 1558 882 1592 rationis
900 1557 1103 1602 probatum,

49 1632 92 1657 ac
109 1632 173 1657 suo
198 1621 376 1656 conditori
412 1619 583 1665 placitum
619 1619 764 1663 fulgeat.
807 1619 895 1653 item
930 1618 1105 1653 rationale

46 1680 174 1727 judicii
194 1682 360 1717 sacerdos
375 1681 410 1715 in
427 1686 570 1726 pectore
590 1679 683 1714 ferre
703 1679 924 1725 praecipitur,
943 1680 1026 1724 quia
1046 1680 1107 1714 de-

49 1742 111 1779 bet
136 1748 255 1778 rector
292 1741 411 1777 subtili
434 1751 576 1786 semper
603 1742 783 1782 examine,
817 1742 908 1776 bona
940 1741 1106 1786 malaque

50 1805 265 1846 discernere,
304 1808 338 1838 et
363 1813 441 1847 quoe
458 1803 514 1837 vel
548 1802 690 1847 quibus,
712 1804 856 1846 quando
876 1802 932 1836 vel
954 1802 1107 1847 qualiter

49 1870 262 1911 congruant,
285 1863 443 1899 studiose
460 1863 631 1908 cogitare.
670 1862 807 1907 Duplex
827 1868 948 1897 autem
971 1863 1104 1898 factum

49 1932 103 1962 est
119 1925 305 1967 rationale,
325 1930 365 1960 nt
380 1924 520 1960 facilius
550 1925 707 1969 lapidum
728 1925 871 1970 pondus
896 1925 1103 1961 sustineret.

50 1986 120 2022 Sed
134 1986 210 2021 liaec
231 1985 422 2030 duplicatio
442 1985 638 2026 rationalis,
659 1986 693 2019 in
721 1985 846 2031 legalis
876 1990 1023 2030 pectore
1049 1995 1106 2020 sa-

49 2045 216 2089 cerdotis,
233 2045 348 2090 typice
367 2054 431 2080 nos
452 2044 632 2086 admonet,
647 2049 685 2078 ut
703 2045 879 2079 rationem
894 2044 1007 2079 nostri
1021 2054 1106 2079 exa-

1173 1249 1307 1286 scetur‚
1331 1249 1370 1279 ut
1387 1245 1555 1282 videlicet
1572 1247 1796 1284 sacerdotale
1817 1259 1879 1284 cor
1897 1259 1979 1284 cum
2000 1259 2139 1286 summa
2154 1261 2233 1297 quae

1173 1303 1346 1349 praedicat
1366 1311 1501 1350 sperat,
1522 1306 1556 1341 in
1575 1307 1767 1353 semetipso
1785 1308 1895 1344 etiam
1917 1311 2163 1356 suggestiones
2182 1313 2235 1347 vi-

1175 1362 1308 1398 tiorum
1327 1365 1515 1409 reprimat,
1530 1366 1654 1411 eisque
1676 1377 1720 1401 ex
1738 1368 1835 1415 regia
1858 1375 2034 1414 potestate
2052 1371 2234 1407 contradi-

1174 1427 1256 1464 cat;
1274 1429 1451 1464 quatenus
1471 1425 1695 1462 nobilitatem
1716 1437 1858 1473 semper
1887 1429 2022 1465 intimae
2041 1439 2233 1476 regenera-

1175 1482 1283 1518 tionis
1316 1484 1466 1529 aspiciat
1486 1490 1522 1520 et
1538 1486 1696 1522 coelestis
1716 1488 1817 1533 regni
1846 1488 1914 1524 sibi
1935 1489 2099 1525 habitum
2125 1491 2234 1526 mori-

1174 1543 1242 1578 bus
1274 1543 1457 1587 defendat,
1497 1548 1660 1591 quamvis
1680 1556 1720 1583 ut
1750 1549 1916 1594 superius
1935 1550 2070 1586 dietum
2090 1558 2157 1595 est,
2195 1552 2233 1587 in

1174 1614 1354 1650 purpureo
1376 1606 1510 1649 colore,
1545 1608 1661 1652 possit
1696 1609 1773 1654 ipsa
1811 1610 1938 1646 effusio
1966 1613 2150 1656 sanguinis
2169 1624 2236 1659 pro

1175 1665 1320 1702 Christo
1336 1668 1392 1702 vel
1412 1668 1635 1704 diversarum
1655 1669 1844 1705 tolerantia
1865 1681 2116 1716 pressurarum
2133 1674 2238 1709 intel-

1175 1727 1251 1772 ligi.
1286 1728 1366 1773 Ipsa
1384 1735 1439 1764 est
1458 1730 1553 1765 enim
1572 1741 1674 1774 crux,
1691 1742 1799 1777 quam
1818 1739 2008 1778 sequentes
2029 1735 2234 1780 Dominum,

1176 1790 1336 1833 quotidie
1362 1789 1456 1826 ferre
1477 1790 1658 1835 jubemur.
1693 1792 1795 1828 Unde
1833 1794 1962 1830 merito
1993 1795 2074 1831 talis
2096 1796 2236 1842 species

1176 1849 1271 1885 inter
1289 1850 1378 1885 alias
1398 1851 1435 1885 in
1457 1852 1609 1888 humero
1630 1853 1828 1888 sacerdotis
1856 1852 2023 1899 refulget,
2059 1862 2099 1890 ut
2119 1856 2237 1900 ipsum

1176 1912 1221 1945 ad
1244 1912 1457 1958 patiendum
1473 1915 1621 1948 adversa
1640 1924 1780 1959 semper
1800 1916 1926 1951 doceat
1943 1926 2022 1952 esse
2053 1923 2234 1962 paratum.

1175 1970 1274 2006 Auro
1294 1978 1413 2007 autem
1435 1972 1632 2018 hyacintho
1660 1984 1702 2009 ac
1718 1984 1901 2020 purpurae,
1922 1977 1978 2012 bis
2000 1978 2131 2014 tinctus
2158 1989 2238 2014 coen

1177 2043 1240 2068 cus
1257 2031 1476 2080 adjungitur,
1495 2040 1535 2069 ut
1556 2040 1638 2070 ante
1657 2035 1791 2071 interni
1811 2036 1944 2081 judicis
1962 2038 2097 2082 oculos,
2118 2041 2237 2075 omnia

48 2107 167 2149 minis,
205 2112 241 2142 et
259 2106 446 2141 invisibilis
486 2106 582 2142 imus
606 2106 741 2142 arbiter
769 2107 910 2151 probet,
933 2113 967 2141 et
1007 2117 1102 2140 nun,
1123 2095 1153 2136 C,
1176 2093 1351 2130 virtutum
1384 2095 1476 2130 bona
1503 2106 1547 2131 ex
1569 2096 1746 2132 charitate
1781 2098 2009 2142 decorentur,
2040 2105 2080 2133 ut
2111 2106 2237 2136 cuneta

50 2175 157 2210 quam
187 2165 341 2200 humana
372 2165 460 2200 foris
479 2165 710 2207 existimatio,
738 2165 867 2200 merito
885 2170 1100 2200 contemnet.

0 2253 1 2256 ,
52 2225 153 2269 Quod
171 2230 288 2260 autem
309 2235 514 2260 mensuram
529 2225 639 2270 palmi
658 2225 813 2260 habebat
830 2235 894 2270 per
911 2225 1102 2270 quadrum,

51 2290 217 2319 conatum
234 2284 490 2330 infatigabilem
517 2295 556 2320 ac
575 2291 784 2331 perpetuum
811 2285 878 2330 piae
896 2285 1105 2321 intentionis

51 2347 219 2382 ostendit.
249 2346 315 2389 Qui
346 2346 438 2381 enim
474 2346 592 2391 palmo
615 2346 747 2392 aliquid
766 2347 928 2390 metitur,
947 2358 1104 2399 'summo

50 2406 172 2452 utique
191 2408 378 2443 conamine
396 2408 574 2454 dispansis
597 2409 718 2455 digitis
749 2420 896 2445 manum
928 2411 1103 2454 extendit,

49 2474 90 2505 ut
109 2469 220 2515 possit
233 2479 439 2504 mensuram
457 2469 518 2514 qui
528 2470 670 2514 quaerit,
681 2470 784 2516 plene
804 2477 840 2506 et
850 2472 985 2516 absque
1004 2482 1105 2507 scru-

50 2529 134 2576 pulo
143 2521 332 2564 dubietatis
349 2534 485 2565 tenere.
508 2529 610 2565 Unde
627 2531 757 2567 merito
775 2532 943 2577 sientper
959 2542 1106 2567 manum

51 2589 227 2636 operatio,
250 2589 299 2623 ita
319 2599 382 2634 per
395 2590 554 2634 palmum
574 2591 787 2635 exprimitur
806 2592 882 2636 ipsa
901 2591 1106 2626 inflexibilis

53 2647 234 2684 contentio
242 2648 344 2683 bonae
359 2649 593 2693 operationis,
603 2648 687 2683 dum
706 2659 806 2685 suam
821 2651 973 2695 quisque
984 2651 1107 2686 dexte-

54 2715 133 2743 ram
165 2708 201 2742 in
227 2708 394 2743 universa
417 2718 496 2753 quae
515 2708 610 2744 valet
627 2709 781 2754 insignia
813 2710 998 2754 virtutum,
1019 2711 1108 2746 dila-

53 2772 129 2803 tare
142 2767 285 2813 satagit.
306 2763 486 2814 Ponesque
502 2769 538 2803 in
555 2779 594 2803 eo
612 2775 762 2815 quatuor
779 2771 917 2806 ordines
935 2771 1103 2815 lapidum.

53 2828 98 2863 In
116 2830 343 2875 primoversu
363 2830 428 2864 erit
449 2829 536 2876 lapis
556 2830 696 2865 sardius
720 2837 751 2866 el
773 2832 932 2877 topazius
954 2839 986 2867 et
1014 2843 1107 2868 sma-

54 2891 194 2936 ragdus.
227 2890 272 2925 In
291 2890 440 2925 secundo
459 2891 704 2934 carbunculus,
735 2894 918 2939 sapphirus
933 2901 964 2929 et
977 2895 1104 2940 jaspis.

53 2950 99 2987 In
116 2951 215 2987 tertio
247 2951 416 2998 liqurius,
438 2952 576 2987 achates
597 2959 629 2987 et
649 2954 874 3000 amethystus.
910 2955 955 2990 Ιη
979 2962 1103 3001 quarto

54 3011 295 3058 chrysolithus,
308 3013 495 3058 onychinus
516 3018 548 3047 et
567 3012 733 3059 beryllus.
754 3013 888 3050 Inclusi
901 3027 987 3051 auro
1002 3022 1103 3051 erunt

53 3082 114 3118 per
131 3073 268 3108 ordines
291 3074 644 3123 suos‚thabebuntque
661 3075 804 3110 nomina
821 3076 972 3120 filiorum
991 3077 1104 3112 Israel

55 3130 246 3167 duodecim.
282 3132 511 3168 Laetabuntur
525 3134 653 3180 sinquli
673 3134 806 3180 lapides
823 3137 1019 3172 nominibus
1034 3138 1106 3173 sin-

53 3190 214 3239 gulorum
233 3220 243 3236 ,
279 3204 341 3239 per
371 3193 554 3228 duodecim
588 3194 712 3230 tribus.
763 3195 848 3232 Haec
885 3207 1107 3242 gemmarum

50 3252 185 3302 positio
219 3253 442 3290 diversarum
475 3255 512 3290 in
551 3255 749 3300 rationali,
775 3257 1006 3304 multiplicem
1042 3270 1108 3295 va-

23 3310 191 3357 flatum
222 3314 397 3351 virtutum
422 3316 578 3363 gratiam
608 3317 786 3365 designat,
824 3330 904 3366 quae
937 3322 1106 3358 concordi

55 3373 164 3430 gone.

60 3458 82 3487 3
472 3436 624 3475 CAPUT
647 3439 691 3477 V.

329 3494 381 3531 De
398 3497 517 3532 tunica
531 3499 838 3545 superhumeralis.

124 3550 257 3594 mant
269 3559 385 3590 autem
397 3555 677 3602 superhumerale
700 3559 743 3594 de
762 3570 850 3595 auro
870 3565 903 3595 et
918 3560 1105 3606 hyacintho

117 3614 138 3627 ‘
207 3631 221 3642 ,π
251 3616 518 3665 acoccoqueln‘s
535 3618 642 3654 tincto
657 3624 690 3655 et
712 3619 812 3666 bysso
839 3626 982 3664 retorta,
1006 3632 1107 3669 opere

91 3701 95 3703 .
243 3669 382 3727 (βαιά.
393 3675 536 3724 xxvlu).
571 3677 747 3723 Quoniam
769 3680 807 3717 in
821 3681 981 3719 humeris
995 3692 1107 3719 onera

78 3737 82 3752 ¹
145 3725 346 3840 '‘4'333-*3131
366 3760 374 3770 «.
390 3781 396 3786 ⁵
403 3735 497 3786 quid
518 3738 812 3786 superhumerale
824 3741 1020 3788 pontificis,
1037 3743 1107 3780 nisi

227 3831 231 3835 .
260 3831 261 3834 ,
331 3814 333 3817 ·
359 3794 374 3799 ”
415 3808 442 3847 ja
462 3809 493 3826 ’ἢ
521 3804 545 3842 ὐ
585 3797 809 3847 mniugiter
823 3801 1109 3840 eoramDomino

1173 2164 1254 2199 quze
1283 2165 1405 2191 coram
1441 2156 1647 2193 hominibus
1672 2157 1836 2202 rutilant,
1877 2160 1954 2195 haec
1986 2160 2023 2195 in
2041 2168 2237 2207 conspectu

1172 2216 1305 2252 occulti
1323 2218 1453 2253 arbitri
1471 2217 1615 2254 flamma
1643 2220 1761 2255 intimi
1786 2222 1920 2258 amoris
1952 2224 2135 2260 accendat.
2153 2225 2239 2270 Quae

1174 2281 1312 2318 scilicet
1346 2283 1519 2326 charitas,
1546 2284 1629 2329 quia
1653 2284 1766 2320 Deum
1791 2295 1833 2321 ac
1875 2287 2081 2332 proximum
2106 2288 2236 2335 diligit,

1174 2343 1275 2388 quasi
1294 2354 1339 2379 ex
1357 2345 1489 2389 dupHci
1505 2345 1662 2380 tinctura
1682 2345 1862 2390 fulgescit.
1886 2346 1956 2383 Sed
1974 2358 2055 2383 curn
2075 2359 2178 2385 mens
2194 2350 2239 2385 ad

1173 2409 1351 2448 praecepta
1385 2404 1571 2440 charitatis
1591 2406 1790 2448 contendit,
1826 2411 1943 2442 restat
1967 2407 2093 2451 procul
2114 2408 2236 2452 dubio,

1174 2469 1215 2498 ut
1235 2474 1300 2508 per
1325 2464 1581 2500 abstinentiam
1608 2476 1693 2501 caro
1724 2472 1941 2510 maceretur,
1963 2468 2056 2503 unde
2083 2468 2139 2504 bis
2164 2469 2238 2505 tin-

1174 2528 1233 2558 cto
1251 2533 1374 2565 cocco,
1397 2528 1492 2558 torta
1505 2525 1633 2570 byssus
1649 2525 1878 2571 adJungatur.
1911 2526 1962 2562 De
1985 2532 2079 2562 terra
2104 2530 2238 2565 etenim

1175 2586 1304 2631 byssus
1338 2586 1466 2620 nitenti
1502 2586 1622 2631 specie
1640 2586 1767 2621 oritur.
1808 2586 1854 2621 Et
1873 2587 1959 2633 quid
1985 2598 2051 2633 per
2073 2590 2235 2636 byssum,

1175 2645 1245 2680 nisi
1264 2645 1422 2681 candens
1446 2645 1575 2681 decore
1594 2645 1780 2681 munditiae
1802 2647 2000 2691 corporalis
2021 2649 2168 2686 castitas
2178 2651 2238 2686 de-

1179 2707 1343 2752 signatur
1363 2707 1378 2741 ⁴?
1414 2706 1499 2750 Quae
1519 2706 1689 2742 videlicet
1706 2711 1812 2749 torta,
1839 2707 2096 2752 pulchritudini
2112 2720 2238 2757 super-

1175 2768 1374 2804 humeralis
1392 2768 1601 2811 innectitur,
1641 2768 1725 2813 quia
1758 2775 1843 2803 tunc
1862 2768 2074 2805 castimonia
2095 2771 2139 2807 ad
2156 2782 2238 2818 per-

1175 2830 1306 2866 fectum
1324 2829 1510 2865 munditiae
1524 2830 1717 2866 candorem
1740 2830 1895 2874 ducitur,
1924 2841 2006 2867 cum
2038 2842 2104 2877 per
2126 2834 2237 2869 absti-

1175 2893 1336 2929 nentiam
1359 2903 1447 2928 caro
1466 2891 1650 2939 fatigatur.
1685 2892 1808 2928 Potest
1841 2893 1885 2929 de
1916 2904 2024 2930 cocco
2049 2896 2109 2940 qui
2143 2895 2236 2942 ignis

1175 2954 1300 3000 specie
1316 2953 1482 3000 refulget,
1523 2959 1560 2990 et
1592 2955 1660 2990 hoc
1678 2963 1750 2989 non
1773 2955 2028 2991 convenienter
2059 2956 2144 3000 dici,
2175 2958 2236 3004 qui

1173 3014 1254 3056 ideo
1284 3014 1436 3050 fortasse
1468 3015 1525 3050 bis
1562 3015 1695 3050 tinctus
1713 3014 1791 3050 fieri
1821 3020 2023 3061 praeceptus
2057 3017 2118 3061 sit,
2151 3018 2236 3063 quia

1173 3074 1267 3120 ignis
1289 3075 1466 3120 duplicem
1499 3075 1633 3111 habere
1650 3074 1724 3111 vim
1751 3075 1877 3118 soleat,
1896 3077 2023 3112 urendi
2044 3077 2180 3114 scilicet
2200 3084 2236 3114 et

1173 3135 1464 3181 lucendi;.cujus
1494 3141 1661 3171 naturam
1692 3136 1824 3172 imitari
1841 3138 2044 3183 praesuIem,
2064 3139 2101 3174 in
2125 3139 2235 3174 verbo

1175 3198 1345 3234 nimirum
1358 3199 1530 3235 doctrinae
1545 3198 1714 3235 salutaris
1728 3203 1884 3244 oportet,
1898 3204 1938 3235 ut
1954 3204 1991 3234 et
2010 3199 2125 3234 lucem
2138 3199 2235 3234 vide.

1175 3258 1259 3295 licet
1278 3259 1438 3295 scientiae
1473 3258 1763 3295 desiderantibus
1784 3259 1939 3304 aperire,
1972 3263 2009 3293 et
2031 3257 2232 3303 rubiginem

1174 3325 1405 3365 peccatorum
1420 3319 1458 3355 in
1472 3319 1781 3365 contemptoribus
1792 3322 1894 3354 curet
1906 3317 2124 3362 increpando
2133 3327 2232 3354 com·

1174 3380 1322 3417 hui-ere.
1355 3381 1455 3416 Duas
1473 3391 1553 3415 oras
1566 3380 1711 3425 junctas
1730 3378 1867 3413 habebit
1890 3377 1927 3411 in
1947 3382 2093 3423 utroque
2123 3376 2232 3415 latere

1174 3444 1430 3487 summitatum,
1450 3449 1488 3478 ut
1507 3442 1544 3478 in
1562 3451 1670 3476 unum
1686 3438 1840 3474 redeant.
1870 3437 1922 3473 De
1941 3437 2010 3474 hoc
2027 3438 2062 3474 in
2078 3449 2231 3485 sequen·

1174 3503 1271 3539 tibus
1291 3503 1342 3539 ita
1355 3502 1488 3538 dicitur
1505 3513 1514 3537 ε
1537 3500 1637 3535 Fecit
1661 3499 1770 3544 iyitur
1786 3499 2068 3544 superhumerale
2085 3501 2129 3537 de
2141 3513 2229 3547 auro

1177 3562 1363 3609 hyacintho
1377 3570 1411 3599 et
1428 3572 1599 3610 purpura.
1630 3559 1677 3596 Et
1699 3559 1806 3606 paulo
1823 3565 1906 3607 post
1925 3572 1934 3596 :
1955 3561 2147 3599 Duas—oras
2163 3563 2230 3599 sibi

1174 3625 1322 3660 invicem
1331 3624 1527 3670 copulatas,
1541 3624 1578 3658 in
1602 3628 1749 3670 utroque
1769 3621 1877 3660 latere
1889 3625 2140 3662 summitatum.
2174 3626 2230 3664 Ex

1178 3695 1249 3731 quo
1266 3683 1462 3720 verisimile
1480 3682 1636 3727 videtur,
1673 3683 1768 3730 quod
1783 3684 1970 3732 applicatae
1993 3689 2126 3729 vestes,
2141 3695 2228 3725 eon-

1178 3743 1308 3790 iunctae
1322 3741 1390 3780 sibi
1409 3741 1556 3780 fuerunt
1575 3751 1649 3779 orae
1679 3742 1868 3789 utriusque
1883 3743 1998 3790 partis
2013 3743 2052 3781 in
2073 3751 2228 3793 utroque

1178 3802 1304 3849 latere,
1340 3812 1362 3840 a
1380 3811 1524 3844 sursum
1545 3811 1661 3850 usque
1686 3801 1868 3848 deorsum,
1900 3802 1952 3840 ita
1969 3803 2010 3841 ut
2038 3802 2226 3843 dimidium
