2540 4016
336 290 408 330 ⁴65

336 361 550 405 effeminatis
575 350 834 394 sacrificabant.
863 345 997 382 Polluit
1021 343 1086 379 Dei
1118 345 1264 384 sancta,
1293 339 1438 389 quo-‚A

1436 399 1526 438 ‚Deo
1543 397 1735 438 receditur,
1758 395 1834 431 sive
1847 386 2034 443 suisibiles'·
2048 386 2252 436 phitonicos
2261 389 2297 422 et
2307 378 2525 429 veneficos,··

335 425 469 465 modo?
491 420 573 467 quia
594 412 717 461 polluit
742 416 873 444 nomen
899 408 1063 441 sanctum
1089 401 1181 447 ejus.

383 481 604 524 contaminat
624 483 708 519 ergo
725 475 761 506 et
777 466 903 515 polluit
921 473 1054 500 nomen
1070 460 1246 507 ejus,.qui
1268 461 1301 496 ei
1319 460 1382 495 de-

336 549 389 584 dit
407 541 611 587 imaginem,
635 539 671 570 et
693 540 758 577 per
783 529 877 564 hanc
901 526 1019 571 ipsum
1042 523 1104 569 qui
1129 520 1379 563 sanctificavit,

333 606 395 652 qui
422 607 457 638 et
484 597 648 645 spiritum
670 591 752 627 vitae
781 588 815 624 ei
845 597 891 622 ex
922 595 986 621 sua
1017 583 1134 630 gratia
1163 580 1379 618 insufflavit:

333 665 416 711 quia
431 660 555 707 spiritu
569 654 661 692 malo
678 657 714 688 et
731 650 880 686 adverso
898 647 973 683 Deo
988 644 1247 689 corrumpitur,
1263 646 1298 677 et
1314 641 1384 675 Do:

332 723 499 762 minicam
519 716 709 763 imaginem
727 713 764 747 in
780 709 983 746 daemonum
1006 705 1216 741 servitutem
1239 701 1380 747 redigit,

334 784 560 832 regalemque
586 772 816 820 margaritam
846 779 870 804 a
899 767 1022 814 porcis
1043 764 1221 811 permittit
1250 763 1380 809 pollui;

335 846 427 881 idem
446 844 555 877 estet
577 832 738 881 quisquis
768 830 812 866 de
843 827 1058 874 cognatione
1085 830 1122 860 et
1147 825 1191 860 de
1208 823 1384 869 vdoctrina

335 915 397 941 sua
414 899 570 938 avaritiae
583 894 700 936 offert,
717 898 753 928 et
769 889 815 926 ad
831 887 1021 924 avaritiam
1037 885 1211 933 *operibus
1225 889 1287 918 aut
1304 893 1385 918 ver-

330 964 386 998 bis
409 954 626 996 consuefacit
647 961 729 989 eum
752 950 814 997 qui
833 956 1048 995 quocunque
1061 945 1181 992 =modo
1202 942 1386 989 discipulis

330 1021 407 1066 eJus
427 1019 483 1054 vel
500 1020 672 1063 cognatus
689 1017 759 1055 est,
780 1020 926 1047 servum
943 1018 1024 1045 eum
1050 1003 1384 1049 daemonumdevo-

331 1088 405 1117 tum
435 1077 536 1114 idolis
575 1075 650 1110 sive
681 1076 954 1112 consecratum,
984 1063 1387 1111 militemqueNmaligni

331 1138 500 1188 principis
514 1134 620 1180 hujus
644 1132 764 1170 saeculi
782 1130 954 1167 efficiens.
987 1127 1102 1163 Radix
1119 1127 1210 1161 enim
1233 1125 1388 1160 omnium

331 1200 501 1236 malorum
521 1196 685 1238 avaritia,
706 1204 783 1240 quae
800 1199 849 1228 est
869 1190 1044 1226 idolorum
1055 1189 1202 1224 servitus
1219 1185 1274 1233 (II
1296 1185 1386 1219 Tim.

330 1274 387 1306 v13
409 1259 487 1297 Gal.
507 1258 559 1306 v).
584 1257 746 1293 Dicimus
763 1259 884 1289 autem
907 1252 976 1287 hoc
993 1250 1111 1296 ipsum
1131 1252 1167 1283 et
1186 1251 1313 1282 contra
1329 1254 1391 1280 cos

332 1323 393 1369 qui
417 1318 631 1357 adulterium
656 1316 806 1355 docent;
836 1315 1069 1357 suggerentes
1097 1306 1256 1343 nefarias
1279 1305 1392 1340 actio-

333 1391 412 1424 neS,
430 1379 623 1416 suadentes
636 1372 911 1420 turpitudinem,
931 1369 1130 1416 polluentes
1160 1371 1285 1402 sancta
1313 1365 1389 1407 Dei,

335 1442 370 1477 id
397 1445 466 1483 est,
496 1439 719 1485 signatorum
741 1433 814 1468 Deo
834 1439 1000 1476 corpora,
1024 1436 1178 1474 quorum
1196 1434 1281 1461 caro
1302 1430 1413 1459 tem--

334 1501 431 1547 plum
450 1499 513 1535 Dei
539 1502 575 1532 et
599 1494 754 1542 Spiritus
785 1491 903 1527 sancti
928 1495 982 1524 est
1010 1486 1270 1523 habitaculum.
1302 1483 1391 1519 Pro-

334 1567 457 1607 pterea
472 1569 534 1594 eos
554 1556 614 1603 qui
630 1556 682 1592 sic
698 1553 793 1590 mala
814 1557 850 1587 et
871 1547 1126 1586 abominabilia
1145 1545 1315 1592 operibus
1333 1548 1394 1578 aut

335 1620 457 1656 verbis
476 1619 620 1659 docent,
644 1626 716 1651 non
733 1613 840 1649 unius
856 1611 1048 1658 praecepit,
1068 1609 1131 1644 sed
1147 1606 1307 1643 omnium
1330 1615 1395 1651 pu-

338 1681 409 1716 niri
422 1679 587 1714 manibus
603 1680 737 1721 utpote
751 1673 911 1709 omnium
926 1671 1091 1707 inimicus
1104 1674 1140 1704 et
1154 1665 1395 1707 adversarius,

341 1746 377 1775 ct
413 1739 571 1775 omnium
607 1736 742 1780 gloriae,
775 1734 868 1769 sicut
902 1731 1112 1777 praedictum
1148 1733 1214 1768 est,
1246 1734 1393 1761 nocens.

343 1799 444 1841 Quod
463 1798 492 1832 si
512 1796 682 1842 neqliqens
701 1792 847 1840 populus
866 1798 966 1826 terrce
986 1797 1015 1825 et
1032 1789 1132 1835 quasi
1146 1784 1396 1833 parvipendens

340 1858 523 1905 imperium
550 1866 679 1898 meum,
707 1853 874 1889 dimiserit
902 1851 1074 1885 hominem
1107 1848 1165 1894 qui
1198 1845 1332 1880 dederit
1354 1843 1397 1878 de

281 1923 283 1925 ’
342 1918 470 1953 semine
493 1927 556 1951 suo
584 1914 738 1956 Moloch,
761 1923 820 1947 nec
852 1910 996 1945 voluerit
1024 1908 1123 1941 illum
1157 1905 1326 1947 occidere,
1362 1902 1398 1937 id

344 1983 413 2021 est,
436 1978 466 2013 si
485 1977 521 2011 hi
536 1976 598 2021 qui
618 1973 743 2009 nutriti
764 1975 847 2007 sunt
861 1970 896 2004 in
914 1968 1063 2003 scientia
1081 1965 1304 2011 neglexerint
1317 1972 1399 1998 eum

345 2039 407 2084 qui
427 2037 511 2073 talia
526 2037 640 2071 docet.
668 2033 752 2067 Haec
767 2035 821 2066 est
839 2029 935 2064 cuim
949 2036 1033 2061 vcra
1049 2032 1085 2061 et
1103 2030 1201 2060 recta
1224 2030 1333 2065 terra,
1356 2023 1400 2058 de

347 2107 417 2142 qua
446 2096 495 2130 ait
524 2090 829 2136 Davidtspiritus
856 2094 936 2122 tuus
965 2087 1071 2120 bonus
1104 2084 1248 2118 deducet
1277 2094 1331 2117 me
1363 2082 1400 2116 in

800 274 841 310 B.
868 267 1211 313 RABAMMAURI
1234 261 1682 302 ARCHlEP.-MOGUNT.
1709 257 1900 298 OPERUM
1922 254 2044 294 PARS
2066 254 2095 291 1.

2412 236 2503 285 ⁸464·

1452 348 1543 385 quos
1564 337 1623 373 vel
1647 334 1828 372 veneficos
1852 331 2100 379 praediximus·
2131 326 2171 363 In
2189 293 2458 384 utmqtmfnun
2468 294 2504 379 {a

1452 458 1529 495 sive
1545 453 1916 503 intelligibilesmdicaffi
1931 451 1969 487 id
1982 454 2053 501 est,
2069 458 2132 499 eos
2151 446 2266 493 quiin
2279 435 2508 497 nominedDei

1452 519 1543 556 falsa
1561 519 1792 565 prophetant,
1805 506 2023 563 'deceptores-
2035 517 2073 548 et
2087 510 2303 552 adulatores,
2320 508 2382 555 qui
2398 518 2522 554 vene-4

1453 578 1532 614 ficis
1551 576 1800 617 sermonibus,
1818 573 1967 623 *auditus
1985 571 2450 619 multorum-corrumpunt,
2469 559 2522 604 ut*

1454 648 1475 673 a
1490 637 1642 674 veritate
1659 636 1804 681 quidem
1818 634 1961 670 auditus
1975 635 2140 667 avertant
2150 656 2160 674 ‚
2177 630 2223 677 ad
2234 628 2374 665 fabulas
2387 634 2510 665 autem
2532 634 2540 640 ·

1455 703 1492 733 et
1513 706 1675 732 errorem
1693 697 1952 731 convertantur
1971 689 2028 738 (ΙΙ
2046 689 2136 725 Tim.
2157 688 2222 737 lv).
2249 688 2294 724 Et
2316 694 2510 734 propterea
2528 642 2540 721 ³

1441 767 1590 805 ,ponere
1609 756 1739 792 faciem
1757 764 1860 790 suani
1877 752 2001 798 Judex‚
2023 755 2060 786 et
2079 750 2288 802 disperdere·
2308 758 2370 785 eos
2387 749 2430 785 de
2445 758 2512 794 po·
2532 753 2540 791 4¹

1456 822 1550 868 pulo>
1563 831 1628 857 suo
1648 818 1887 856 comminatus
1911 820 1978 851 est.
2011 813 2298 861 Addiditjautem
2320 824 2328 847 τ
2347 810 2512 855 Sanctifi-
2531 812 2540 856 ξ

1448 883 1601 930 camini,
1617 887 1649 917 et
1668 886 1774 916 estote
1790 879 1902 914 sancti
1915 886 1926 911 :
1941 865 2233 925 ostendens'quia
2246 877 2420 919 quotquot
2431 860 2540 920 illos}

1459 943 1572 980 secuti
1595 946 1692 984 sunt,
1718 938 1846 985 polluti
1871 940 2019 984 sunt-et
2040 932 2298 971 abominabiles
2317 935 2424 976 atque
2442 929 2512 964 im·

1458 1003 1595 1045 mundi,
1621 1006 1745 1048 utpote
1768 993 2324 1047 quia*abominabilibusnverbis
2340 997 2377 1028 et
2392 990 2540 1048 pravise·

1446 1061 1687 1108 ‚dogmatibus
1704 1063 1979 1100 consenserunt,
1997 1057 2144 1101 insuper
2159 1054 2296 1091 addidit
2311 1066 2318 1088 :
2337 1051 2540 1104 Custoditeq

1461 1130 1738 1170 praeceptamea
1768 1126 1800 1156 et
1834 1120 1938 1166 facite
1962 1129 2002 1153 ea
2020 1128 2031 1152 :
2047 1115 2281 1152 Manifestans
2305 1119 2343 1149 et
2365 1122 2430 1158 per
2446 1105 2540 1158 110οὲ

1462 1184 1556 1230 quod
1569 1181 1902 1230 praevaricationem
1921 1179 1972 1214 illi
1988 1182 2250 1224 praeceptorum
2268 1175 2333 1211 Dei
2350 1167 2540 1218 doceant,.3

1461 1245 1537 1281 sive
1550 1245 1662 1290 legem
1680 1242 1846 1283 doceant,
1869 1240 1945 1275 sive
1967 1238 2087 1273 divina
2110 1246 2148 1272 se
2166 1234 2396 1279 interpretari
2419 1218 2540 1275 man-2

1461 1305 1544 1341 data
1570 1304 1729 1350 fingant,
1759 1307 1795 1338 et
1826 1305 2016 1346 propterea
2040 1307 2102 1332 eos
2129 1301 2166 1332 et
2192 1303 2364 1340 sequaces
2393 1279 2540 1335 eorum}

1461 1371 1661 1402 aversatur.
1703 1363 1774 1398 Sed
1794 1367 1831 1398 et
1852 1362 1999 1397 brevem
2038 1357 2302 1394 conclusionem
2319 1353 2436 1389 verbis
2454 1352 2540 1393 ad-oj

1463 1426 1553 1461 didit
1567 1425 1690 1460 dicens
1708 1435 1716 1457 t
1733 1422 1808 1468 qu
1830 1420 2014 1461 Dominus,
2034 1418 2092 1464 qui
2113 1415 2293 1460 sanctifico
2312 1412 2432 1455 vos,id
2449 1414 2540 1459 estnss

1463 1495 1528 1520 cur
1542 1494 1623 1519 cum
1643 1483 1700 1518 his
1721 1481 1782 1526 qui
1802 1480 1872 1515 alia
1895 1484 2022 1514 contra
2043 1486 2162 1511 meam
2186 1475 2302 1520 legem
2322 1478 2384 1508 aut
2402 1463 2540 1517 meam}

1464 1544 1665 1580 doctrinam
1699 1541 1845 1582 dicunt,
1880 1535 2181 1582 corrumpimini?
2212 1533 2287 1579 Ego
2311 1532 2416 1580 ,enim
2443 1520 2540 1581 sun*

1464 1604 1638 1640 Dominus
1659 1600 1718 1648 qui
1739 1598 1919 1643 sanctifico
1939 1608 2011 1632 vos.
2042 1594 2214 1639 Sequitur
2233 1604 2242 1626 ι

1514 1663 1582 1705 Qui
1605 1659 1823 1696 maledixerit
1846 1657 1938 1703 patri
1957 1666 2019 1691 suo
2052 1661 2083 1689 et
2111 1652 2230 1694 matri,
2263 1656 2373 1686 morte
2394 1639 2540 1685 moria-⁸⁵

1467 1728 1545 1765 tur‚·
1564 1722 1656 1767 patri
1676 1720 1847 1765 matrique
1866 1717 1925 1764 qui
1951 1714 2187 1755 maledixerit,
2209 1711 2351 1758 sanquis
2377 1710 2452 1756 ejus
2480 1706 2540 1747 si!

1467 1795 1570 1830 super
1583 1793 1676 1824 eum,
1698 1781 1768 1815 sive
1784 1778 1837 1826 (ut
1856 1774 2105 1823 Septuaginta)
2127 1784 2206 1808 reus
2224 1778 2273 1807 est
2290 1776 2356 1806 :ut
2375 1771 2445 1806 hoc
2460 1777 2540 1805 no·-

1468 1854 1550 1879 men
1570 1843 1615 1878 ad
1634 1842 1751 1887 ipsum
1776 1839 1890 1874 Deum
1919 1835 2113 1872 referatur.
2147 1833 2259 1868 Isaias
2285 1831 2381 1866 enim
2409 1828 2540 1878 dixit*

1470 1902 1639 1950 Nunquid
1656 1912 1723 1936 non
1742 1899 1835 1934 Deus
1858 1907 1947 1932 unus
1968 1895 2048 1941 fecit
2063 1905 2120 1929 vos
2136 1893 2152 1928 7
2172 1891 2328 1937 nunquid
2341 1895 2439 1935 pater
2456 1891 2540 1939 amq:

1469 1967 1565 2001 nium
1584 1970 1734 2000 vestrum
1751 1961 1785 2008 (Ι
1788 1972 1839 1996 sa.
1863 1958 1960 2006 ιιι-ιν)
1974 1958 1990 1993 ‘?
2003 1957 2048 1993 Et
2067 1966 2193 1992 rursus
2209 1965 2218 1990 ε
2236 1954 2396 1995 Domine,
2429 1937 2540 1999 pate'q

1470 2031 1584 2061 noster
1601 2032 1701 2067 estu,
1727 2033 1789 2057 nos
1815 2032 1892 2056 vero
1917 2019 2043 2061 lutum,
2073 2023 2104 2052 et
2137 2023 2174 2052 tu
2202 2015 2303 2061 fictor
2334 2018 2464 2054 noster,
2496 2002 2540 2052 Α

1471 2098 1574 2132 opera
1602 2095 1770 2120 manuum
1801 2089 1943 2118 tuarum
1973 2090 2090 2115 omnes
2118 2088 2192 2112 nos.
2232 2074 2303 2121 (Ex
2323 2061 2540 2177 Hesychia}

349 2164 443 2192 terra
471 2159 564 2188 recta
593 2149 707 2197 (Psal.
737 2147 861 2194 cxmi),
899 2145 983 2190 quia
1012 2144 1146 2179 malum
1172 2148 1228 2178 est
1245 2141 1402 2177 maxime
1420 2126 1449 2165 C
1472 2145 1583 2180 Recte
1609 2154 1695 2189 ergo
1714 2144 1919 2189 quicunque
1939 2140 2034 2187 patri
2060 2137 2240 2179 detrahit,
2270 2135 2333 2170 sed
2350 2138 2386 2168 et
2407 2130 2513 2168 matri

349 2216 422 2252 tale
454 2218 642 2261 peccatum
670 2221 741 2247 non
770 2207 918 2252 exsequi
948 2212 984 2241 et
1014 2204 1226 2250 impunitum
1256 2203 1401 2238 dimitti.

352 2277 446 2320 Quid
466 2280 521 2311 est
546 2273 641 2320 quod
667 2271 843 2317 sequitur,
870 2274 901 2303 et
923 2277 1025 2314 super
1044 2264 1283 2310 coqnationem
1313 2263 1404 2307 ejus,

352 2348 415 2374 eos
439 2337 606 2372 videlicet
632 2334 694 2379 qui
718 2332 862 2368 student
890 2329 1034 2370 similia,
1069 2326 1129 2372 qui
1158 2325 1300 2371 cognati
1324 2329 1407 2359 sunt

352 2401 499 2442 propter
535 2392 805 2429 similitudinem
851 2388 1002 2425 actionis
1039 2390 1074 2421 et
1112 2385 1299 2421 doctrinae.
1347 2383 1409 2417 Ait

354 2466 441 2502 crgo
460 2467 468 2489 z
486 2452 737 2498 Succidamque
757 2451 871 2496 ipsum
887 2454 918 2483 et
937 2457 1053 2482 omnes
1077 2445 1135 2492 qui
1162 2449 1408 2478 consenserunt

356 2518 401 2561 ei,
417 2521 455 2552 ut
483 2514 739 2561 fornicarentur
769 2521 848 2546 cum
882 2507 1044 2551 Moloch,
1070 2506 1112 2541 de
1144 2505 1257 2540 medio
1290 2503 1410 2550 populi

355 2577 423 2613 sui.

404 2637 535 2672 Malum
562 2641 617 2672 est
636 2635 732 2670 enim
754 2631 963 2679 permittere
987 2633 1049 2664 aut
1068 2625 1274 2664 consentire
1301 2623 1411 2660 etiam

357 2707 422 2734 eos
439 2697 498 2742 qui
519 2696 605 2730 soris
627 2700 708 2730 sunt
728 2693 895 2729 fornicari
915 2702 935 2726 a
953 2692 1026 2726 Deo
1046 2694 1082 2725 et
1103 2689 1286 2724 adhaerere
1309 2684 1413 2720 intel-

358 2755 487 2802 ligibili
504 2754 654 2800 principi
672 2766 679 2788 t
700 2753 811 2788 multo
831 2752 946 2798 magis
964 2757 1082 2786 autem
1101 2750 1145 2784 de
1159 2748 1276 2784 medio
1291 2745 1413 2792 populi

361 2815 431 2858 sui,
454 2816 522 2850 hoc
536 2819 591 2850 est
605 2813 703 2848 enim
723 2818 834 2847 totum
853 2822 998 2857 gregem
1019 2811 1111 2855 lupis
1126 2809 1267 2850 cedere,
1287 2812 1322 2842 et
1338 2816 1415 2840 om-

362 2886 427 2911 nes
453 2885 538 2911 oves
566 2874 654 2910 ieris
684 2873 836 2907 tradere.
873 2871 910 2906 Si
927 2871 1071 2916 quidem
1091 2870 1135 2905 de
1158 2868 1276 2903 medio
1294 2865 1415 2912 populi

363 2933 522 2968 inimicis
543 2941 670 2976 rapere
694 2930 949 2975 permittimus,
974 2935 1035 2964 aut
1052 2929 1082 2964 si
1098 2937 1243 2962 manum
1265 2924 1417 2970 porrigi-

365 3001 447 3027 mus
465 2991 630 3037 rapienti.
656 2990 723 3033 Qui
745 2990 839 3024 enim
859 2988 1040 3024 consentit
1062 2992 1098 3023 et
1126 2991 1221 3022 tacet
1246 2991 1418 3020 accusare

367 3061 448 3086 eum
473 3060 579 3096 quem
609 3059 759 3094 arguere
782 3058 927 3084 necesse
946 3053 1013 3090 est,
1041 3047 1097 3082 vel
1125 3046 1330 3086 admonere,
1360 3041 1418 3078 vel

367 3113 568 3158 increpare,
587 3112 648 3147 hic
664 3121 735 3147 non
750 3109 894 3155 effugiet
914 3109 1074 3144 divinum
1088 3106 1277 3151 judicium.
1312 3104 1419 3139 Ponit

370 3177 492 3208 autem
506 3171 635 3207 faciem
653 3180 754 3206 suam
778 3179 884 3214 super
903 3178 986 3203 eum
1014 3167 1121 3209 Deus,
1156 3165 1254 3200 illam
1277 3164 1321 3199 de
1349 3173 1419 3207 qua

369 3232 484 3268 David
500 3232 666 3268 dicebat:
690 3229 815 3265 Vultus
836 3235 948 3264 autem
968 3227 1109 3262 Domini
1132 3235 1235 3271 super
1256 3224 1420 3269 facientes

370 3293 479 3337 mala,
500 3299 538 3328 ut
560 3291 737 3339 disperdat
762 3292 804 3326 de
831 3297 923 3325 terra
939 3289 1142 3324 memoriam
1166 3295 1284 3320 eorum
1306 3282 1420 3330 (Psal.

372 3352 518 3399 xxxin).
544 3351 624 3388 Non
644 3352 759 3388 solum
775 3360 860 3396 ergo
879 3349 939 3395 qui
960 3348 1045 3383 talia
1061 3346 1214 3388 faciunt,
1232 3344 1294 3380 sed
1310 3348 1347 3379 et
1362 3341 1424 3388 qui

376 3413 603 3449 consentiunt
613 3411 839 3448 facientibus.
874 3408 1044 3455 Sequitur
1066 3419 1075 3442 :

425 3471 550 3506 Anima
569 3483 645 3519 quae
663 3470 884 3506 declinaverit
905 3469 950 3504 ad
970 3478 1089 3514 maqos
1115 3473 1148 3502 et
1174 3466 1220 3502 ad
1245 3464 1375 3500 ariolos
1394 3468 1427 3499 et

381 3529 554 3575 fornicata
572 3531 674 3576 fuerit
691 3541 770 3566 cum
789 3530 851 3573 eis,
874 3539 1002 3576 ponam
1024 3527 1148 3574 faciem
1167 3537 1279 3563 meam
1306 3531 1428 3560 eontra

381 3601 473 3634 eam,
490 3596 521 3625 et
534 3591 740 3636 interficiam
757 3590 855 3626 illam
868 3589 911 3625 de
928 3588 1041 3624 medio
1056 3586 1176 3634 populi
1193 3585 1262 3622 sui.
1289 3584 1430 3622 Sancti-

383 3651 538 3696 fioamini
559 3657 591 3686 et
612 3657 717 3687 estote
739 3652 864 3694 sancti,
885 3651 968 3693 quia
992 3659 1052 3696 eqo
1073 3647 1245 3684 Dominus
1265 3645 1359 3682 Deus
1375 3655 1430 3682 ve-

385 3715 456 3745 ster
463 3721 477 3754 ‚·
489 3710 657 3746 custodite
669 3715 840 3756 proecepta
854 3720 932 3745 mea
944 3714 976 3744 et
991 3709 1094 3755 facite
1106 3719 1148 3743 ea
1162 3716 1174 3742 :
1188 3717 1249 3754 eqo
1259 3705 1432 3754 Dominus

389 3769 449 3813 qui
462 3769 640 3814 sanctifico
660 3780 732 3805 vos.
762 3768 843 3805 Non
868 3768 1118 3814 qualecunque
1142 3770 1433 3813 peccatumesse

394 3825 572 3862 declinare
601 3828 648 3864 ad
673 3837 809 3874 magos,
823 3827 914 3871 sive,
940 3833 983 3865 ut
994 3827 1243 3874 Septuaginta,
1263 3825 1435 3864 ventrilo-

1474 2210 1591 2240 mortc
1610 2205 1803 2240 mulctatus
1822 2208 1889 2239 est.
1920 2202 2087 2247 Ingratus
2106 2203 2161 2234 est
2180 2196 2277 2232 enim
2299 2199 2454 2234 naturae,
2471 2192 2540 2226 be!

1474 2265 1679 2301 nesactores
1700 2264 1926 2309 blasphemat
1949 2271 2014 2307 per
2042 2269 2132 2305 quos
2160 2268 2180 2292 a
2202 2257 2278 2292 Deo
2306 2262 2385 2290 esse
2410 2249 2522 2298 perci·

1474 2326 1627 2371 pientes,
1650 2329 1686 2359 et
1703 2334 1769 2368 per
1793 2332 1883 2367 quos
1908 2321 2109 2356 mediantes
2134 2315 2293 2364 generati
2318 2323 2454 2350 sumus.
2515 2330 2517 2337 ι

1477 2385 1624 2430 injuriat
1644 2383 1826 2419 Creatoris
1840 2391 1987 2426 organa,
2003 2386 2044 2415 ut
2062 2380 2216 2419 labores,
2240 2385 2330 2421 quos
2348 2372 2490 2419 patiunt

1478 2446 1514 2481 in
1543 2449 1667 2480 nostra
1698 2441 1929 2488 generatione
1960 2445 2155 2474 taceamus.
2189 2435 2280 2470 Nam
2312 2433 2396 2478 quia
2420 2440 2478 2466 ma
2514 2444 2515 2447 ¹

1478 2516 1575 2541 mam
1597 2512 1740 2550 poenam
1761 2506 1887 2537 contra
1907 2500 2003 2534 hunc
2019 2497 2080 2543 qui
2105 2493 2310 2540 hujusmodi
2329 2497 2397 2534 est,
2413 2491 2450 2526 id
2467 2500 2506 2526 e

1481 2749 1547 2784 erit
1573 2757 1676 2793 super
1704 2755 1797 2788 eum,
1824 2742 1881 2778 vel
1906 2743 1998 2777 sicut
2018 2738 2267 2784 Septuaginta,
2294 2745 2371 2769 reus
2394 2738 2467 2774 est,·
2508 2718 2513 2729 ’

1470 2806 1775 2858 *satisfaciendum
1800 2804 1845 2839 de
1868 2811 1985 2849 poenae
2010 2796 2255 2845 magnitudine
2276 2822 2286 2838 ,
2317 2782 2512 2831 mentione

1484 2873 1522 2902 et
1538 2864 1867 2911 recapitulationem
1883 2862 2021 2898 faciens
2038 2857 2192 2905 peccati.
2228 2854 2267 2890 Si
2291 2862 2377 2900 ergo
2402 2852 2479 2887 haec
2512 2880 2514 2883 .

1486 2937 1529 2963 eo
1553 2926 1615 2971 qui
1639 2924 1827 2960 sensibiles
1850 2922 2032 2958 maledicit
2057 2924 2192 2965 patres,
2212 2914 2324 2951 multo
2343 2912 2460 2957 magis
2486 2924 2511 2941 w

1486 2986 1710 3031 blasphemat
1727 2983 1923 3019 Christum.
1950 2983 2028 3027 lpse
2053 2980 2148 3016 enim
2169 2987 2235 3014 nos
2256 2973 2465 3022 spiritaliter
2494 2992 2511 3006 .-

1489 3045 1694 3093 generavit3
1720 3045 1828 3091 igitur
1847 3043 1909 3089 qui
1928 3041 2005 3086 eJus
2023 3038 2233 3087 mysterium
2252 3041 2288 3072 et
2307 3033 2458 3080 gratiam
2481 3025 2511 3083 ζ

1485 3106 1597 3152 juriat
1618 3105 1857 3151 baptismatis,
1879 3113 1950 3139 non
1967 3101 2138 3138 obediens
2159 3097 2239 3134 voci
2262 3092 2469 3132 Dominicae.

1490 3167 1565 3214 quis
1592 3177 1662 3201 non
1692 3164 1797 3210 suerit
1823 3169 2044 3208 reqeneratus
2067 3170 2111 3195 ex
2141 3168 2233 3205 aqua
2257 3160 2290 3190 et
2316 3152 2456 3199 spiritu,

1491 3225 1634 3260 intrabit
1663 3225 1701 3259 in
1728 3233 1871 3268 reanum
1906 3220 2069 3256 coelorum
2088 3246 2098 3263 ,
2128 3218 2188 3254 hic
2217 3221 2336 3251 monte
2370 3209 2478 3247 mori
2502 3214 2504 3216 '

1491 3284 1660 3329 pessima,
1683 3282 1858 3317 alienatus
1877 3291 1898 3315 a
1921 3290 2031 3326 regno
2047 3267 2234 3319 coelorum,
2251 3280 2289 3312 et
2300 3279 2447 3310 aeoernae
2472 3284 2474 3287 ·

1494 3342 1749 3379 detrimentum
1765 3339 1959 3374 sustinens.
1991 3337 2060 3380 Qui
2085 3339 2122 3370 et
2142 3328 2334 3380 propterea
2359 3339 2453 3375 reus

1495 3402 1580 3449 quia
1596 3401 1815 3447 praedicante
1832 3398 1999 3440 Domino,
2016 3401 2054 3431 et
2067 3394 2285 3442 praedicante
2302 3391 2392 3428 nihil
2411 3391 2435 3427 d
2451 3381 2454 3386 ¹
2473 3414 2478 3419 -

1493 3473 1563 3500 nec
1581 3470 1702 3509 grave,
1721 3468 1837 3505 neque
1852 3458 1947 3504 quod
1964 3455 2137 3502 temporis
2149 3459 2186 3490 et
2203 3452 2364 3490 materiae
2377 3455 2438 3487 aut
2462 3464 2475 3488 ει

1496 3522 1694 3570 disciplinae
1717 3525 1852 3567 egeret,
1877 3519 1940 3555 sed
1966 3517 2212 3554 tantummodo
2229 3513 2354 3551 mundi
2370 3522 2447 3550 cor
2463 3503 2465 3505 ’

1495 3582 1593 3627 fidei,
1613 3582 1682 3619 iste
1704 3571 1831 3627 sponte
1847 3580 1916 3616 boc
1932 3578 2076 3615 Domini
2101 3580 2289 3613 aversatus
2305 3568 2380 3612 est.

1891 3649 2042 3688 CAPUT
2073 3649 2151 3686 XII.

1487 3715 1714 3765 *Prohibetur
1744 3710 1958 3750 adulterium
1989 3717 2023 3747 et
2057 3710 2260 3758 fornicatio,
2298 3724 2326 3738 ι’
2367 3705 2375 3714 “

1859 3757 2188 3813 ρνιιῑυανίοιιηιίἱηιες.ι
2234 3803 2236 3806 .
2315 3760 2367 3813 a*
2386 3747 2399 3766 ⁸·
2428 3799 2432 3802 ²

1551 3822 1668 3872 (lum.)
1687 3820 1725 3860 si
1745 3819 1934 3858 moechatus
1954 3818 2059 3864 fuerit
2076 3819 2158 3866 quis
2167 3824 2371 3854 camna-,ore
