2540 4016
66 199 136 241 88¹

619 195 887 235 ENA'RRA'I'IO
914 197 1066 236 SUPER
1090 197 1505 242 DEIJTERONOMIUM.
1531 219 1578 230 ·—
1599 203 1684 240 Lm.
1708 202 1752 239 11.

67 291 84 315 ε
100 283 171 323 est,
192 282 230 314 et
244 275 379 313 dixerit
396 274 482 312 tibi:
505 274 641 326 Eamus
661 279 699 310 et
717 283 913 320 sequamur
932 274 1018 310 deos
1038 274 1124 310 alie-
1141 274 1178 314 A
1193 281 1230 312 et
1253 276 1374 320 serici,
1407 280 1444 311 et
1462 275 1613 319 coccini,
1646 282 1683 312 et
1713 286 1821 312 omne
1848 277 1982 325 lignum
2001 285 2179 335 thyinum,
2198 295 2240 330 οε

66 352 80 375 ι
98 349 166 376 nos
190 348 282 384 quos
302 338 460 384 ignoras,
493 341 528 371 et
561 334 762 370 serviamus
791 333 866 369 eis:
905 343 976 369 non
995 334 1120 370 audias

66 412 80 435 ι
99 400 210 437 verba
242 399 429 445 prophetae
457 396 554 433 illius
579 401 642 432 aut
673 395 919 439 somniatoris,
953 395 1036 441 quia
1057 405 1120 432 vos

66 471 79 494 ι
98 458 414 497 tentat.Dominus
430 462 621 500 vester,‘et
643 462 685 493 ut
701 456 820 503 palam
853 455 976 499 faciat,
998 460 1121 491 utrum

65 532 79 554 ι
97 519 254 566 diligatis
269 529 352 555 eum
371 529 492 554 annon
512 518 550 554 in
572 522 648 554 toto
662 517 771 554 corde
789 522 924 561 vestro,
944 521 980 553 et
996 517 1034 552 in
1047 520 1122 552 tota

65 593 79 615 ι
98 581 219 616 anima
242 584 378 615 vestra.
400 580 593 616 Dominum
608 579 721 615 Deum
735 584 897 615 vestrum
914 578 1119 623 sequimini,

65 655 77 676 ι
97 646 134 678 et
152 641 270 686 ipsum
302 640 440 683 timete,
473 640 641 676 Mandata
675 640 771 676 illius
792 639 987 682 custodite,
1006 643 1043 674 et
1060 648 1123 673 au-

66 714 79 736 «
98 702 173 738 dite
191 711 316 737 vocem
336 702 426 747 eius.
443 700 514 746 Ipsi
535 701 714 744 servietis,
734 706 770 737 et
786 701 857 747 ipsi
873 699 1120 742 adhaerebitis,

66 775 78 797 ι
102 767 172 798 etc.
191 775 202 796 )
226 762 265 797 ln
298 762 457 797 editione
491 767 610 797 autem
635 762 733 797 LXX
761 760 810 796 ita
836 761 991 797 hahetur
1013 770 1020 792 :
1044 773 1056 792 ι
1085 757 1123 793 Si

64 835 77 858 t
99 829 218 858 autem
233 822 430 858 surrexerit
447 822 483 857 in
500 827 534 857 te
550 822 723 868 propheta
737 831 800 856 seu
816 819 1014 856 somniator
1029 827 1123 852 som-

65 896 76 918 (
96 883 220 925 nians,
241 887 278 917 et
302 882 442 917 dederit
474 882 537 917 tibi
556 882 697 927 signum
722 880 779 916 vel
797 878 1014 925 prodigium,
1030 877 1125 922 quod

65 958 77 979 ‹
96 946 241 981 loeutus
258 950 314 981 est
334 944 459 980 dicens
478 955 485 978 :
509 943 644 978 Eamus
668 946 705 977 et
725 940 927 976 serviamus
949 938 1017 973 diis
1038 938 1125 973 alie-

64 1018 76 1039 «
95 1007 164 1047 nis,
186 1015 276 1050 quos
312 1004 483 1045 nescitis;
518 1012 588 1037 non
615 1000 768 1036 audietis
808 998 918 1034 verba
938 998 1125 1044 prophetae

63 1079 76 1100 ε
93 1065 202 1107 illius,
239 1070 276 1099 et
313 1062 528 1098 somniantis
569 1061 747 1097 somnium
779 1060 863 1095 illud
885 1059 979 1105 quod
1010 1064 1126 1095 tentat

64 1139 75 1160 ‹
93 1136 157 1162 vos
174 1123 350 1160 Dominus
376 1122 470 1158 Deus
503 1127 624 1157 vester
655 1131 719 1156 vos
743 1121 849 1163 scire,
886 1130 929 1155 an
967 1120 1124 1166 diligatis

64 1199 76 1222 t
94 1187 286 1223 Dominum
306 1184 418 1220 Deum
443 1187 617 1226 vestrum,
637 1192 682 1218 ex
701 1186 777 1217 toto
799 1181 908 1217 corde
932 1186 1070 1222 vestro,
1089 1185 1125 1216 et
1143 1168 1175 1207 B

63 1258 76 1279 ι
94 1257 139 1281 ex
164 1250 238 1280 tota
264 1244 383 1279 anima
416 1248 576 1278 vestra.»
615 1241 691 1277 Hoc
725 1241 869 1286 quidem
907 1240 1123 1285 interpretes

58 1306 177 1342 Latini
197 1316 269 1341 non
286 1305 335 1340 ita
350 1309 560 1349 posuerunt,
583 1303 677 1338 scire
698 1312 744 1336 an
765 1302 936 1347 diligatis,
956 1302 1120 1347 quamvis

59 1372 184 1405 eadem
202 1369 382 1405 sententia
408 1368 585 1403 videatur.
607 1367 741 1402 Verum
763 1366 850 1401 illud
870 1367 966 1411 quod
985 1366 1120 1401 dictum

59 1435 126 1473 est,
145 1430 248 1471 scire,
266 1428 407 1463 facilius
437 1428 481 1462 ad
515 1427 594 1462 illos
613 1427 783 1470 refertur,
818 1431 856 1462 ut
890 1427 941 1462 sie
965 1426 1120 1472 accipia-

59 1500 163 1526 mus:
193 1490 323 1525 Tentat
354 1498 418 1524 vos
446 1489 551 1531 scire,
575 1499 617 1524 ac
638 1489 668 1524 si
703 1489 910 1524 diceretur:
932 1489 1120 1524 Tentando

59 1560 124 1587 vos
145 1551 232 1586 facit
251 1551 356 1586 seire.
382 1549 449 1585 Ubi
468 1560 554 1586 sane
578 1551 686 1585 etiarn
715 1551 827 1586 voluit
845 1550 905 1586 illa
927 1561 1006 1596 quae
1024 1560 1044 1585 a
1068 1551 1121 1586 di-

58 1612 265 1648 vinantibus
298 1622 370 1648 non
407 1611 603 1647 secundum
632 1612 746 1647 Deum
767 1611 950 1655 dicuntur,
973 1613 1002 1648 si
1024 1612 1121 1648 acei-

59 1674 178 1709 derint
198 1684 277 1719 quae
307 1674 445 1716 dicunt,
466 1684 537 1708 non
558 1674 766 1719 accipienda
795 1675 889 1710 sicut
919 1674 1017 1717 liant,
1040 1684 1120 1720 quae

59 1734 317 1779 praecipiuntur
338 1734 381 1769 ab
398 1734 463 1777 eis,
496 1744 575 1779 quae
592 1734 759 1770 coluntur
785 1735 828 1770 ab
845 1736 921 1777 eis;
943 1746 1010 1772 nec
1028 1746 1121 1781 prae-

60 1800 116 1830 ter
147 1805 250 1831 suam
282 1801 497 1841 potestatem
524 1796 618 1831 Deus
647 1796 804 1832 ostendit
836 1807 929 1841 esse,
953 1798 1048 1843 quod
1070 1798 1120 1833 ita

60 1856 130 1892 ista
158 1857 382 1902 contingunt,
418 1857 481 1892 sed
501 1858 604 1903 quasi
641 1863 865 1903 qurereretur
883 1869 947 1893 cur
979 1868 1021 1894 ea
1039 1868 1121 1904 pcr-

60 1918 222 1953 mitteret
238 1918 328 1960 fieri,
350 1928 496 1954 causam
517 1919 725 1954 tentationis
740 1920 918 1964 exposuit,
934 1919 977 1954 ad
995 1929 1122 1965 cogno-

60 1980 229 2015 scendam
251 1990 376 2016 eorum
414 1981 654 2023 dilectionem,
691 1986 814 2015 utrum
851 1990 931 2015 eam
966 1980 1122 2015 habeant

61 2049 146 2086 erga
164 2040 276 2076 Deum
298 2051 414 2081 suum,
450 2041 494 2075 ad
533 2041 818 2086 cognoscendam
837 2050 924 2076 vero
957 2041 1001 2076 ab
1033 2040 1122 2086 ipsis

61 2102 181 2145 potius
199 2111 307 2147 quam
327 2102 372 2137 ab
391 2101 466 2143 illo,
489 2101 550 2146 qui
574 2101 642 2136 scit
670 2101 791 2136 omnia
807 2106 1002 2146 antequam
1020 2100 1120 2136 fiant.

61 2161 132 2197 Per
151 2167 266 2197 totum
290 2163 386 2197 enim
420 2163 515 2198 istud
551 2163 762 2208 capitulum,
787 2163 972 2209 legislator
999 2169 1125 2199 eontra

61 2220 271 2257 idololatras
300 2223 386 2268 agit,
410 2229 445 2258 et
477 2224 634 2259 maxime
655 2230 780 2259 eontra
808 2225 1011 2267 haereticos,
1033 2235 1126 2270 prae-

62 2281 199 2327 cipiens
221 2282 413 2328 unicuique
429 2283 586 2319 fidelium
613 2290 653 2318 ut
676 2290 801 2320 caveat
815 2295 836 2319 a
854 2285 1125 2330 deceptionibus

61 2343 260 2389 gentilium,
272 2349 381 2388 atque
393 2345 662 2380 seductionibus
675 2345 925 2380 luel-eticorum
942 2346 1122 2388 observet,

62 2410 98 2441 et
115 2411 156 2441 ut
172 2415 212 2442 se
231 2412 372 2452 separet
391 2417 411 2442 a
440 2406 585 2449 talibus,
625 2417 764 2442 memor
784 2407 961 2443 Dominici
982 2417 1126 2452 praece-

61 2467 114 2513 pti
130 2477 202 2513 quo
230 2467 331 2503 aitza
359 2467 396 2503 Si
430 2468 554 2504 oculus
578 2473 660 2504 tuus
694 2468 915 2504 scandalizat
951 2474 1000 2511 te,
1038 2478 1123 2503 erue

62 2537 143 2563 eum
164 2534 201 2564 et
219 2529 357 2574 projice
382 2530 446 2565 abs
463 2535 512 2564 te.
533 2529 578 2564 Et
597 2530 625 2564 si
659 2540 787 2564 manus
810 2534 868 2564 tua
886 2529 942 2564 vel
962 2538 1025 2575 pes
1042 2534 1125 2565 tuus

64 2588 286 2623 scandalizat
308 2594 356 2630 te,
376 2588 520 2623 abscide
538 2598 620 2622 eum
639 2593 674 2623 et
694 2587 827 2632 projice
852 2587 915 2622 abs
937 2594 983 2624 te.
1006 2589 1126 2635 Expe-

62 2648 114 2683 dit
134 2648 231 2682 enim
251 2648 314 2683 tibi
345 2653 384 2682 ut
417 2654 543 2693 pereat
566 2659 674 2683 unum
696 2650 942 2685 membrorum
963 2656 1122 2694 tuorum,

61 2719 168 2755 quam
190 2714 302 2744 totum
324 2719 453 2755 corpus
471 2715 572 2745 tuum
599 2715 658 2745 eat
679 2711 714 2746 in
743 2711 943 2756 gehennam
978 2711 1121 2759 (ΜαιιΙι.

60 2768 111 2817 v).
129 2783 140 2803 ι
164 2769 265 2805 Unde
287 2771 450 2815 prsedicit
469 2780 614 2816 poenam
636 2771 688 2807 eis
717 2781 795 2816 quae
815 2772 1045 2817 superveniet
1067 2772 1124 2807 in-

62 2830 235 2866 correctis
266 2835 302 2865 et
335 2831 665 2875 impoenitentibus;
689 2832 869 2876 quomodo
892 2842 953 2867 eos
985 2832 1125 2878 gladius

62 2895 233 2926 extremae
248 2891 394 2926 ultionis
416 2891 622 2934 interficiat,
641 2897 900 2938 consumatque
934 2893 1026 2939 ignis
1046 2903 1125 2938 per-

1190 337 1312 373 omnia
1330 347 1417 373 vasa
1436 337 1570 380 eboris,
1592 341 1630 371 et
1644 337 1765 372 omnia
1777 347 1864 374 vasa
1876 348 1923 374 ex
1938 341 2055 388 lapide
2065 351 2238 397 pretioso,

1189 402 1226 432 et
1248 402 1458 441 aeramento,
1480 402 1518 433 et
1533 395 1644 439 ferro,
1659 400 1697 431 et
1714 405 1908 440 marmore,
1921 406 1959 434 et
1974 410 2237 454 cynamomum,

1189 462 1437 499 et-amomum‚
1459 462 1496 493 ει
1510 457 1799 498 odoramentum,
1814 461 1851 492 et
1863 460 2049 503 unguenti,
2065 466 2102 496 et
2115 463 2239 510 thuris,

1190 522 1226 553 et
1244 517 1334 559 vini,
1360 523 1396 552 et
1411 517 1495 560 olei,
1517 522 1552 553 et
1571 517 1711 560 similae,
1733 522 1770 552 et
1789 517 1913 560 tritici,
1940 523 1978 554 et
2003 518 2246 564 iumentorum

1190 580 1228 612 et
1246 576 1381 618 ovium,
1417 581 1454 611 et
1485 586 1674 622 equorum,
1694 580 1730 611 et
1761 576 1970 620 rhedarum,
1995 583 2032 613 et
2050 582 2246 627 mancipio-

1191 647 1284 680 rum,
1303 642 1339 672 et
1360 636 1575 679 animarum,
1598 641 1634 672 et
1657 636 1856 673 hominum.
1891 637 1936 673 Et
1955 647 2061 684 poma
2080 640 2247 679 desiderii

1192 696 1320 733 animae
1344 702 1414 732 tuae
1434 696 1678 732 discesserunt
1707 707 1728 732 a
1745 701 1804 732 te:
1841 701 1877 733 et
1907 699 2028 734 omnia
2051 700 2197 747 pinguia
2214 710 2250 739 et

1193 758 1290 795 clara
1323 758 1510 804 perierunt
1526 769 1545 793 a
1560 764 1596 794 te
1618 758 1740 805 (Apoc.
1767 759 1885 807 xvm).
1904 773 1916 794 ι
1941 759 2097 797 Cunctas
2129 764 2251 800 mundi

1192 828 1355 864 pompas,
1376 824 1412 854 et
1431 829 1472 854 ea
1492 830 1571 864 quae
1590 820 1645 855 vel
1666 820 1831 856 sensibus
1854 822 2015 867 corporis
2035 823 2174 867 suavia,
2197 825 2254 861 vel

1193 880 1351 915 externis
1373 886 1454 915 sunt
1473 880 1598 916 usibus
1614 881 1816 925 commoda,
1837 881 1990 918 deficere
2010 883 2144 930 lugent.
2166 884 2255 930 Spe-

1195 940 1268 976 cies
1286 941 1382 976 enim
1410 941 1637 977 metallorum
1657 942 1700 977 ad
1717 943 1847 986 visum,
1881 943 2118 980 odoramenta
2139 946 2182 981 ad
2202 945 2255 981 ol-

1194 1001 1344 1044 factum,
1380 1007 1563 1047 unguenta
1598 1003 1641 1038 ad
1663 1008 1826 1038 tactum:
1852 1004 1989 1047 vinum,
2029 1006 2187 1042 triticum
2217 1013 2254 1042 et

1195 1064 1327 1105 oleum,
1360 1064 1403 1098 ad
1431 1069 1573 1108 gustum
1594 1065 1789 1109 pertinent.
1822 1065 2070 1102 Jumentorum
2089 1079 2198 1114 porro
2217 1073 2253 1103 et

1195 1123 1458 1169 mancipiorum
1491 1124 1666 1159 vocabulo
1697 1130 1825 1160 caetera
1856 1127 2091 1163 humanitatis
2121 1128 2254 1164 auxilia

1194 1183 1314 1229 perire
1333 1188 1555 1228 qinurtintiir,
1575 1183 1705 1228 duplici
1733 1195 1875 1231 genere,
1901 1191 1940 1220 ut
1958 1187 2029 1221 dixi
2050 1199 2057 1222 ε
2080 1188 2174 1232 quod
2193 1188 2254 1224 de-

1196 1243 1321 1280 ficiunt
1338 1244 1404 1278 ista
1427 1244 1559 1279 mundo
1587 1244 1774 1288 moriente,
1797 1246 1851 1281 vel
1872 1248 1964 1292 quod
1992 1248 2111 1283 miseri
2130 1259 2255 1295 super-

1195 1306 1299 1341 stites
1315 1315 1439 1341 eorum
1468 1306 1669 1348 interitum,
1691 1307 1750 1352 qui
1769 1308 1892 1342 mundi
1911 1309 2040 1353 gaudia
2059 1315 2174 1345 morte
2198 1320 2255 1346 re-

1193 1365 1376 1411 liquerant
1394 1393 1402 1407 ,
1438 1366 1540 1410 quasi
1585 1377 1658 1402 sure
1698 1368 1854 1403 civitatis
1894 1369 2017 1404 ruinas
2052 1370 2251 1416 deplorent.

1198 1439 1209 1459 t
1229 1425 1310 1461 Filii
1331 1432 1446 1461 estote
1463 1427 1603 1462 Domini
1627 1427 1690 1462 Dei
1721 1428 1844 1463 vestri.
1877 1427 1954 1464 Non
1987 1439 2051 1465 vos
2071 1429 2251 1473 incidetis,

1193 1497 1260 1522 nec
1294 1486 1435 1522 facietis
1474 1487 1659 1523 calvitium
1680 1497 1787 1532 super
1808 1494 1964 1531 mortuo,
1996 1489 2164 1527 quoniam
2188 1499 2253 1535 po-

1191 1547 1297 1593 pulus
1312 1552 1457 1583 sanctus
1474 1558 1513 1583 cs
1523 1548 1675 1583 Domino
1694 1548 1768 1583 Deo
1787 1554 1860 1584 tuo.
1878 1563 1889 1583 ›
1914 1551 2067 1585 barnem
2092 1550 2253 1586 incidere

1192 1613 1229 1643 et
1245 1608 1430 1644 calvitium
1449 1619 1555 1654 super
1585 1615 1740 1651 mortuo,
1774 1610 1905 1646 indicia
1930 1610 2074 1646 suerunt
2106 1612 2250 1648 luctus:

1192 1668 1229 1704 in
1251 1679 1321 1714 quo
1340 1669 1438 1704 luctu
1457 1669 1635 1705 nonnullae
1653 1676 1776 1715 gentes
1795 1671 1930 1706 habent
1953 1673 2252 1709 consuetudinem

1193 1739 1317 1766 secare
1346 1740 1498 1775 corpora
1535 1741 1613 1766 sua.
1647 1730 1723 1766 Hoc
1741 1731 1834 1766 Deus
1854 1732 1910 1767 his
1930 1742 2020 1777 qnos
2039 1732 2075 1767 in
2096 1732 2253 1770 tiliorum

1192 1791 1337 1826 nomine
1358 1791 1510 1833 censuit,
1547 1791 1666 1827 facere
1694 1792 1889 1837 prohibuit.
1923 1791 1983 1828 Sic
2018 1793 2114 1828 enim
2144 1794 2253 1840 assligi

1194 1862 1300 1897 super
1319 1857 1484 1888 mortuos
1503 1858 1658 1898 oportet,
1678 1858 1718 1887 ut
1747 1862 1814 1888 nee
1844 1852 1881 1887 in
1902 1852 2031 1888 faciem
2050 1853 2167 1895 laedat,
2186 1864 2253 1889 nec

1193 1923 1324 1957 corpus
1347 1918 1567 1958 corrumpat,
1593 1923 1612 1948 a
1644 1913 1773 1958 quibus
1803 1923 1868 1948 nos
1898 1913 2029 1949 Paulus
2057 1914 2253 1959 prohibens

1194 1973 1267 2008 ait:
1290 1985 1301 2006 a
1320 1972 1409 2008 Nolo
1429 1983 1493 2009 vos
1514 1974 1693 2019 ignorare,
1716 1974 1860 2016 fratres,
1893 1979 1932 2009 ut
1963 1985 2035 2010 non
2065 1975 2254 2011 contriste-

1195 2034 1297 2077 mini,
1316 2034 1410 2070 sieut
1424 2040 1460 2070 et
1480 2035 1614 2077 cteteri,
1631 2036 1690 2080 qui
1712 2045 1811 2081 spem
1843 2045 1913 2071 non
1932 2036 2066 2071 habent
2097 2035 2132 2083 (I
2147 2035 2249 2072 Thes.

1196 2095 1258 2141 lv).
1270 2108 1280 2128 ι
1297 2095 1385 2130 Nam
1402 2095 1586 2140 quodlibet
1600 2106 1831 2140 eorum,quae
1844 2095 2016 2141 praedicta
2033 2102 2116 2132 sunt.
2132 2107 2252 2143 agere,

1195 2165 1266 2190 non
1284 2160 1340 2191 est
1358 2166 1458 2202 spem
1476 2156 1609 2191 habere
1626 2156 1901 2192 resurrectionis
1916 2162 2152 2200 mortuorum,
2170 2159 2255 2204 quia

1196 2222 1367 2262 tanquam
1387 2216 1457 2252 illis
1472 2217 1664 2262 corruptis,
1697 2217 1910 2262 semetipsos
1941 2217 2116 2262 dissipant
2145 2224 2255 2264 atque

1196 2283 1445 2322 corrumpunt.
1465 2277 1684 2322 Spiritaliter
1706 2278 1801 2313 enim
1830 2277 1949 2322 capilli
1979 2278 2106 2323 capitis
2126 2288 2252 2314 omnes

1194 2338 1373 2372 numerati
1405 2343 1499 2372 sunt.
1534 2337 1603 2382 Ipsi
1638 2337 1733 2373 enim
1763 2337 1873 2383 judici
1903 2343 1942 2372 ut
1967 2342 2064 2381 patet
2085 2343 2121 2372 et
2141 2338 2252 2374 eorda

1194 2398 1384 2439 scrutanti,
1417 2403 1612 2432 numeratae
1642 2403 1726 2433 sunt
1759 2407 1883 2432 omncs
1919 2397 2154 2442 cogitationes
2185 2407 2250 2432 no-

1195 2462 1291 2492 strae.
1310 2456 1388 2491 Non
1420 2462 1562 2502 oportet
1596 2467 1681 2492 ereo
1713 2466 1773 2492 eas
1796 2456 1933 2501 agitare
1968 2455 2169 2500 quempiam
2191 2455 2250 2492 vel

1194 2522 1400 2558 concutere,
1423 2517 1484 2552 scd
1506 2527 1571 2552 nec
1587 2516 1712 2553 offerte
1732 2516 1887 2558 diabolo,
1911 2515 2004 2561 quod
2021 2515 2157 2551 faciunt
2172 2516 2248 2561 qui-

1194 2579 1288 2621 dam,
1307 2583 1342 2613 et
1359 2578 1402 2613 de
1420 2578 1596 2621 sensibus,
1621 2578 1656 2612 id
1676 2583 1745 2620 est,
1763 2577 1900 2622 capillis
1931 2576 2069 2612 crinem
2097 2576 2247 2613 offeren-

1195 2643 1260 2680 tes,
1286 2637 1377 2672 sicut
1393 2638 1556 2682 superius
1576 2637 1744 2673 diximus.

1593 2699 1743 2736 CAPUT
1776 2700 1834 2735 vt.

1193 2760 1243 2797 De
1263 2760 1402 2796 mundis
1421 2766 1451 2795 et
1468 2759 1655 2795 immundis
1685 2758 1909 2801 animalibus,
1932 2765 1964 2794 et
1988 2770 2066 2806 quoe
2086 2761 2173 2797 vesci
2193 2760 2244 2797 vel

1507 2818 1574 2841 non
1600 2806 1687 2841 vesci
1714 2804 1846 2841 licitum
1869 2812 1930 2841 est.

1240 2882 1348 2929 (Car.
1370 2882 1460 2928 xiv.)
1484 2894 1495 2915 ‹
1515 2881 1593 2917 Non
1612 2881 1808 2917 comedatis
1840 2891 1919 2927 quae
1938 2881 2121 2917 immunda
2142 2887 2239 2917 sunt.

60 2954 189 2995 petuus
209 2960 353 2987 omnem
372 2951 629 2997 supellectilem
660 2962 800 2995 eorum,
821 2953 890 2988 hoc
913 2958 980 2996 est,
1004 2953 1121 2989 studia
1138 2965 1174 3005 1)
1197 2957 1210 2978 ‘
1234 2944 1308 2981 H0c
1329 2949 1398 2985 081,
1420 2944 1553 2979 animal
1570 2944 1664 2989 (1110(ἰ
1679 2942 1869 2979 comedere
1885 2943 2035 2979 debetis·
2054 2942 2186 2979 BOVssm
2205 2951 2241 2979 et

60 3015 95 3045 et
115 3020 225 3056 opera
241 3021 380 3047 eorum.
404 3012 538 3047 Civitas
554 3012 649 3048 enim
671 3012 746 3055 illa,
766 3022 844 3058 quae
859 3023 982 3048 errore
1003 3013 1118 3048 rebel-

59 3072 104 3109 lis
124 3080 251 3108 contra
271 3073 462 3109 Dominum
485 3079 520 3110 et
537 3083 662 3111 aversa
682 3084 761 3110 esse
779 3073 1010 3117 describitur,
1030 3075 1117 3110 urbs

60 3138 115 3169 est
130 3134 261 3170 diaboli
278 3146 286 3170 :
306 3134 466 3182 Babylon
488 3136 655 3172 videlicet
688 3145 830 3181 magna,
853 3145 934 3170 cum
966 3145 1038 3180 qua
1059 3145 1117 3170 re-

60 3204 122 3241 ges
140 3200 246 3231 terrae
262 3194 431 3232 fornicati
446 3202 541 3240 sunt,
561 3197 653 3233 etde
680 3196 782 3242 cujus
802 3195 1040 3232 fornicatione
1059 3196 1115 3232 bi-

59 3255 190 3292 berunt
203 3266 328 3293 omnes
341 3263 465 3303 gentes
480 3269 489 3302 ;
506 3258 543 3293 in
557 3268 626 3304 qna
641 3264 695 3294 est
708 3258 883 3293 habitatio
898 3258 1114 3301 daemonum,

60 3321 97 3352 et
111 3317 273 3354 custodia
289 3319 406 3355 omnis
425 3319 573 3365 spiritus
593 3320 781 3363 immundi,
799 3325 835 3355 et
855 3320 1018 3356 custodia
1039 3330 1117 3355 om-

60 3375 118 3412 nis
130 3377 290 3428 'volueris
306 3379 498 3416 immundae
511 3385 548 3416 et
562 3380 717 3417 odibilis.
739 3381 794 3416 Ad
811 3390 917 3426 quam
935 3380 1118 3416 civitatem

61 3438 243 3483 pertinent
261 3449 388 3476 omnes
405 3441 549 3487 reprobi
567 3452 576 3484 ;
599 3441 701 3486 cujus
719 3441 906 3477 subversio
923 3450 989 3485 per
1011 3438 1116 3476 Joan-

62 3506 145 3534 nem
163 3499 200 3535 in
232 3499 446 3548 Apocalypsi
465 3501 515 3537 ita
552 3501 747 3538 scribitur:
769 3511 781 3533 ‹
803 3500 877 3542 Vae,
899 3509 965 3541 vae,
989 3498 1116 3534 civitas

61 3559 123 3611 illa
138 3571 266 3609 magna
282 3562 456 3610 Babylon,
483 3563 611 3600 civitas
628 3563 686 3599 illa
706 3561 811 3598 fortis
828 3573 835 3596 :
856 3560 1023 3606 quoniam
1043 3568 1114 3595 una

61 3612 153 3657 hora
170 3623 271 3671 venit
286 3623 464 3669 iudicium
487 3629 605 3669 tuum,
622 3630 659 3661 et
673 3623 915 3671 negotiatores
928 3626 1034 3657 terrae
1049 3617 1114 3654 sse-

63 3679 154 3716 bunt
167 3686 206 3718 et
220 3682 398 3730 lugebunt
414 3694 523 3732 super
543 3685 654 3729 illam,
676 3685 845 3731 quoniam
877 3691 1016 3719 merces
1037 3680 1115 3716 illo-

64 3751 145 3780 rum
164 3740 383 3783 nemoemet
400 3747 566 3793 amplius,
596 3755 738 3784 merces
755 3745 836 3782 auri
853 3749 893 3797 et
907 3742 1060 3790 argenti,
1077 3746 1114 3778 et

22 3802 28 3807 ’
65 3804 194 3852 lapidis
208 3798 371 3853 pretiosi,
391 3811 429 3844 et
445 3807 665 3854 margaritae,
682 3812 722 3844 et
742 3805 914 3853 byssket
928 3811 1112 3851 purpurae,

982 3925 1011 3953 Ο

52 3985 109 4016 fi

1195 3017 1207 3038 ι
1233 3014 1348 3048 ovem,
1371 3010 1407 3039 et
1433 3014 1592 3049 capram,
1613 3012 1759 3038 cervum
1791 3008 1827 3038 et
1861 3011 2040 3049 capream,
2056 3003 2260 3046 bubalum,-'

1195 3077 1207 3099 ι
1231 3065 1496 3111 tragelaphum,
1507 3074 1720 3111 pygargum,
1737 3073 1897 3110 orygem,
1909 3062 2235 3108 camelopardalim.
2249 3055 2259 3109 ζ

1195 3140 1206 3161 ‹
1231 3127 1345 3164 Omne
1364 3126 1511 3168 animal,
1534 3125 1630 3172 quod
1648 3126 1684 3160 in
1701 3126 1789 3160 duas
1811 3129 1933 3169 partes
1950 3122 2117 3168 ungulam
2135 3121 2238 3158 findit

1193 3200 1205 3222 ι
1230 3193 1266 3224 ει
1282 3188 1453 3230 ruminat,
1472 3186 1679 3226 comedetis,
1700 3190 1768 3219 etc.
1794 3196 1806 3216 ›
1831 3182 1988 3217 Primum
2002 3181 2098 3215 enim
2118 3180 2237 3216 scien-

1190 3252 1273 3288 dum
1307 3253 1363 3285 est
1395 3246 1567 3294 quidquid
1594 3255 1613 3280 a
1645 3244 1718 3278 Deo
1742 3241 1944 3277 institutum
1974 3244 2030 3274 est
2062 3239 2234 3274 mundum

1186 3325 1280 3357 esse,
1297 3318 1333 3349 et
1358 3313 1393 3347 in
1414 3312 1490 3356 ipsa
1511 3305 1748 3343 institutionis
1782 3301 1996 3338 auctoritate
2026 3306 2231 3347 purgatum.

1185 3375 1277 3419 Quid
1295 3382 1380 3418 ergo
1395 3370 1476 3405 est?
1494 3369 1531 3403 ln
1563 3364 1776 3402 animalibus
1797 3362 1906 3408 igitur
1925 3371 2046 3397 mores
2072 3361 2231 3407 pingun-

1184 3442 1244 3471 tur
1272 3430 1431 3472 humani,
1452 3433 1489 3463 et
1516 3431 1617 3463 actus
1641 3431 1677 3460 et
1703 3424 1917 3465 voluntates,
1939 3431 1983 3456 ex
2011 3421 2141 3466 quibus
2161 3421 2230 3466 ipsi

1184 3495 1273 3529 fiunt
1291 3489 1413 3527 mundi
1442 3486 1499 3523 vel
1517 3483 1702 3521 immundi.
1726 3482 1810 3518 Haec
1833 3481 1955 3526 itaque
1991 3479 2125 3516 munda
2148 3488 2228 3515 esse

1183 3552 1281 3590 dicit.
1306 3563 1318 3583 ι
1334 3545 1599 3592 Omne,inquit,
1610 3544 1704 3591 quod
1714 3543 1825 3578 habet
1836 3541 1987 3577 divisam
2001 3539 2227 3586 ungulam,et

1182 3612 1338 3650 ruminat
1360 3610 1395 3645 in
1411 3606 1615 3655 pecoribus,
1637 3601 1847 3640 comedetis.
1872 3613 1884 3635 ι
1903 3598 2003 3644 Quod
2024 3607 2106 3634 cum
2126 3596 2228 3633 dice-

1182 3678 1251 3716 ret,
1270 3681 1343 3708 non
1359 3677 1503 3716 pecora,
1530 3665 1592 3702 sed
1619 3673 1738 3701 mores
1771 3660 1956 3698 hominum
1983 3657 2224 3695 discernebat.

1181 3733 1342 3778 Denique
1361 3730 1398 3765 hi
1418 3726 1582 3764 homines
1604 3723 1727 3761 mundi
1753 3725 1836 3758 sunt
1864 3720 1926 3767 qui
1951 3718 2146 3761 ruminant,
2164 3717 2226 3764 qui

1184 3795 1220 3831 in
1236 3803 1300 3830 ore
1314 3799 1455 3836 semper
1472 3790 1617 3835 portant
1631 3782 1735 3832 quasi
1753 3782 1874 3820 cibum
1886 3783 2063 3827 praecepta
2089 3777 2221 3815 divina.
