2540 4016
316 209 408 247 1025

312 355 357 380 ex
397 342 613 390 Scripturis‚
651 344 735 380 inde
755 345 824 380 duc
857 354 998 387 sensus,
1035 345 1118 381 inde
1149 355 1361 390 sermones;

309 406 501 449 propterea
526 403 623 438 enim
658 403 754 439 tubae
775 403 929 440 ductiles
958 404 1196 450 appellantur.
1219 406 1256 441 In
1278 407 1366 453 ipsis

310 474 414 506 cane,
430 460 479 499 ‘et
497 463 526 499 si
544 463 581 499 in
601 463 733 499 talibus
750 464 926 500 cecineris
945 465 1054 507 tubis,
1075 465 1111 501 id
1132 471 1199 510 est,
1221 466 1256 502 in
1270 467 1365 512 psal-

309 525 392 567 mis,
419 524 563 571 hymnis
593 530 630 560 et
654 524 807 561 canticis
841 525 1078 571 spiritalibus,
1101 532 1138 563 et
1157 527 1289 573 septies
1307 537 1366 562 ar-

310 595 390 620 cam
418 586 627 621 testamenti
661 586 942 630 circumtuleris,
968 587 1006 623 id
1038 593 1108 630 est,
1128 588 1218 634 legis
1238 588 1366 625 Mosai-

309 655 361 681 cac
376 651 558 692 praecepta
579 646 624 681 ab
642 647 862 694 evangelicis
897 657 969 683 non
993 649 1220 694 separaveris
1239 650 1335 686 tubis
1351 661 1360 693 ;

310 706 372 742 sed
391 706 499 741 etiam
528 705 754 751 jubilationis
785 718 830 743 ex
851 709 1042 754 temetipso
1069 710 1192 756 exigas
1213 720 1364 746 consen-

308 777 402 809 sum,
438 766 473 802 id
492 771 563 810 est,
585 767 615 803 si
651 767 912 812 cogitationum
944 774 981 805 et
1018 780 1190 805 sensuum
1220 776 1363 806 tuorum

307 827 459 874 populus
480 827 541 872 qui
559 827 653 863 intra
673 833 708 864 te
726 834 782 864 est
814 831 1031 866 concordem
1059 841 1200 877 semper
1220 837 1255 868 ct
1277 843 1365 868 con-

308 899 435 925 sonam
473 889 634 935 proferat
670 901 811 935 vocem,
847 898 883 928 ct
916 903 987 929 non
1014 893 1207 939 aliquando
1237 905 1364 931 verum

308 950 422 993 dicas,
442 950 634 995 aliquando
655 962 819 997 personae
839 954 1031 998 potestatis
1067 954 1246 991 adulantis
1263 965 1365 991 men-

309 1008 410 1044 dacio
444 1010 636 1046 macule-ris
656 1023 663 1045 :
689 1012 718 1046 si
739 1022 810 1047 non
839 1017 874 1048 te
895 1013 1087 1058 aliquando
1113 1013 1287 1049 blandum
1306 1024 1363 1050 re-

307 1070 433 1105 missio
477 1070 598 1114 saciat,
636 1072 828 1117 aliquando
864 1073 1052 1108 iracundia
1094 1074 1362 1118 truculentum;

307 1129 337 1163 si
365 1140 436 1165 non
457 1140 632 1177 arrogans
666 1132 759 1178 apud
794 1133 969 1176 modicos,
1001 1138 1038 1169 et
1070 1135 1164 1178 apud
1189 1135 1364 1179 superbos

308 1188 454 1225 humilis
488 1190 688 1227 inveniris:
713 1192 868 1238 denique
899 1194 928 1229 si
956 1204 1027 1230 non
1058 1204 1179 1241 pugna
1212 1196 1307 1231 intra
1328 1202 1364 1232 te
1383 1196 1414 1235 B

307 1249 461 1294 geritur,
483 1250 568 1286 dum
606 1253 829 1297 concupiscit
861 1264 946 1290 caro
973 1255 1147 1291 adversus
1179 1257 1359 1301 spiritum,

307 1314 343 1344 et
362 1310 509 1354 spiritus
528 1311 701 1348 adversus
723 1323 885 1350 carnem.
921 1314 992 1361 (Ex
1012 1315 1182 1363 Isidoro.)
1212 1317 1250 1352 Si
1286 1319 1365 1354 haec

306 1370 403 1415 intra
421 1372 543 1416 tejam
567 1379 767 1408 consonant
788 1380 825 1409 et
855 1377 1091 1419 concordant,
1125 1387 1251 1412 vocem
1268 1376 1365 1422 jubi-

307 1423 453 1465 lationis
485 1430 558 1466 cito
597 1432 746 1475 emittis,
785 1434 957 1478 quoniam
987 1435 1190 1471 destructus
1216 1442 1253 1472 ct
1270 1435 1366 1481 deje-

309 1494 389 1524 ctus
404 1494 460 1524 est
475 1491 645 1535 mundus,
682 1493 742 1537 qui
776 1492 844 1528 fuit
864 1500 948 1530 ante
984 1494 1048 1530 tibi
1075 1496 1218 1532 rebellis
1239 1509 1247 1532 z
1266 1499 1364 1535 etad

303 1549 578 1595 praedicantium
615 1562 736 1596 voces,
776 1554 879 1598 quasi
918 1555 962 1591 ad
1001 1555 1171 1591 tubarum
1207 1559 1364 1595 sonitum

307 1609 402 1644 muri
419 1608 577 1654 Jericho,
596 1612 632 1647 id
656 1618 723 1655 est,
744 1612 828 1648 elati
850 1615 973 1650 mundi
997 1626 1039 1651 ac
1061 1618 1215 1662 superba
1237 1618 1365 1654 infide-

307 1668 419 1705 litatis
442 1671 628 1707 obstacula
648 1679 838 1717 corruunt,
857 1675 972 1711 donec
991 1675 1027 1711 in
1057 1676 1129 1711 fine
1161 1683 1364 1724 temporum

307 1739 407 1765 mors
429 1731 627 1767 novissima
648 1732 794 1769 inimica
832 1735 1054 1771 destruatur.
1078 1737 1122 1773 Et
1157 1748 1201 1774 ex
1236 1739 1365 1785 impio-

308 1799 388 1823 rum
403 1790 606 1835 perditione
622 1793 729 1828 unica
751 1794 878 1831 domus
900 1795 1017 1840 Raab,
1053 1803 1226 1843 tanquam
1255 1800 1362 1835 unica

307 1848 471 1885 Ecclesia
502 1851 689 1897 liberatur,
724 1855 856 1891 munda
886 1866 907 1891 a
930 1857 1073 1894 turbine
1098 1859 1360 1903 fornicationis,

305 1920 371 1956 per
390 1910 588 1949 fenestram
609 1914 860 1959 consessionis,
881 1917 917 1952 in
935 1919 1109 1964 sanguine
1124 1920 1361 1956 remissionis.

306 1974 379 2009 Ista
397 1976 493 2010 enim
519 1978 694 2013 meretrix
711 1978 748 2014 in
774 1977 920 2016 Jericho
955 1985 1128 2026 tauquam
1148 1982 1184 2017 in
1216 1983 1361 2018 mortali

307 2037 376 2072 hoc
395 2038 527 2074 saeculo
543 2045 717 2083 moratur,
754 2051 833 2086 quae
850 2047 888 2077 ut
907 2043 1041 2078 salvari
1074 2045 1202 2089 possit,
1224 2055 1288 2090 per
1311 2044 1362 2081 fe-

307 2101 467 2131 nestram
499 2097 627 2134 domus
653 2109 739 2142 suae,
763 2106 935 2146 tanquam
966 2113 1032 2147 per
1051 2113 1092 2138 OS
1111 2104 1272 2149 corporis
1290 2104 1359 2148 sui,
1381 2087 1410 2127 C
1436 2107 1447 2128 ‹
1480 2095 1546 2131 Hic
1585 2102 1689 2141 pater
1718 2103 1773 2133 est
1793 2098 2029 2134 Moabitarum
2053 2110 2166 2145 usque
2204 2101 2239 2136 in
2267 2102 2441 2138 hodiernu
2466 2117 2471 2135 t

307 2164 456 2201 coccum
475 2157 598 2202 mittit,
635 2161 730 2204 quod
750 2167 804 2196 est
840 2163 1026 2206 sanguinis
1049 2163 1182 2199 Christi
1220 2165 1361 2210 signum

306 2227 373 2263 pro
408 2219 624 2256 remissione
654 2227 887 2267 peccatorum
923 2224 1089 2260 confiteri
1120 2226 1165 2260 ad
1192 2226 1359 2262 salutem.

307 2276 374 2320 Qui
396 2277 534 2314 inventi
553 2285 636 2315 sunt
654 2281 690 2316 in
709 2282 815 2319 domo
837 2282 944 2327 illius,
983 2284 1110 2320 salvati
1141 2291 1224 2321 sunt
1242 2285 1288 2321 ab
1307 2286 1362 2321 in-

309 2337 414 2372 teritu
447 2339 561 2383 urhis,
590 2346 625 2375 et
656 2342 860 2388 quicunque
897 2344 990 2381 intra
1024 2346 1223 2382 Ecclesiam
1259 2356 1364 2393 repe-

307 2396 462 2441 riuntur,
491 2399 560 2444 ipsi
595 2405 735 2436 tantum
772 2402 985 2448 salvantur;
1013 2411 1115 2441 extra
1133 2406 1226 2442 hanc
1240 2413 1361 2443 autem

305 2458 464 2502 domum,
482 2459 516 2494 id
537 2467 607 2503 est,
625 2468 726 2498 extra
742 2462 955 2508 Ecclesiam,
974 2475 1080 2501 nemo
1096 2466 1266 2502 salvatur.

357 2517 475 2566 (lam.)
504 2531 516 2552 ‹
548 2520 717 2567 Dixitque
737 2521 844 2558 Josue
878 2523 922 2559 ad
956 2534 1100 2560 omnem
1132 2525 1241 2562 lsrael
1262 2539 1270 2562 z
1292 2527 1362 2563 Vo-

311 2589 323 2611 ‹
352 2578 552 2615 ciseramini
571 2592 580 2624 ;
603 2583 723 2619 tradet
740 2583 837 2619 enim
854 2585 955 2621 vobis
973 2585 1147 2622 Dominus
1161 2587 1358 2624 civitatem.

311 2651 324 2672 ι
355 2639 482 2685 Sitque
505 2643 634 2678 civitas
675 2645 752 2681 haec
772 2646 982 2690 anathema,
1009 2652 1044 2683 et
1075 2648 1196 2684 omnia
1229 2650 1362 2695 quaein

310 2712 324 2734 ι
351 2702 404 2737 015
423 2709 519 2747 sunt,
540 2706 706 2742 Domino.
730 2707 813 2743 Sola
834 2708 935 2745 Raab
952 2712 1126 2747 meretrix
1144 2712 1243 2749 vivat
1278 2724 1361 2750 cum

310 2773 325 2796 ‹
355 2763 534 2799 universis
555 2766 716 2810 quicum
749 2778 791 2802 ea
826 2768 862 2803 in
904 2770 1009 2805 domo
1031 2777 1143 2814 sunt;
1173 2773 1362 2809 abscondit

308 2835 324 2858 ε
354 2824 453 2860 0111111
474 2825 620 2860 111111ῑὶ05
636 2835 725 2870 quos
743 2827 954 2865 direximus.
992 2830 1064 2866 Vos
1082 2837 1202 2867 autem
1236 2838 1362 2869 cavete

309 2896 323 2918 ‹
355 2894 400 2920 ne
417 2884 461 2920 de
477 2885 533 2920 bis
558 2895 638 2930 quae
675 2894 855 2932 praecepta
889 2895 973 2925 sunt
1007 2891 1192 2936 quidpiam
1219 2893 1362 2928 contin-

310 2956 322 2977 «
355 2946 462 2990 gatis,
495 2950 531 2980 et
546 2946 625 2981 sitis
660 2948 969 2992 praevaricationis
1000 2950 1052 2984 rei
1078 2977 1087 2992 ‚
1110 2956 1145 2985 et
1160 2952 1280 2986 omnia
1299 2961 1359 2987 ca—

310 3017 321 3037 «
355 3010 427 3039 stra
462 3005 571 3039 lsrael
596 3006 663 3041 sub
701 3013 850 3051 peccato
877 3009 948 3043 sint
980 3015 1088 3054 atque
1115 3011 1315 3054 turbentur,
1341 3026 1354 3047 ›

305 3071 341 3100 et
362 3065 513 3110 reliqua.
553 3065 638 3100 Tale
670 3071 724 3100 est
747 3067 840 3111 quod
866 3068 1047 3104 indicatur
1070 3070 1106 3105 in
1128 3072 1183 3106 his
1201 3073 1322 3108 verbis
1345 3084 1354 3108 ε

306 3124 432 3160 Videte
449 3135 493 3160 ne
510 3125 596 3170 quid
616 3125 652 3160 in
676 3126 777 3162 vobis
804 3129 976 3164 saeculare
1013 3130 1189 3175 habeatis,
1212 3143 1258 3169 ne
1290 3144 1357 3170 510-

306 3183 447 3219 culares
478 3184 673 3230 nequitias,
694 3194 740 3220 ne
778 3187 1112 3232 tergiversationem
1150 3192 1195 3227 dc
1224 3194 1356 3230 saeculo

305 3244 490 3279 vobiscum
509 3247 554 3281 ad
573 3245 764 3282 ecclesiam
798 3247 980 3292 deseratis,
1003 3251 1066 3286 sed
1086 3253 1276 3289 anathema
1296 3265 1357 3291 vo-

305 3304 361 3339 bis
381 3305 427 3340 sit
456 3306 575 3341 omnis
595 3307 822 3343 conversatio
842 3309 1037 3346 saecularis.
1070 3310 1188 3348 Nolite
1223 3313 1357 3350 divinis

306 3365 486 3400 mundana
506 3366 672 3410 miscere,
695 3367 804 3403 nolite
842 3369 985 3414 negotia
1017 3371 1204 3408 saecularia
1238 3372 1360 3409 Eccle-

307 3425 369 3460 siae
390 3427 548 3462 servitiis
586 3428 759 3466 inserere.
783 3430 859 3467 Hoc
883 3436 938 3467 est
965 3433 1062 3479 quod
1085 3431 1243 3471 loannes
1274 3435 1359 3481 Epi-

306 3485 407 3521 stolae
424 3496 496 3522 suae
513 3494 685 3532 personat
717 3491 816 3534 tuba,
836 3491 987 3529 dicens:
1011 3506 1024 3527 ‹
1047 3493 1167 3531 Nolite
1206 3495 1358 3543 diligere

306 3545 498 3588 mundum,
532 3557 648 3593 neque
674 3559 717 3586 ea
753 3560 833 3598 quae
866 3552 903 3588 in
933 3554 1068 3590 mundo
1091 3561 1175 3591 sunt
1195 3555 1231 3604 (1
1246 3555 1354 3593 Ioan.

306 3604 364 3654 11).
388 3619 401 3641 1
422 3606 468 3643 Et
482 3606 615 3645 Paulus
637 3610 804 3647 similiter
823 3623 832 3647 ε
858 3625 872 3647 ι
894 3612 1027 3657 Nolite,
1053 3627 1066 3649 ›
1087 3615 1220 3662 inquit,
1242 3628 1254 3649 ι
1275 3625 1358 3653 con-

307 3666 561 3705 ἴοι-1031111010
592 3670 721 3707 saeculo
745 3670 859 3719 (Rom.
893 3673 989 3722 x11);
1021 3687 1034 3709 ι
1056 3675 1119 3722 qui
1158 3676 1254 3712 enim
1287 3676 1357 3713 hoc

308 3726 460 3774 faciunt,
495 3731 677 3779 accipiunt
711 3732 756 3769 de
778 3733 1021 3772 anathemate.
1059 3735 1132 3774 Sed
1166 3743 1204 3774 et
1221 3737 1272 3774 illi
1293 3737 1366 3789 qui'

310 3785 424 3834 (verbi
441 3791 567 3839 causa)
585 3802 668 3831 cum
683 3791 881 3833 christiani
895 3795 982 3840 sint,
1006 3794 1359 3841 solemnitatem&-

738 208 779 245 B.
804 208 975 245 RABANI
996 208 1144 248 MAURI
1165 209 1379 247 ARCHIEP.
1405 207 1614 247 MOGUNT.
1641 209 1832 248 OPERUM
1855 210 1977 247 PARS
1997 210 2026 247 1.
2385 215 2430 250 1

312 290 476 322 sanctum
495 283 540 320 de
558 288 595 320 te
619 284 754 321 dictum
790 290 846 321 est
868 296 877 319 :
896 284 952 321 sac
971 286 1037 322 tibi
1072 286 1177 322 tubas
1215 286 1367 322 ductiles
1384 284 1551 330 Atilium
1571 285 1767 330 celebrant,
1802 286 1995 323 anathema
2029 285 2068 322 in
2086 283 2293 322 Ecclesiam
2317 287 2371 323 int
2399 304 2436 322 ιι.

1431 350 1517 381 cunt
1533 357 1544 389 ;
1565 346 1626 392 qui
1643 351 1825 383 astrorum
1841 347 2011 383 cursibus
2028 347 2122 382 vitas
2153 347 2338 384 hominum
2356 353 2410 388 et.

1431 411 1486 443 sta
1508 407 1733 452 perquirunt,
1760 407 1823 452 qui
1852 407 1994 443 volatus
2025 407 2159 451 avium,
2195 413 2233 444 et
2251 413 2381 445 caetera
2423 423 2437 441 ι»

1427 468 1585 514 jusmodi
1601 478 1681 513 quae
1703 467 1740 502 in
1759 467 1890 503 saeculo
1927 468 2028 513 prius
2051 468 2340 506 observabantur
2360 471 2397 506 in
2438 479 2442 481 ·

1431 533 1530 570 runt,
1548 526 1592 562 de
1608 525 1751 562 Jericho
1771 526 1964 562 anathema
1994 526 2162 564 deferunt
2193 529 2231 565 in
2259 529 2414 566 Ecclesi
2434 549 2449 563 ι,

1431 593 1468 624 et
1499 588 1663 634 polluunt
1697 592 1816 623 castra
1837 587 1993 632 Domini,
2019 594 2055 625 et
2074 589 2170 626 vinci
2202 590 2341 627 faciunt
2369 602 2452 639 pop

1431 647 1504 682 lum
1524 647 1600 682 Dei.
1621 647 1691 683 Sed
1711 653 1747 683 et
1776 648 1887 683 multa
1923 648 1992 684 alia
2024 654 2172 694 peccata
2198 656 2295 694 sunt,
2311 661 2377 696 per
2400 662 2424 698 q

1431 706 1622 742 anathema
1639 707 1682 743 de
1699 706 1842 743 Jericbo
1857 708 2096 744 introducitur
2120 710 2157 745 in
2186 710 2384 747 Ecclesiam
2425 726 2460 744 r.

1432 778 1511 813 quae
1533 768 1684 814 populus
1703 768 1768 804 Dei
1785 769 1940 804 vincitur
1961 775 1996 805 et
2025 771 2270 815 prosternitur
2298 772 2343 807 ab
2360 772 2438 807 inin
2459 802 2463 809 ,

1433 827 1496 863 015.
1519 827 1589 863 Aut
1607 839 1677 863 non
1707 828 1900 874 Apostolus
1934 829 2012 865 haec
2047 830 2172 866 eadem
2194 831 2371 876 praecipit,
2398 842 2467 887 cu3

1431 888 1518 923 dicit
1540 900 1548 923 :
1576 901 1587 921 ‹
1627 889 1804 924 Modicum
1838 889 2055 926 fermentum
2078 896 2190 926 totam
2226 901 2383 928 massam
2401 903 2443 929 00
2464 924 2467 925 ⁷

1431 947 1566 994 rumpit
1582 949 1596 983 ?
1620 962 1632 983 ›
1654 948 1689 996 (1
1704 949 1784 985 Cor.
1803 949 1855 997 v.)

1819 1026 1971 1063 CAPUT
2001 1027 2091 1063 Vllt.

1432 1096 1483 1133 De
1502 1109 1540 1133 eo
1560 1098 1652 1144 quod
1669 1098 1767 1134 Raab
1783 1101 1997 1135 meretricem
2029 1107 2060 1136 et
2087 1101 2227 1137 domum
2246 1114 2287 1138 ac
2308 1094 2490 1148 familiam*
2506 1130 2509 1131 ν

1479 1144 1552 1189 ejus
1574 1145 1680 1180 ε105110
1714 1146 1793 1190 fecit
1822 1148 1930 1182 virere
1969 1154 2000 1182 et
2021 1148 2178 1184 habitare
2201 1150 2238 1184 in
2256 1150 2368 1185 medio
2389 1150 2484 1195 filio-

1480 1202 1557 1226 rum
1574 1191 1699 1235 Israel,
1720 1198 1751 1227 et
1774 1193 1815 1228 de
1836 1193 2021 1229 maledicto
2054 1194 2192 1239 prolato
2223 1202 2344 1231 contra
2362 1197 2490 1232 urbem.
2514 1229 2519 1231 .

1479 1237 1620 1272 ,Iericho

1481 1309 1598 1356 (lam.)
1626 1322 1639 1343 ‹
1657 1310 1757 1346 Raab
1776 1321 1862 1347 vero
1890 1314 2131 1357 meretricem,
2150 1320 2187 1350 et
2203 1316 2349 1351 domum
2367 1316 2490 1361 patriae
2515 1310 2521 1349 ᾗ

1438 1381 1450 1402 ‹
1480 1369 1570 1413 ejus,
1590 1375 1697 1416 atque
1728 1373 1847 1407 omnia
1866 1384 1945 1419 quae
1967 1375 2136 1419 habebat,
2178 1375 2263 1412 feeit
2289 1376 2398 1414 Josue
2432 1379 2467 1416 vi
2519 1407 2522 1409 .

1438 1441 1450 1462 ι
1479 1439 1578 1472 vere,
1599 1435 1634 1465 et
1651 1431 1904 1468 habitaverunt
1938 1433 1974 1468 in
2007 1435 2125 1470 medio
2157 1435 2270 1471 Israel
2301 1447 2416 1483 usque
2448 1438 2489 1477 inz·
2514 1447 2528 1483 ἶ

1438 1503 1450 1525 ι
1480 1496 1695 1537 praesentem
1734 1491 1842 1534 diem,
1878 1503 1921 1529 eo
1957 1495 2051 1539 quod
2085 1496 2313 1533 absconderit
2341 1485 2491 1538 nuntioR

1439 1564 1450 1584 ‹
1481 1561 1572 1596 quos
1610 1551 1772 1593 miserat,
1797 1558 1836 1587 ut
1869 1553 2098 1598 explorarent
2132 1556 2288 1593 Jericho.
2317 1570 2329 1591 ι
2367 1559 2526 1596 Velima

1433 1612 1617 1657 requirere
1642 1623 1662 1647 a
1688 1611 1820 1649 Judaeis
1853 1619 1888 1650 et
1919 1615 1962 1650 ab
2002 1615 2058 1651 his
2089 1617 2151 1662 qui
2171 1617 2368 1654 Christiani
2401 1615 2490 1665 qui-¹

1433 1672 1515 1708 dem
1533 1672 1714 1716 dicuntur,
1749 1674 1811 1709 sed
1834 1674 1870 1709 in
1890 1673 2089 1721 Scripturis
2113 1676 2230 1713 adhuc
2260 1688 2405 1714 sensum
2422 1676 2494 1719 Juaei

1433 1732 1572 1768 daicum
1606 1739 1766 1778 servant,
1788 1736 1966 1780 quomodo
1985 1743 2167 1783 exponant
2187 1738 2285 1775 Raab
2318 1726 2497 1777 meretri-,²⁴

1433 1802 1509 1828 cem
1525 1793 1701 1838 adjectam
1720 1805 1799 1831 esse
1818 1796 1938 1831 domui
1954 1796 2064 1832 Israel
2082 1808 2195 1844 usque
2215 1798 2251 1834 in
2268 1799 2442 1836 hodiernu
2480 1814 2484 1824 ·

1433 1853 1540 1888 diem.
1575 1853 1761 1897 Quomodo
1795 1855 1895 1891 Raab
1934 1867 2048 1902 usque
2082 1857 2119 1892 in
2151 1857 2362 1895 hodiernum
2388 1859 2438 1895 di·
2480 1882 2484 1889 Δ

1431 1912 1569 1958 adjecta
1591 1924 1673 1951 esse
1706 1916 1864 1951 dicitur?
1883 1916 1959 1952 Hoc
1991 1918 2086 1952 enim
2117 1917 2312 1964 Scripturae
2348 1924 2505 1955 sanct.-⁸

1431 1975 1542 2010 moris
1579 1980 1647 2018 est,
1688 1977 1808 2011 dicere
1831 1977 1874 2012 de
1903 1977 1959 2012 his
1988 1988 2068 2023 quae
2095 1988 2209 2023 usque
2238 1979 2275 2015 in
2299 1979 2407 2015 finem
2426 1991 2461 2015 v·

1431 2034 1514 2069 vitae
1536 2035 1591 2070 vel
1618 2037 1739 2071 saeculi
1773 2043 1997 2081 permanent.
2039 2039 2147 2075 Verbi
2184 2050 2305 2080 031153,
2339 2046 2379 2076 ιιι
2402 2041 2507 2078 ait:

1431 2155 1524 2190 diem
1548 2154 1648 2201 (Gen.
1686 2157 1777 2203 xix),
1817 2171 1827 2191 1
1858 2159 1952 2203 quod
1980 2159 2172 2205 significat,
2203 2161 2372 2205 usquein
2392 2154 2500 2197 con-'a'

1431 2217 1705 2253 summationem
1726 2218 1860 2253 sacculi.
1882 2219 1926 2253 Et
1946 2219 2077 2256 iterum
2109 2221 2146 2256 in
2170 2221 2364 2268 Evangelio
2396 2223 2468 2259 dici
2501 2244 2506 2253 ι

1431 2280 1490 2310 tur
1511 2288 1518 2310 ε
1543 2288 1556 2309 ‹
1586 2276 1676 2320 Quia
1698 2276 1902 2314 diffamatus
1921 2285 1977 2315 est
2007 2280 2065 2316 hic
2087 2291 2206 2317 sermo
2229 2282 2323 2328 apud
2338 2282 2507 2319 ,1111135οὣ

1430 2337 1598 2382 usquein
1613 2337 1830 2374 hodiernum
1859 2340 1953 2376 diem
1989 2340 2132 2387 (Μαειὴ.
2149 2342 2292 2390 xxvur),
2314 2355 2327 2377 ›
2355 2344 2391 2379 id
2411 2327 2512 2389 ests}

1431 2410 1617 2446 usquequo
1646 2401 1817 2445 saeculum
1836 2407 1921 2439 stat.
1953 2403 2052 2438 Raab
2069 2414 2155 2440 vero
2180 2405 2311 2440 mulier
2330 2402 2512 2451 quomo-'w

1429 2460 1475 2496 do
1495 2459 1634 2504 adiecta
1659 2471 1738 2497 esse
1757 2461 1889 2496 dicitur
1925 2463 2045 2498 domui
2078 2463 2189 2500 Israel
2217 2474 2330 2509 usque
2359 2465 2395 2499 in
2415 2465 2482 2500 ho-

1430 2521 1593 2556 diernum
1610 2521 1734 2557 diem?
1753 2521 1920 2568 Nunquid
1956 2533 2027 2559 non
2062 2524 2169 2559 matri
2194 2525 2376 2560 successio
2412 2535 2480 2570 po-

1430 2765 1553 2801 diem?
1578 2765 1623 2801 Et
1642 2766 1672 2801 si
1689 2766 1743 2802 vis
1770 2765 1997 2803 manifestius
2030 2766 2154 2802 videre
2184 2768 2362 2813 quomodo
2378 2767 2484 2804 Raan·

1425 2826 1587 2873 jungitur
1615 2827 1752 2870 Israeli,
1791 2827 1931 2863 intuere
1964 2828 2144 2874 quomodo
2175 2837 2299 2863 ramus
2333 2827 2480 2864 oleastri

1428 2887 1600 2923 inseritur
1614 2888 1652 2923 in
1677 2888 1836 2926 radicem
1856 2889 1959 2925 bonae
1986 2889 2088 2925 olivae
2104 2900 2114 2932 ;
2133 2894 2170 2925 et
2194 2889 2372 2935 intelliges
2394 2899 2466 2936 quo

1428 2948 1533 2983 modo
1570 2948 1607 2984 hi
1627 2949 1689 2994 qui
1706 2949 1834 2985 inserti
1858 2956 1941 2986 sunt
1967 2949 2052 2994 fide,
2088 2949 2243 2986 Abrahae
2261 2955 2298 2986 et
2324 2949 2426 2986 Isaac
2442 2954 2479 2986 et
2508 2947 2514 2965 ·’

1428 3007 1552 3050 Jacob,
1589 3014 1686 3044 recte
1711 3010 1863 3055 appositi
1895 3011 2064 3046 dicuntur
2090 3015 2126 3046 et
2146 3010 2276 3055 adjecti
2309 3011 2353 3047 ad
2369 3011 2465 3047 lsrae

1429 3141 1494 3166 nos
1520 3133 1611 3167 rami
1647 3133 1795 3168 oleastri
1827 3143 1872 3169 ex
1908 3134 2073 3180 gentibus
2103 3134 2292 3180 assumpti,
2326 3134 2391 3179 qui
2413 3133 2480 3169 ali-

1428 3194 1571 3238 quando
1610 3195 1945 3237 meretricabamur,
1984 3195 2120 3240 lignum
2155 3201 2191 3230 et
2226 3193 2380 3240 lapidem
2411 3203 2477 3240 pro

1429 3252 1503 3287 Deo
1548 3253 1720 3295 colentes,
1760 3254 1913 3298 appositi
1946 3263 2072 3288 sumus
2117 3262 2231 3297 usque
2263 3252 2301 3288 in
2332 3253 2476 3288 hodier-

1424 3321 1510 3347 num
1526 3311 1633 3353 diem,
1650 3316 1686 3346 et
1708 3310 1794 3345 sacti
1812 3320 1935 3346 sumus
1952 3320 2018 3355 per
2040 3310 2148 3346 fidem
2169 3309 2380 3347 Christiani.

1471 3368 1590 3418 (lain.)
1621 3381 1634 3403 ‹
1663 3369 1702 3405 In
1737 3375 1899 3415 tempore
1933 3369 1994 3406 illo
2028 3370 2249 3417 imprecatus
2279 3377 2336 3409 est
2363 3371 2485 3409 ,105110-

1427 3445 1440 3467 ‹
1472 3432 1623 3469 dicens:
1656 3430 1868 3467 Maledictus
1900 3431 1957 3467 v-ir
1977 3431 2038 3468 ille
2073 3442 2195 3469 coram
2228 3433 2382 3470 Domino
2413 3444 2436 3481 q
2476 3453 2478 3457 ·

1427 3507 1440 3529 ι
1470 3495 1697 3532 suscitaverit
1715 3500 1752 3532 et
1778 3494 2009 3532 aedificaverit
2038 3496 2221 3533 civitatem
2254 3495 2414 3533 Jcricho.
2460 3511 2463 3527 ι

1428 3569 1441 3590 ‹
1468 3556 1706 3603 primogenito
1733 3565 1798 3592 suo
1824 3555 2056 3592 fundamenta
2090 3557 2186 3594 illius
2218 3556 2345 3604 iaciat,
2373 3559 2410 3592 et
2434 3555 2445 3591 i

1428 3629 1441 3650 ‹
1470 3616 1668 3653 novissimo
1697 3615 1890 3652 liberorum
1929 3622 2041 3664 ponat
2067 3622 2194 3664 portas
2212 3617 2304 3664 eius.
2331 3629 2345 3652 1
2371 3615 2474 3653 Han

1424 3675 1721 3722 imprecationem
1757 3675 1943 3723 impletam
1979 3687 2059 3715 esse
2087 3677 2310 3725 temporibus
2343 3686 2474 3724 regum

1423 3735 1657 3774 manifestum
1686 3741 1757 3780 est,
1777 3743 1860 3773 cum
1886 3737 1926 3774 iu
1943 3737 2038 3776 libro
2069 3737 2186 3786 primo
2212 3736 2441 3791 1131301111111ν

1422 3794 1647 3842 temporibus
1674 3795 1990 3844 103111Α511311113
2007 3789 2180 3847 scriptum
2202 3802 2262 3836 est
2278 3793 2324 3836 ξ’(
2345 3794 2388 3836 h
2410 3810 2425 3826 ¹·
