2540 4016
42 213 122 265 m,

664 218 1002 259 EXPOSITIONES
1027 217 1075 255 ΙΝ
1101 216 1369 257 LEVITICUM.
1395 237 1443 246 —
1467 218 1554 255 LlB.
1579 218 1609 255 1.

2163 227 2234 266 290

42 302 94 339 ad
111 303 248 337 tactum
268 297 458 346 profanum
473 300 517 343 ‚et
545 294 740 343 injustum;
769 295 926 342 primum
955 293 1101 341 quidem
1118 293 1155 333 A
1169 303 1279 329 unum
1295 304 1339 330 ex
1357 293 1411 329 his
1424 303 1502 340 quce
1521 290 1665 328 Domini
1682 289 1756 338 leqe
1770 290 2010 337 prohibentur.
2025 295 2120 343 Ergo
2133 303 2172 335 et
2187 299 2234 337 de,

43 361 94 398 ab
120 361 181 397 illo
202 365 350 406 peccato
378 358 526 396 omnino
557 357 820 401 abstineamus,
852 361 888 393 et
921 355 1102 402 poeniten-

44 420 134 458 tiam
151 422 195 458 de
212 431 255 458 eo
275 431 341 468 per
361 421 509 457 arietem
528 418 735 462 offeramus,
759 420 796 455 id
822 423 892 462 est,
918 418 1101 454 Christum

46 491 214 528 rogemus
232 487 270 517 ut
287 480 427 527 peccati
451 481 487 516 in
503 490 542 517 se
559 480 742 517 commissi
759 480 836 526 ipse
855 479 919 515 fiat
935 479 1099 525 ereptio;

46 543 175 580 deinde
209 544 392 590 quintam,
415 543 453 579 id
486 550 561 587 est,
589 553 700 579 unum
731 543 988 589 praedictorum
1018 553 1099 579 sen-

47 613 166 648 suum,
184 614 249 650 per
264 605 358 650 quod
371 609 562 651 peccatum
576 604 808 641 commissum
822 608 890 647 est,
909 602 1103 639 offeramus

46 663 239 706 sacerdoti,
258 663 402 700 Christo
424 663 606 707 videlicet,
635 668 675 699 ut
691 673 923 710 nequaquam
941 662 1037 698 ultra
1059 662 1104 698 ad

47 725 226 761 actionem
258 736 407 771 pravam
437 726 549 761 ullum
580 735 797 771 occupemus
836 735 981 762 sensum
998 750 1007 767 ‚
1040 723 1104 759 sed

47 796 300 824 consecremus
317 788 415 823 illum
434 787 521 831 Deo,
538 787 591 824 sic
607 788 703 824 enim
721 797 789 833 pro
807 790 959 832 peccato
978 789 1104 821 nostro

46 847 311 895 deprecabitur.
335 848 521 892 Quomodo
543 854 663 884 autem
688 847 826 893 peccati
846 846 941 882 aries
959 855 1026 891 per
1047 855 1104 881 sa-

39 909 230 946 ·eerdotem
249 908 433 952 offeratur,
463 909 499 944 in
528 908 597 943 alia
615 912 718 953 parte
747 906 830 942 libri
858 905 1104 950 conscriptum

45 976 117 1015 est,
136 971 198 1007 uhi
218 971 436 1007 sacrificium
458 979 524 1015 pro
538 973 687 1014 peccato
704 966 842 1013 aequale
862 976 943 1002 esse
961 965 1104 1002 sacrifi-

46 1032 101 1067 cio
118 1032 213 1078 quod
229 1041 295 1077 pro
314 1030 442 1066 delicto
466 1029 506 1064 fit
522 1029 745 1074 praedicavit.
775 1029 852 1064 Hoc
872 1034 992 1065 autem
1009 1039 1106 1065 nunc

45 1090 285 1136 adjiciendum
317 1095 373 1126 est
405 1090 500 1135 quod
542 1090 712 1126 delictum
744 1089 930 1136 legislator
965 1090 1106 1126 duobus

0 1182 1 1185 ,
43 1151 159 1187 modis
180 1151 232 1186 uti
260 1160 323 1187 seu
341 1160 477 1196 ponere
494 1150 636 1194 solens,
657 1155 693 1186 et
711 1150 884 1186 delictum
908 1150 1102 1196 appellare,

1170 355 1318 392 indocto
1343 360 1380 391 et
1402 354 1448 391 de
1474 355 1634 391 habente
1654 352 1868 397 scientiam,
1895 362 1963 390 nec
1981 364 2053 390 non
2070 357 2115 392 de
2132 360 2233 396 omni

1169 421 1320 462 peccato
1349 422 1448 453 recte
1470 417 1540 452 hoc
1557 414 1655 462 quod
1674 414 1811 450 dictum
1831 418 1909 458 est,
1931 415 2126 461 accipitur;
2150 420 2234 463 quia

1171 481 1291 513 autem
1312 477 1467 513 arietem
1486 487 1552 523 pro
1593 475 1724 512 delicto
1749 474 1853 520 jubet
1871 474 2014 519 offerri',
2047 477 2234 522 apertissi—

1170 547 1270 574 mum
1298 543 1354 574 est
1384 538 1470 584 quia
1511 537 1682 574 delictum
1718 536 1777 572 hic
1804 535 1987 583 legislator
2014 536 2235 575 intellectum

1170 604 1358 646 peccatum
1379 599 1519 645 posuit,
1541 602 1691 645 propter
1706 597 1802 644 quod
1821 598 1959 642 dicens,
1980 609 2041 645 per
2061 599 2231 646 ignoran-

1172 662 1271 706 tiam,
1293 661 1477 698 subdidit:
1499 667 1532 697 et
1547 661 1681 709 peccati
1704 671 1763 696 rea
1788 660 1997 698 intellexerit
2015 661 2236 707 iniquitatem

1172 733 1294 766 suam;
1321 722 1383 768 qui
1403 728 1524 758 autem
1547 723 1769 760 intellexerit
1782 731 1987 770 peccatum,
2010 722 2069 758 hic
2093 721 2180 757 illud
2200 721 2236 757 in

1173 791 1212 817 se
1233 781 1375 825 relidit,
1403 788 1439 817 et
1464 782 1669 818 sordidatur
1687 783 1732 819 ah
1749 793 1793 819 eo
1814 783 1890 820 sive
1910 787 2083 818 oneratur
2097 809 2107 825 ‚
2127 791 2237 827 quan-

1173 843 1233 878 diu
1251 853 1317 890 per
1333 843 1546 891 praedictum
1566 844 1787 881 sacrificium
1807 845 1926 882 oratio
1944 854 2010 891 pro
2029 854 2072 881 eo
2090 843 2168 880 fiat.

1575 931 1727 969 CAPUT
1758 931 1818 968 Xl.

1172 1003 1226 1039 De
1242 1005 1362 1040 anima
1381 1017 1460 1052 quoe
1479 1011 1673 1052 contempto
1693 1007 1767 1042 Deo
1790 1009 2152 1055 neqaribdepositum,
2175 1015 2236 1045 aut

1373 1052 1509 1099 aliquid
1530 1054 1715 1088 emtorserit
1731 1065 1792 1100 per
1815 1054 2042 1091 calumniam.

1223 1129 1265 1177 (C
1275 1140 1331 1165 ΑΡ.
1349 1128 1418 1176 vt.)
1441 1128 1592 1164 Locutus
1609 1134 1659 1165 est
1676 1128 1849 1165 Dominus
1870 1130 1915 1165 ad
1935 1129 2082 1177 Moysen
2097 1131 2238 1166 dicens:

43 1224 138 1249 nunc
158 1213 300 1259 quidem
318 1218 508 1259 peccatum
526 1212 621 1258 quod
638 1211 683 1249 ad
709 1212 898 1248 scientiam
922 1212 1098 1257 pervenit,
1124 1194 1155 1233 Β
1174 1194 1302 1230 Anima
1331 1204 1408 1240 ‘¹²‘ae
1438 1193 1645 1239 peccavem’
1664 1198 1697 1227 εἰ
1719 1199 1914 1239 οοηῑεῃψιο
1944 1192 2032 1236 De02
2064 1194 2239 1239 ”efflaverit

43 1279 80 1311 et
103 1283 330 1318 nequaquam
341 1274 417 1319 jam
433 1273 594 1320 ignotum
609 1278 667 1308 est
687 1272 847 1319 peccati;
866 1283 962 1308 nunc
981 1278 1102 1308 autem

44 1334 139 1381 quod
154 1334 190 1370 in
207 1334 280 1370 Deo
301 1334 378 1380 ipso
392 1334 625 1371 commissum
642 1339 709 1378 est,
729 1334 839 1370 veluti
852 1333 1100 1380 jurejurando,

44 1403 105 1433 aut
121 1398 230 1433 etiam
249 1398 286 1433 in
301 1398 450 1441 sanctis,
469 1408 541 1434 non
562 1398 641 1434 sine
653 1407 762 1434 causa
781 1398 849 1434 hoc
870 1397 1024 1443 appellat
1042 1397 1103 1432 de-

43 1457 187 1502 lictum;
217 1459 278 1494 sed
298 1464 338 1494 ut
363 1465 402 1495 tu
429 1469 625 1505 cognoscas
646 1459 812 1495 similiter
837 1459 873 1494 in
901 1458 1013 1494 Deum
1042 1467 1103 1492 ex-

45 1519 143 1555 tendi
162 1526 350 1566 peccatum
373 1521 467 1566 quod
488 1521 526 1556 in
554 1521 706 1556 scientia
734 1525 771 1555 et
789 1519 886 1565 quod
906 1519 943 1555 in
960 1516 1103 1564 ,iureiu-

46 1581 159 1617 rando
169 1608 178 1625 ‚
198 1586 235 1617 et
248 1582 344 1627 quod
361 1581 399 1616 in
412 1581 547 1618 sanctis
564 1580 816 1618 committitur.

466 1668 616 1706 CAPUT
642 1669 687 1705 X.
700 1722 703 1727 Ι

42 1744 97 1783 De
114 1745 286 1783 oblatione
305 1757 367 1793 pro
385 1752 547 1782 veccante
570 1757 632 1792 per
654 1747 907 1792 iqnorantiam,
928 1752 990 1784 aut
1011 1758 1102 1794 prae-

414 1793 591 1828 varicante
608 1793 729 1839 leqem.

93 1867 210 1916 (Into.)
236 1869 364 1905 Anima
384 1869 413 1904 si
430 1869 621 1916 peccaverit
650 1880 711 1915 per
735 1870 991 1916 iqnorantiam‚
1013 1871 1103 1915 fece-

45 1933 155 1980 ritque
189 1943 297 1967 unum
326 1942 368 1967 ex
398 1931 450 1967 his
491 1942 567 1978 quoe
600 1931 740 1967 Domini
767 1931 840 1978 leqe
857 1932 1098 1978 prohibentur,

44 1999 76 2029 et
98 1994 228 2040 peccati
259 2004 337 2035 rea,
359 1991 566 2028 intellexerit
592 1992 812 2039 iniquitatem
835 2004 949 2036 suom,
980 1993 1100 2038 offeret

45 2053 186 2088 arietem
213 2051 479 2087 immaculatum
511 2051 554 2087 de
583 2051 743 2098 qreqibus
770 2052 965 2096 sacerdoti,
990 2052 1099 2098 juxta

44 2114 743 2160 mensuramoestimationemquepeccati.·
759 2114 818 2160 qui
832 2114 946 2149 orabit
956 2125 1019 2160 pro
1037 2114 1099 2150 illo
1119 2101 1149 2143 C
1171 2111 1287 2154 cium,
1323 2109 1445 2147 offerri
1476 2110 1648 2157 praecepit
1680 2120 1690 2145 t

44 2174 136 2220 quod
157 2174 309 2210 nesciens
333 2173 464 2219 fecerit,
483 2180 514 2209 et
534 2174 728 2210 dimittetur
746 2175 792 2217 ei,
819 2175 902 2220 quia
924 2186 986 2220 per
1005 2186 1102 2211 erro-

47 2244 119 2268 rem
147 2233 291 2280 deliquit
309 2244 346 2267 ιη
366 2233 530 2269 Domino.
554 2233 669 2270 Habet
693 2244 852 2280 praesens
878 2234 978 2271 loeus
999 2245 1100 2281 quae-

46 2294 198 2330 stionem
216 2304 287 2331 non
309 2294 498 2338 modicam,
521 2295 807 2331 consideratione
831 2296 988 2342 dignam,
1015 2297 1100 2343 quia

45 2367 110 2403 pro
139 2357 297 2403 peccatis
326 2368 391 2402 pro
415 2358 545 2404 quihus
564 2368 711 2405 capram
734 2360 873 2405 pridem
892 2360 1015 2397 offerri
1038 2366 1101 2396 aut

45 2426 148 2453 ovem
164 2418 352 2463 praecepit;
375 2418 424 2453 ait
445 2419 541 2454 enim
565 2429 575 2454 :
601 2418 702 2462 Quod
721 2420 752 2455 si
770 2422 959 2466 peccaverit
979 2421 1021 2457 de
1040 2432 1102 2467 po-

45 2478 126 2525 pulo
143 2485 244 2515 terroe
263 2491 324 2526 per
342 2479 599 2525 {onor-amiam,
629 2487 667 2516 ut
701 2482 810 2527 faciat
841 2482 1032 2529 quidquam
1060 2493 1102 2518 ex

46 2540 98 2575 his
116 2551 192 2586 quae
212 2540 355 2575 Domini
381 2540 452 2586 leqe
472 2541 698 2587 prohibentur
723 2549 825 2589 atque
846 2543 1043 2588 delinquat,
1070 2549 1102 2578 et

47 2599 242 2645 cognoverit
259 2606 440 2645 peccatum
466 2612 591 2644 suum,
617 2602 736 2646 offeret
765 2613 908 2647 capram
931 2603 1103 2637 immacu-

48 2657 182 2699 latom;
202 2657 491 2703 nune¹tanquam
516 2659 649 2695 oblitus
675 2670 717 2695 ea
750 2670 829 2706 quae
851 2667 1099 2708 praeceperat:

49 2717 90 2753 Si
110 2718 227 2752 anima
247 2717 326 2764 (ait)
350 2720 542 2764 peccaverit
564 2731 625 2766 per
643 2721 896 2766 iqnorantiam‚
916 2722 1103 2769 feceritque

49 2789 156 2813 unum
174 2789 216 2813 ex
238 2779 291 2814 his
309 2789 387 2824 quoe
403 2779 546 2814 Domini
567 2778 639 2826 leqe
657 2780 895 2826 prohibentur,
917 2788 949 2817 et
972 2783 1105 2829 peccati

49 2848 122 2881 rea,
137 2837 345 2873 intellexerit
366 2838 586 2885 iniquitatem
605 2851 718 2883 suam,
738 2841 858 2887 offeret
875 2843 1020 2878 arietem
1038 2844 1104 2879 im-

49 2897 262 2934 maculatum
282 2899 323 2934 de
336 2898 495 2946 qreqibus
516 2899 700 2935 sacerdoti.
728 2901 773 2936 Et
791 2902 944 2938 multum
960 2902 1103 2940 videtur

34 2957 193 2995 =differre
223 2959 317 2996 inter
346 2960 414 2995 hoc
434 2959 651 2996 sacrificium
677 2966 714 2996 et
742 2960 829 2997 illud
847 2962 944 3008 quod
968 2963 1102 2999 dudum

34 3019 232 3065 rpraecepit.
254 3019 326 3055 Sed
346 3029 463 3066 neque
478 3021 611 3056 oblitus
632 3026 687 3057 est
706 3022 887 3058 anteriora
900 3050 909 3067 ,
928 3033 995 3060 nec
1015 3035 1101 3060 eon·
1117 3001 1155 3042 D

35 3080 162 3116 »traria
181 3081 233 3116 eis
255 3081 426 3127 praecepit
454 3094 462 3117 :
483 3082 567 3128 quia
583 3082 680 3119 enim
704 3083 849 3119 nomine
867 3084 996 3121 animae
1015 3096 1102 3132 gen-

35 3139 149 3176 utitem
161 3140 319 3178 diximus
339 3142 555 3189 significari,
582 3133 642 3180 hic
667 3150 789 3180 autem
815 3145 968 3182 forsitan
995 3148 1101 3194 igno-

35 3208 136 3253 Jrans
151 3203 320 3238 mandata
334 3203 424 3250 legis
444 3205 645 3251 transgredi
665 3211 821 3251 poterat,
839 3214 988 3254 propter
1005 3210 1102 3255 quod

35 3258 162 3306 «dixit,
189 3268 220 3298 et
249 3274 310 3309 per
326 3264 574 3310 iquorantiam.
610 3266 722 3303 Recte
739 3267 976 3316 intelligibilis
991 3271 1099 3315 aries,

33 3316 217 3379 *Christus
233 3324 412 3370 videlicet,
435 3326 541 3372 hujus
564 3335 753 3374 peccatum
784 3331 821 3366 in
841 3331 1021 3369 sacrificio
1036 3342 1102 3379 pro

33 3382 107 3436 ti)⁴
128 3383 270 3422 oblatus
297 3386 427 3432 diluit;
460 3397 546 3435 ergo
562 3389 594 3425 si
612 3389 694 3435 quis
710 3395 815 3427 extra
840 3391 948 3428 fidem
967 3391 1103 3429 Christi

35 3448 42 3476 t
59 3444 268 3496 Qntitutus
275 3450 345 3490 est,
353 3446 496 3484 Judaeus
509 3447 605 3485 forte
619 3455 684 3486 aut
697 3460 872 3497 paganus,
885 3452 970 3488 lieet
988 3453 1104 3497 poeni-

35 3502 43 3536 t'
59 3499 136 3554 ign
150 3512 191 3540 se
205 3505 251 3542 de
262 3507 420 3553 peccatis
436 3507 511 3544 suis
529 3517 595 3554 per
617 3510 926 3546 conversationem
944 3515 982 3547 et
991 3511 1106 3547 vitam

33 3564 43 3594 ⁴
139 3608 141 3611 ¹
184 3567 302 3617 ,tt-et.
317 3567 566 3604 remissionem
579 3579 652 3606 non
670 3570 883 3614 merebitur,
901 3570 987 3616 quia
1005 3570 1102 3607 arie-

32 3611 44 3653 l
199 3613 210 3626 ²
241 3623 249 3668 s
274 3649 291 3671 ,⁴
309 3625 347 3663 id
372 3632 440 3671 est,
466 3626 600 3666 Christi
620 3629 861 3674 sacrificium,
879 3639 953 3666 non
969 3634 1101 3676 potest.

32 3675 44 3718 l
183 3682 187 3685 ’
298 3685 541 3732 'generaliter
567 3688 612 3725 de
639 3689 809 3726 omnihus
838 3688 1104 3736 quodammodo

35 3735 394 3790 ⁸m⁴fflfiuus,
419 3756 493 3784 non
519 3748 612 3786 dixit
642 3761 653 3785 ι
680 3749 720 3786 Si
749 3751 868 3788 anima
893 3751 937 3788 de
960 3750 1102 3799 populo,

35 3795 131 3839 tud
168 3797 201 3834 ’ὅ
239 3801 398 3849 m,
414 3804 631 3854 >notiam
671 3812 887 3857 meaverit,
919 3815 953 3848 et
984 3810 1105 3856 suerit

1173 1254 1371 1301 depositum
1390 1253 1550 1299 proximo
1572 1264 1636 1288 suo
1653 1253 1746 1299 quod
1773 1252 1858 1298 fidei
1877 1252 1952 1299 ejus
1973 1253 2144 1288 creditum
2161 1253 2238 1298 fue-

1172 1316 1234 1358 rit,
1256 1314 1307 1350 vel
1328 1315 1360 1350 vi
1389 1314 1524 1361 aliquid
1545 1314 1750 1356 extorserit,
1779 1320 1839 1348 aut
1863 1313 2077 1348 calumniam
2104 1314 2236 1359 fecerit,

1173 1377 1244 1412 sive
1274 1386 1346 1410 rem
1386 1375 1561 1421 perditam
1602 1374 1796 1418 invenerit,
1835 1379 1866 1409 et
1904 1374 2069 1419 inficians
2097 1374 2239 1420 insuper

1167 1436 1357 1483 juraverit,
1392 1441 1424 1470 et
1456 1434 1632 1481 quodlibet
1667 1434 1765 1470 aliud
1794 1446 1838 1470 ex
1856 1434 2016 1481 pluribus
2044 1434 2176 1480 fecerit,
2203 1435 2239 1469 in

1172 1495 1298 1543 quibus
1312 1506 1454 1541 peccare
1474 1494 1583 1530 solent
1599 1495 1767 1538 homines,
1790 1497 1946 1531 convicta
1962 1495 2093 1538 delicti,
2112 1495 2232 1530 reddet

1174 1557 1291 1594 omnia
1316 1568 1394 1603 quae
1416 1568 1477 1603 per
1504 1556 1666 1603 fraudem
1701 1556 1807 1592 voluit
1838 1557 1991 1592 obtinere
2016 1557 2174 1603 interna,
2203 1562 2236 1591 et

1173 1619 1332 1666 quintam
1354 1619 1497 1665 insuper
1516 1624 1652 1665 partem
1679 1618 1821 1653 domino
1845 1619 1902 1653 cui
1922 1618 2090 1653 damnum
2107 1616 2234 1652 intule-

1172 1688 1239 1717 rat.
1264 1680 1336 1716 Pro
1354 1686 1494 1727 peccato
1514 1685 1631 1715 autem
1651 1691 1714 1715 suo
1743 1679 1866 1725 offeret
1887 1679 2032 1714 arietem
2061 1679 2234 1713 immacu—

1172 1743 1284 1778 latum
1303 1743 1344 1778 de
1363 1754 1478 1789 qreqe,
1507 1749 1539 1778 et
1559 1743 1656 1778 dabit
1674 1753 1753 1777 eum
1770 1742 1942 1777 sacerdoti
1952 1742 2061 1788 juxta
2081 1741 2235 1777 ‹estima-

1172 1805 1300 1840 tionem
1335 1815 1604 1851 mensuramque
1633 1804 1751 1840 delicti
1781 1813 1792 1837 .·
1827 1804 1887 1850 qui
1928 1803 2064 1849 rogabit
2093 1803 2162 1849 'pro
2195 1814 2235 1838 eo

1172 1876 1291 1900 coram
1302 1865 1466 1908 Domino,
1483 1872 1514 1901 et
1524 1865 1796 1913 dimitteturjttt.
1813 1865 1941 1902 Cernis
1952 1865 2047 1911 quod
2062 1865 2097 1901 in
2112 1865 2239 1901 eodem

1170 1927 1297 1963 ordine
1315 1932 1353 1963 et
1369 1933 1558 1973 peccatum
1577 1928 1673 1973 quod
1690 1927 1726 1962 in
1743 1932 1881 1970 sancta,
1904 1932 1941 1962 et
1958 1926 1995 1963 id
2013 1926 2125 1973 quod,
2140 1925 2241 1971 jure-

1166 1986 1322 2033 jurando
1367 1989 1606 2025 committitur
1621 2015 1630 2031 ,
1670 1989 1818 2034 spiritus
1863 1988 1927 2024 Dei
1970 1988 2092 2024 tradit.
2134 1987 2238 2024 Patet

1170 2054 1291 2085 autem
1309 2058 1354 2085 ex
1373 2059 1416 2085 eo
1437 2049 1534 2095 quod
1554 2050 1591 2084 in
1610 2054 1784 2095 utroque,
1804 2049 1840 2084 id
1857 2053 1931 2092 est,
1959 2049 2084 2084 arietis
2100 2049 2237 2085 sacriti-

1722 2110 1957 2156 quamohrem
1998 2110 2094 2145 enim
2130 2109 2235 2155 paulo

1172 2178 1256 2208 ante
1275 2173 1312 2208 in
1332 2172 1431 2208 omni
1450 2177 1599 2218 peccato
1621 2171 1772 2207 arietem
1787 2198 1796 2214 ‚
1822 2170 1932 2216 jussit
1954 2170 2077 2207 offerri
2093 2198 2102 2214 ‚
2124 2181 2195 2206 non
2218 2183 2236 2206 a

1171 2235 1276 2272 nobis
1296 2233 1533 2280 conjicientes
1552 2261 1560 2278 ‚
1596 2234 1658 2269 sed
1680 2233 1922 2270 intentionem
1944 2232 2161 2279 legislatoris
2181 2243 2237 2268 se-

1171 2301 1326 2343 quentes
1346 2295 1516 2331 diximus.
1539 2293 1612 2330 Cur
1631 2299 1750 2329 autem
1774 2299 1963 2340 peccatum
1992 2294 2087 2339 quod
2100 2292 2240 2338 jureju-

1171 2357 1285 2393 rando
1304 2361 1374 2399 est,
1394 2360 1430 2390 et
1450 2354 1547 2400 quod
1577 2356 1613 2391 in
1634 2355 1790 2397 sanctis,
1813 2354 2046 2399 conjunctum
2066 2355 2234 2399 putavit?

1171 2417 1262 2461 Quia
1283 2416 1490 2452 omnimodo
1507 2422 1702 2462 utrumque
1722 2417 1767 2451 ad
1787 2416 1900 2451 Deum
1921 2416 2091 2461 pertinet,
2114 2419 2151 2450 et
2172 2414 2234 2460 qui

1168 2476 1421 2524 jusjurandum
1447 2477 1726 2522 transgreditur,
1757 2486 1830 2511 non
1853 2476 1967 2511 solum
1985 2475 2150 2520 proximo
2169 2485 2235 2510 no—

1172 2544 1242 2583 cet,
1263 2539 1325 2574 sed
1352 2543 1389 2573 et
1419 2538 1488 2583 lpsi
1508 2539 1595 2581 Deo,
1619 2548 1727 2583 quem
1751 2537 1988 2573 mediatorem
2010 2536 2118 2580 fecit„
2141 2535 2236 2581 inju-

1144 2630 1147 2634 ,
1171 2601 1263 2636 riam
1282 2600 1381 2636 facit.
1410 2599 1490 2635 Non
1512 2599 1609 2635 enim
1633 2599 1736 2645 parvi
1755 2604 1878 2635 reatus
1901 2603 1958 2635 est
1980 2600 2017 2635 in
2036 2603 2231 2645 conspectu

1173 2662 1238 2699 Dei
1264 2668 1390 2699 contra
1417 2662 1679 2698 conscientiam
1706 2671 1808 2697 suam
1828 2661 2027 2707 quemlibet
2050 2671 2114 2709 per
2138 2661 2235 2698 srau-

1173 2725 1255 2761 dem
1272 2724 1475 2771 depositum
1488 2723 1655 2770 proximo
1672 2732 1739 2758 suo
1753 2722 1947 2767 abnegare,
1965 2726 2028 2756 aut
2045 2721 2081 2756 vi
2098 2721 2234 2767 aliquid

1172 2785 1218 2820 ab
1234 2794 1277 2820 eo
1292 2788 1509 2830 extorquere
1530 2787 1592 2818 aut
1622 2781 1858 2825 calumniari,
1878 2786 1940 2816 aut
1958 2790 2035 2817 rem
2054 2782 2234 2828 perditam

1172 2856 1255 2882 cum
1288 2845 1470 2881 invenerit
1507 2844 1673 2890 proximo
1711 2853 1776 2880 suo
1807 2843 2001 2879 inficiando
2031 2842 2230 2889 perjurare.

1173 2907 1246 2955 (Ex
1267 2905 1447 2954 Oriqene.)
1475 2905 1577 2942 Multi
1602 2906 1699 2942 enim
1718 2905 1798 2942 sine
1820 2910 1970 2951 peccato
1991 2910 2119 2951 putant
2138 2915 2230 2947 esse,

1172 2969 1203 3005 si
1222 2968 1376 3005 alienum
1400 2967 1498 3014 quod
1513 2968 1720 3004 invenerint
1739 2971 1886 3003 teneant
1903 2978 1911 3001 :
1938 2966 2033 3002 Deus
2048 2966 2148 3007 mihi,
2172 2966 2230 3001 in-

1171 3031 1262 3078 quit,
1284 3031 1395 3075 dedit,
1421 3031 1480 3067 cui
1504 3031 1621 3067 habeo
1644 3030 1797 3066 reddere
1815 3042 1823 3065 :
1844 3029 1984 3065 discant
1999 3037 2085 3075 ergo
2104 3038 2232 3075 pecca-

1171 3098 1248 3128 tum
1278 3092 1348 3128 hoe
1370 3101 1465 3135 esse,
1494 3091 1610 3127 simile
1643 3091 1780 3136 rapinae
1798 3117 1808 3134 ,
1840 3090 1871 3126 si
1893 3090 1975 3136 quis
1993 3090 2139 3126 inventa
2158 3100 2228 3124 non

1171 3153 1310 3189 reddat.
1334 3152 1418 3188 llaec
1436 3152 1637 3188 secundum
1657 3151 1860 3187 historiam.
1887 3150 2079 3191 Caeterum,
2101 3157 2228 3182 secun-

1171 3213 1256 3249 dum
1280 3212 1510 3259 allegoriam,
1541 3211 1646 3248 altior
1663 3220 1791 3246 sensus
1807 3209 1892 3245 huic
1910 3208 1989 3244 loco
2010 3206 2225 3242 inserendus

1170 3278 1238 3310 est.
1276 3273 1351 3320 Ego
1376 3277 1465 3320 puto
1496 3273 1591 3318 quod
1621 3276 1658 3307 et
1680 3271 1796 3316 ipsam
1824 3269 1981 3304 animam
2001 3270 2163 3302 nostram
2192 3271 2229 3302 ct
2247 3279 2262 3288 2

1172 3344 1303 3381 corpus
1340 3334 1546 3380 depositum
1583 3332 1789 3378 accepimus
1808 3339 1829 3364 a
1848 3329 1943 3370 Deo,
1969 3332 2006 3363 et
2031 3326 2087 3362 vis
2105 3326 2227 3363 videre

1171 3394 1287 3440 majus
1307 3393 1403 3430 aliud
1428 3393 1634 3439 depositum
1657 3391 1753 3436 quod
1784 3387 1952 3433 accepisti
1986 3397 2007 3422 a
2035 3386 2124 3430 Deo,
2154 3387 2223 3434 ipsi

1173 3455 1302 3490 animae
1326 3459 1396 3489 tuae
1414 3453 1511 3488 Deus
1541 3451 1734 3496 imaginem
1763 3457 1866 3483 suam
1889 3451 1926 3483 et
1953 3446 2224 3483 similitudinem

1175 3511 1452 3552 commendavit.
1468 3509 1566 3545 Istud
1585 3517 1672 3554 ergo
1688 3506 1891 3553 depositum
1907 3511 1982 3542 tam
2000 3506 2140 3554 integre
2157 3508 2224 3543 tibi

1175 3571 1438 3608 restituendum
1468 3573 1537 3612 est,
1557 3577 1665 3613 quam
1688 3577 1710 3603 a
1734 3572 1772 3604 te
1795 3572 1938 3604 constat
1969 3577 2050 3605 esse
2078 3577 2226 3614 suscep-

1174 3637 1250 3668 tum
1274 3642 1283 3665 :
1310 3630 1342 3666 si
1358 3629 1456 3665 enim
1483 3628 1534 3664 sis
1559 3627 1788 3672 misericors,
1815 3628 1906 3664 siout
1933 3626 2043 3664 Pater
2076 3633 2159 3664 tuus
2187 3627 2226 3664 in

1175 3689 1268 3727 coetis
1291 3688 1487 3725 misericors
1505 3692 1556 3724 est
1570 3685 1672 3734 (Luc.
1690 3686 1759 3735 vi),
1772 3686 1890 3734 imago
1908 3686 1974 3723 Dei
1988 3686 2026 3723 in
2047 3690 2084 3723 te
2097 3690 2170 3730 est,
2187 3691 2228 3722 et

1174 3746 1355 3796 integi-um
1371 3747 1574 3795 depositum
1601 3756 1747 3791 servas,
1767 3747 1799 3784 si
1818 3746 2000 3794 perfectus
2016 3756 2057 3784 es
2074 3745 2171 3784 sicut
2185 3750 2225 3783 et

1173 3809 1282 3848 Pater
1298 3813 1382 3846 tuus
1400 3806 1559 3846 coelestis
1576 3806 1758 3858 perfectus
1773 3812 1842 3852 est,
1868 3806 2035 3855 imaginis
2049 3806 2115 3845 Dei
2130 3806 2170 3844 in
2185 3810 2224 3845 te
