2540 4016
76 149 145 187 577

671 141 1008 181 EXPOSlTlONES
1033 140 1080 176 IN
1106 139 1373 177 LEVITICUM.
1400 162 1448 168 —-
1473 143 1558 179 LIB.
1587 144 1646 180 IV.

2180 153 2252 190 378

76 239 146 265 nec
171 232 393 264 crescentem
421 226 455 262 in
475 227 558 262 cute
582 229 598 259 ’τ
618 223 648 259 si
676 223 772 259 enim
796 222 973 259 crevisset
999 230 1127 267 116663-
1143 220 1179 260 Α
1196 219 1272 265 ipse
1294 219 1423 256 Petrus
1449 221 1641 257 manifeste
1661 223 1803 268 probat,
1834 235 1923 270 quas
1954 235 2076 274 aperte
2099 231 2175 277 ipse
2204 232 2250 268 ad

75 294 154 324 tum
183 292 451 333 augmentatum
481 284 671 320 transisset
689 284 724 318 in
742 293 851 318 carne
875 281 1025 327 reliqua,
1047 279 1120 315 dif-

76 349 270 394 fusumque
304 347 403 382 carni
431 344 655 381 immundum
688 353 770 378 eum
799 342 861 388 qui
891 342 929 376 in
966 340 1125 376 deterius

74 409 218 455 proficit
236 407 464 448 ostenderet;
483 405 567 451 (11113
587 409 706 439 31116111
724 414 796 439 11011
819 403 947 445 erevit,
963 401 1025 438 sed
1044 410 1126 446 per-

74 470 219 512 mansit,
252 468 416 504 similiter
444 468 623 512 aspectus*
643 465 719 501 sive
745 465 884 510 species
921 464 1122 500 obscurior.

74 531 167 574 Quid
186 531 281 566 enim
296 529 486 575 iniquitate
505 527 694 563 obscurius
708 526 790 562 est?
811 526 861 561 De
875 535 944 571 qua
962 524 1122 570 caligant

71 592 168 628 oculi
197 597 236 628 ut
256 603 374 638 neque
390 592 518 634 Deum,
537 600 656 635 neque
680 590 749 625 hoc
769 588 862 634 quod
880 588 1023 634 expedit
1038 597 1123 633 per-

72 653 195 698 spicue
214 652 399 688 intendere
417 651 693 697 permittamur3
719 649 774 685 vel
800 649 830 684 si
850 652 1036 694 aspectum
1058 647 1123 682 oh-

70 711 270 746 scuriorem
302 711 446 746 dubiam
468 711 683 757 quibusdam
711 710 961 753 incertamque
990 706 1125 742 dixeris

69 773 210 820 pcccati
223 773 482 818 suspicionem,
494 773 528 808 id
540 778 609 814 est,
621 770 797 815 utrumjsit
807 780 852 804 an
863 779 945 809 non,
958 777 1125 802 necessa-

71 835 162 871 riam
182 834 293 869 babet
309 839 345 869 et
359 835 436 869 hacc
456 833 682 870 sacerdotem
701 835 826 876 utpote
844 829 1019 875 quinovit
1034 839 1124 874 quo-

69 894 178 929 modo
209 893 395 929 munditiae
422 893 600 928 restituat.
631 891 693 925 Ille
722 896 841 924 autem
863 887 1122 932 simpliciorem

69 964 149 989 eam
170 954 357 989 denuntiat
371 954 709 996 brevemque‚aqua
730 949 869 984 diluens
889 948 1118 990 vestimenta,

68 1014 295 1060 baptismatis
310 1012 478 1048 videlicet
495 1011 570 1046 sive
587 1009 823 1055 poenitentiae.
849 1008 912 1044 Est
930 1009 1026 1044 enim
1044 1006 1120 1043 effi-

68 1084 134 1109 cax
158 1083 250 1118 aqua
272 1071 491 1117 poenitentiae
520 1070 696 1116 lacryma,
717 1079 823 1114 (1113111
844 1078 951 1103 1161110
971 1071 1117 1113 1166631,

66 1132 190 1179 gratiae
209 1131 380 1177 reliquias
405 1130 617 1176 appellando
637 1129 880 1174 baptismatis.
913 1127 1015 1171 Quod
1032 1137 1117 1172 ergo

66 1193 118 1229 ita
142 1203 179 1229 se
200 1193 308 1228 babet
328 1204 336 1227 ε
357 1191 591 1237 Septuaginta
616 1189 795 1236 passionis
812 1187 1116 1234 significationem

64 1258 257 1299 propterea
275 1251 479 1293 ediderunt,
500 1250 584 1295 quia
604 1259 683 1294 quae
702 1253 785 1284 sunt
801 1247 939 1283 occulta
958 1257 1002 1281 ex
1017 1250 1118 1291 parte

65 1311 222 1358 prodidit
251 1316 287 1346 et
311 1310 422 1346 latere
441 1309 648 1345 omnimodo
666 1319 739 1344 11011
760 1307 939 1354 permisit,
971 1306 1035 1341 sed
1061 1305 1116 1339 in-

63 1370 183 1406 stituit
203 1370 426 1406 sacerdotem
444 1369 575 1405 medici
593 1369 710 1404 vicem
742 1369 777 1403 in
800 1368 870 1403 hoc
899 1367 1091 1402 habentem
1109 1392 1117 1407 ,

65 1418 160 1476 quod
178 1430 482 1466 medicamentum
515 1429 644 1464 debeat
675 1428 847 1463 adhibere
877 1426 1053 1472 siquidem
1082 1429 1119 1460 et

66 1492 242 1528 adhibuit.
263 1492 317 1528 Tu
338 1497 455 1527 autem
474 1501 693 1537 cognoscens
710 1490 796 1535 quia
815 1488 1116 1534 significationem

66 1553 221 1599 appellet
235 1552 305 1588 tale
319 1559 520 1597 peccatum,
537 1561 607 1586 non
630 1549 831 1586 abscondas
845 1548 980 1583 malum
997 1557 1017 1582 a
1032 1556 1118 1582 vero

66 1613 269 1656 sacerdote,
302 1612 387 1648 licet
421 1611 571 1647 dubium
608 1615 814 1655 tectumque
855 1608 902 1644 sit
932 1607 1026 1649 aliis,
1054 1606 1118 1642 sed

66 1674 215 1712 ostende
235 1683 276 1708 36
294 1671 425 1718 111οᾶ6;
448 1672 574 1707 diebus
598 1671 693 1706 enim
724 1669 939 1714 quibusdam
957 1673 991 1703 te
1014 1676 1120 1712 sepa-

66 1744 151 1769 rans
170 1732 337 1768 sacerdos
356 1742 376 1766 a
401 1736 608 1766 sanctorum
624 1727 868 1769 tabernaculo,
889 1736 1016 1762 rursus
1041 1735 1118 1760 sus-

64 1794 188 1838 cipiet,
218 1802 343 1827 rursus
369 1801 439 1836 (1110
468 1795 609 1835 oportet
639 1789 745 1823 modo
772 1788 985 1822 vestimenta
1016 1786 1117 1831 prius

64 1853 200 1894 6311115,
218 1851 309 1886 sicut
325 1851 375 1886 ait
395 1850 592 1895 legislator,
607 1849 817 1889 diluentem,
838 1846 991 1882 sedvide
1009 1852 1043 1881 et
1060 1855 1117 1881 ve-

64 1913 160 1948 niam
179 1910 380 1957 percipiens
407 1909 545 1945 custodi
565 1919 608 1943 ne
623 1908 775 1953 polluas,
793 1912 985 1952 postquam
1004 1903 1116 1940 semel

64 1972 194 2008 laverit
211 1973 369 2008 tunicam
385 1971 517 2012 carnis,
539 1980 622 2005 nam
637 1971 664 2005 si
686 1969 794 2004 ctiam
812 1973 893 2013 post
913 1968 988 2002 haec
1008 1966 1116 2013 signi-

66 2031 188 2066 ficatio
206 2030 384 2076 passionis
404 2028 569 2064 inciderit
583 2028 617 2062 in
638 2026 820 2072 pellicula,
841 2025 896 2060 vel
917 2024 1114 2060 secundum

63 2096 225 2126 nostram
259 2090 464 2131 editionem,
500 2088 657 2124 creverit
686 2092 723 2122 et
759 2095 885 2121 rursus
916 2096 936 2121 a
971 2084 1114 2120 meliori

63 2157 166 2197 parte
185 2151 228 2186 ad
247 2155 433 2195 peccatum
454 2148 623 2185 reciderit
641 2152 955 2192 commutatusque
982 2145 1091 2181 fuerit
1105 2172 1114 2188 ,

63 2210 200 2246 videbit
221 2210 390 2245 sacerdos
409 2214 445 2244 et
463 2208 556 2244 illico
574 2213 780 2254 vergentem
801 2207 846 2242 ad
864 2206 1042 2242 deteriora
1059 2215 1116 2240 re-

63 2270 226 2315 periens,
260 2268 495 2304 immunditiae
533 2267 808 2309 condemnabit,
847 2266 1116 2310 subsequuntur

64 2328 300 2374 Septuaginta
320 2333 355 2364 et
375 2328 498 2363 dicunt
517 2327 599 2373 quia
631 2327 730 2372 lepra
761 2331 817 2362 est
847 2338 855 2360 ε
879 2331 1000 2370 3116116
1019 2325 1115 2360 6111111

63 2387 170 2434 hujus
188 2389 247 2435 qui
261 2389 341 2424 talis
359 2392 426 2430 est,
443 2388 559 2423 anima
576 2387 620 2422 ad
634 2386 803 2432 profanas
813 2386 997 2422 declinans
1014 2385 1114 2420 volu-

62 2455 182 2497 ptates
204 2450 346 2495 leprosa
366 2449 417 2484 fit.
440 2449 634 2494 Propterea
653 2453 689 2483 et
716 2447 862 2489 Paulus,
886 2446 947 2491 qui
977 2446 1014 2481 in
1042 2446 1112 2481 Co-

62 2511 185 2546 rintho
219 2510 415 2546 fornicatus
446 2515 501 2545 est
521 2509 556 2556 (I
587 2508 669 2544 Cor.
699 2507 749 2555 v),
780 2509 864 2553 quia
897 2507 1114 2553 significatio

63 2571 186 2616 passio
202 2571 283 2612 suit,
306 2570 496 2605 manifesta
518 2571 612 2604 enim
632 2575 709 2605 crat
728 2579 795 2604 nec
810 2569 1072 2610 occultabatur,
1093 2578 1113 2602 a

66 2634 275 2665 sanctorum
295 2630 446 2665 removit
464 2629 708 2671 tabernaculo,
740 2633 775 2663 et
805 2628 897 2662 tradi
916 2627 1058 2662 Satanae
1077 2627 1113 2662 in

65 2691 248 2726 interitum
266 2690 385 2724 carnis
405 2689 575 2734 praecepit
600 2700 608 2722 :
633 2687 692 2733 qui
711 2698 791 2723 eum
813 2687 1029 2733 inspexisset
1055 2697 1112 2722 se-

64 2750 182 2786 cundo
202 2749 405 2795 passionem
426 2753 462 2783 et
479 2748 629 2783 vidisset
646 2747 731 2792 quia
758 2757 829 2782 non
850 2748 972 2787 crevit,
997 2747 1059 2782 sed
1078 2752 1115 2782 et

64 2819 147 2845 eum
167 2809 227 2854 qui
251 2818 378 2854 passus
400 2806 517 2843 fuerat
535 2816 598 2852 per
615 2806 792 2852 lacrymas
810 2805 1030 2851 poenitentiae
1052 2816 1114 2842 ve-

65 2874 157 2905 stem
177 2867 298 2904 carnis
318 2867 490 2909 abluisse,
510 2876 530 2902 6
548 2866 699 2911 vestigio
719 2865 850 2910 suscipi
868 2865 990 2910 jussit.
1011 2865 1113 2909 Quod

65 2932 183 2964 autern
214 2932 349 2973 septem
370 2927 494 2962 diebus
523 2937 542 2960 a
559 2926 791 2962 tabernaculo
812 2935 882 2961 non
904 2926 1016 2962 semel
1049 2927 1113 2962 sed

64 2987 121 3024 bis
151 2988 318 3024 sacerdos
337 2991 545 3033 susceptum
577 2990 731 3030 separat,
762 2995 924 3031 quaerere
953 2990 989 3020 et
1019 2986 1113 3022 scire

65 3046 245 3082 studiosos
258 3051 413 3091 oportet,
434 3045 591 3081 secundo
609 3044 785 3090 siquidem
800 3045 868 3080 hoc
887 3034 963 3080 11611
986 3046 1020 3080 111
1036 3045 1114 3091 lege

66 3112 212 3154 propter
227 3107 297 3142 hoc
315 3110 533 3151 praeceptum
554 3110 611 3140 est
628 3109 668 3139 ut
683 3104 889 3141 ostenderet
908 3115 979 3140 non
1002 3106 1113 3151 negli-

66 3172 192 3214 genter
209 3167 271 3203 sed
291 3166 452 3202 studiose
486 3175 569 3201 eum
591 3165 721 3200 debere
741 3164 883 3210 inspici,
916 3170 952 3199 et
982 3165 1114 3210 duplici

65 3227 276 3272 probatione
310 3230 507 3268 transacta,
543 3224 747 3260 districtum
777 3225 814 3259 in
844 3234 887 3260 eo
920 3224 999 3259 fieri
1018 3223 1115 3269 judi-

67 3286 186 3335 cium..
197 3287 425 3323 Manifestum
442 3287 573 3332 quippe
590 3291 670 3322 erat
688 3286 868 3322 sacerdoti
897 3291 1085 3332 peccatum
1103 3313 1112 3330 ‚

68 3348 132 3398 *sed
159 3359 240 3384 cum
259 3348 418 3384 animum
437 3347 595 3393 passioni
609 3347 893 3383 consentientem
908 3347 1114 3393 suspicaba-

70 3402 142 3458 Qm,
161 3417 234 3443 non
264 3413 384 3443 tamen
406 3406 596 3442 manifeste
616 3406 766 3449 sciebat,
786 3407 991 3442 necessario
1009 3406 1112 3442 illum

72 3461 200 3500 {terum
222 3466 433 3511 inspiciebat
457 3477 467 3501 τ
489 3470 545 3502 651
570 3466 702 3511 quippe
719 3465 911 3500 invisibilis
929 3465 1028 3500 etad
1056 3465 1114 3499 in-

73 3518 185 3678 ξ
156 3522 289 3569 tionem
308 3524 473 3561 difficilis.
494 3524 587 3561 Hinc
606 3525 781 3561 Dominus
798 3534 869 3560 non
887 3523 998 3560 semel
1016 3523 1115 3558 Petri

80 3626 98 3642 Α
170 3590 231 3618 um
263 3589 347 3628 post
374 3584 616 3630 negationem,
650 3585 715 3620 sed
746 3582 903 3620 secundo
933 3592 977 3618 36
1008 3582 1117 3618 161110

75 3649 101 3685 ¹1
401 3655 441 3682 se
470 3646 620 3682 haberet
652 3645 851 3692 interrogat
878 3644 1115 3692 (Joan.xx1)‚

77 3685 513 3751 301Ῑ’111“ἲς1101·3115,1106
539 3707 636 3744 6111111
662 3707 700 3744 111
727 3706 1021 3754 responsionibus
1041 3706 1117 3743 suis

1195 281 1381 324 scientem,
1406 281 1568 327 nihilque
1588 282 1815 327 ignorantem
1846 285 1970 328 refert,
1991 290 2053 323 sed
2070 291 2153 334 quia
2172 293 2248 328 dis-

1192 341 1410 385 positionem
1444 342 1744 387 perscrutabatur
1775 344 1900 386 animi,
1924 345 2064 381 (11661131
2079 350 2214 394 ‚quippe
2234 362 2247 386 ε

1194 400 1318 436 Simon
1352 401 1506 445 Joanna,
1541 413 1639 437 amas
1655 414 1709 437 me
1733 404 1750 438 ?
1782 403 1912 439 docere
1933 414 1998 440 nos
2017 405 2127 440 voluit
2155 418 2246 452 quo-

1191 462 1299 496 modo
1318 467 1630 506 perscrutaremur
1649 469 1686 499 et
1704 464 1884 509 quomodo
1909 463 2156 508 iudicaremus
2185 478 2248 512 per

1191 520 1417 566 frequentem
1436 522 1603 558 videlicet
1637 523 1907 568 inquisitionem
1927 537 1934 559 :
1959 531 2097 570 septem
2126 531 2246 561 autem

1192 581 1267 617 dies
1282 591 1351 615 11011
1366 580 1499 616 frustra
1518 583 1655 628 posuit,
1677 583 1741 618 sed
1755 588 1794 618 ut
1811 585 2057 619 necessarium
2072 587 2243 630 praesenti

1191 640 1379 675 intentioni
1400 651 1588 676 munerum
1609 642 1821 686 honoravit3
1839 644 1875 678 in
1893 645 1971 689 ipso
1989 644 2120 690 quippe
2138 655 2247 681 omne

1190 700 1371 735 vinculum
1390 701 1578 746 omnisque
1608 702 1780 749 obligatio
1801 713 1846 738 ex
1876 704 1954 750 lege
1975 705 2153 740 cessabat.
2178 705 2245 740 Se-

1189 761 1374 806 ptenarius
1392 771 1477 807 ergo
1496 771 1669 797 numerus
1685 762 1795 798 totius
1812 763 1947 798 habere
1962 763 2152 808 praesentis
2164 763 2247 799 vitae

1190 821 1349 855 creditur
1378 821 1651 866 plenitudinem,
1691 832 1771 867 quae
1803 823 1841 858 in
1875 834 1912 859 se
1948 830 2087 870 septem
2119 823 2247 860 diebus

1189 886 1277 916 rotae
1294 882 1452 916 volvitur
1475 883 1594 925 modo,
1616 893 1687 928 quo
1707 883 1885 929 completo
1918 890 2016 920 recte
2034 894 2141 919 omne
2163 895 2247 930 pec-

1189 947 1324 983 catum,
1360 951 1539 986 omneque
1574 942 1760 978 vinculum
1797 944 1919 979 saeculi
1955 949 2096 987 cessat,
2136 949 2246 989 atque

1188 1010 1295 1034 omne
1331 1001 1519 1035 servitium
1537 1013 1545 1036 :
1582 1003 1819 1046 quamobrem
1852 1004 2005 1048 septima
2043 1005 2078 1038 in
2114 1004 2247 1040 divinis

1189 1058 1387 1103 Scripturis
1417 1060 1559 1103 requies
1595 1061 1833 1104 nominatur,
1871 1063 2176 1108 quemadmodum
2209 1069 2248 1100 et

1137 1117 1168 1154 B
1188 1118 1320 1154 Paulus
1341 1119 1384 1154 (16
1403 1119 1524 1165 Moyse
1543 1119 1593 1154 ait
1611 1132 1619 1154 :
1642 1120 1740 1155 Dixit
1762 1122 1859 1156 enim
1878 1122 1913 1156 in
1934 1123 2090 1167 quodam
2106 1123 2186 1158 loco
2201 1124 2247 1159 de

1188 1179 1245 1214 die
1265 1180 1417 1224 septima
1432 1179 1497 1222 sic,
1516 1179 1563 1214 Ec
1577 1181 1723 1215 cessavit
1737 1180 1832 1215 Deus
1850 1181 1892 1215 ab
1908 1182 2068 1216 omnibus
2085 1183 2247 1227 operibus

1186 1241 1284 1282 suis;
1302 1245 1339 1276 et
1357 1240 1464 1285 paulo
1493 1245 1574 1286 post
1604 1241 1763 1276 subdidit
1784 1253 1791 1276 :
1815 1240 1884 1284 Qui
1913 1248 2028 1276 aulem
2046 1242 2186 1277 intravit
2207 1243 2246 1277 in

1187 1300 1339 1345 requiem
1362 1299 1452 1344 ejus,
1474 1305 1504 1333 et
1525 1299 1597 1345 ipse
1615 1300 1779 1345 requievit
1798 1299 1840 1334 ab
1862 1299 2023 1345 operibus
2047 1300 2134 1342 suis,
2154 1300 2245 1334 sicut

1185 1366 1217 1395 ec
1233 1372 1253 1394 α
1272 1361 1345 1395 suis
1361 1360 1454 1395 Deus
1476 1359 1580 1406 (Heb.
1598 1360 1648 1407 lv)
1668 1372 1676 1395 :
1699 1361 1759 1396 sed
1775 1366 1811 1396 et
1829 1360 2067 1396 Ecclesiastes
2092 1361 2142 1395 ait
2159 1372 2166 1395 :
2187 1360 2244 1395 Da

1185 1427 1319 1467 partem
1339 1427 1483 1466 septem,
1505 1433 1566 1456 nec
1584 1433 1651 1457 non
1670 1428 1701 1457 et
1719 1422 1819 1469 octo(
1827 1421 1941 1457 Eccle.
1964 1423 2031 1469 xl),
2051 1423 2244 1468 providen-

1186 1481 1272 1516 tiam
1293 1481 1420 1516 haberi
1451 1482 1639 1526 praesentis
1659 1481 1778 1517 saeculi
1812 1481 2026 1527 praecipiens
2057 1486 2093 1517 et
2113 1480 2240 1516 futuri.

1187 1539 1301 1587 Playa
1315 1540 1419 1586 Ieprae
1438 1541 1469 1575 si
1493 1540 1598 1586 suerit
1614 1542 1650 1576 in
1669 1541 1822 1584 homine,
1841 1541 2037 1575 adducetur
2062 1540 2108 1574 ad
2127 1551 2244 1575 sacer-

1186 1601 1300 1637 dotem
1333 1607 1366 1637 et
1395 1601 1526 1637 videbit
1553 1612 1655 1644 eum;
1682 1612 1828 1647 cumque
1859 1601 1955 1636 color
1981 1600 2082 1636 albus
2112 1601 2149 1635 in
2167 1606 2245 1635 cute

1186 1663 1303 1708 suerit,
1324 1667 1356 1697 el
1379 1661 1588 1708 capillorum
1613 1662 1800 1697 mutaverit
1829 1667 2027 1708 aspectum,
2058 1661 2134 1707 ipsa
2154 1671 2244 1707 quo-

1186 1735 1251 1770 que
1281 1735 1362 1758 caro
1381 1724 1455 1758 viva
1476 1723 1666 1768 apparebit,
1689 1722 1785 1769 lepra
1807 1723 2039 1758 vetustissima
2066 1721 2245 1768 judicabi-

1186 1790 1255 1827 tur,
1278 1790 1380 1830 alque
1401 1783 1524 1818 inolita
1543 1783 1643 1817 cuti:
1665 1781 1917 1817 contaminabit
1940 1782 2058 1827 itaque
2075 1791 2152 1816 eum
2181 1791 2241 1814 sa-

1186 1844 1306 1879 cerdos
1337 1850 1368 1879 et
1403 1855 1472 1879 non
1493 1844 1661 1887 recludet,
1692 1844 1775 1890 quia
1807 1844 1987 1890 perspicue
2017 1842 2243 1877 immunditia

1185 1915 1247 1941 est.
1269 1904 1340 1952 (Ex
1372 1905 1576 1951 Hesycltio.)
1609 1906 1659 1940 De
1673 1906 1804 1950 quibus
1822 1905 1920 1940 enim
1950 1904 2116 1950 superius
2136 1903 2244 1949 plane

1185 1972 1293 2012 atque
1334 1965 1552 2002 sufficienter
1586 1966 1777 2010 exposuit,
1822 1966 1865 2001 de
1902 1966 1959 2001 his
2003 1965 2079 2000 haec
2114 1973 2242 2000 rursus

1185 2028 1327 2062 videtur
1347 2027 1531 2072 legislator
1549 2026 1719 2071 adjicere,
1742 2027 1803 2063 sed
1822 2038 1893 2063 non
1916 2027 1966 2062 ita
1993 2032 2072 2062 est:
2104 2036 2187 2061 nam
2206 2030 2243 2061 et
2268 2043 2270 2045 ·

1184 2090 1214 2126 si
1234 2089 1355 2125 verbis
1385 2094 1441 2124 est
1474 2089 1694 2134 proximum,
1716 2089 1870 2124 multum
1906 2094 2026 2124 tamen
2060 2087 2242 2123 diversam

1184 2155 1294 2195 atque
1312 2149 1537 2185 differentem
1564 2150 1672 2185 habet
1695 2149 1952 2191 intentionem;
1981 2147 2040 2182 hic
2062 2146 2241 2191 siquidem

1183 2221 1254 2247 non
1277 2211 1320 2246 de
1338 2210 1497 2256 quolibet
1518 2210 1730 2256 simpliciter
1748 2215 1911 2256 peceato,
1935 2208 1997 2244 sed
2029 2207 2073 2243 de
2093 2205 2243 2242 manife-

1183 2277 1237 2307 sta
1259 2271 1548 2317 transgressione
1567 2270 1692 2316 legalis
1710 2270 1799 2305 dicit
1817 2269 1960 2311 litterae,
1981 2268 2240 2314 propterquod

1181 2331 1323 2377 plagam
1344 2331 1454 2375 leprae
1470 2330 1676 2375 passionem
1693 2330 1807 2374 ipsam
1826 2328 2032 2374 appellavit.
2047 2326 2124 2361 Non
2142 2327 2241 2372 igno-

1182 2401 1306 2427 ramus
1323 2395 1443 2425 autem
1464 2391 1547 2434 (11113
1568 2390 1707 2434 lepram
1728 2390 1927 2424 dixerimus
1947 2387 2035 2432 legis
2052 2396 2132 2421 esse
2150 2395 2241 2430 prae-

1181 2451 1456 2490 varicationem,
1478 2450 1562 2494 quia
1587 2453 1692 2484 nocet
1712 2449 1822 2483 etiam
1852 2458 1932 2482 cum
1959 2445 2151 2491 partitialis
2170 2445 2238 2487 sit,

1183 2510 1278 2545 sicut
1297 2509 1410 2554 lepra,
1434 2508 1518 2543 licet
1534 2518 1682 2553 parvam
1702 2512 1839 2552 partem
1861 2505 2142 2550 comprehendat
2159 2514 2240 2540 cor-

1181 2570 1294 2617 poris.
1316 2569 1430 2612 Quam
1457 2573 1577 2603 autem
1597 2568 1710 2613 legem
1730 2567 1937 2602 existimant
1954 2565 2151 2611 propriam,
2169 2575 2241 2600 non

1184 2641 1263 2666 eam
1284 2639 1364 2674 (11136
1386 2634 1441 2664 651
1459 2629 1502 2664 de
1535 2629 1668 2663 invidia
1691 2635 1727 2663 et
1759 2627 1936 2663 adulterio
1954 2654 1963 2670 ,
1985 2627 2181 2672 rapacitate
2204 2631 2242 2662 et

1184 2691 1349 2732 avaritia,
1381 2695 1416 2725 et
1444 2689 1489 2724 (16
1522 2689 1741 2724 honorandis
1760 2688 1986 2733 parentibus,
2007 2697 2089 2722 nam
2110 2687 2239 2722 similis

1183 2749 1238 2785 lex
1257 2754 1335 2785 erat
1350 2754 1385 2784 et
1405 2748 1592 2795 gentibus;
1614 2748 1677 2783 sed
1708 2758 1787 2783 eam
1808 2757 1888 2792 quae
1907 2748 1951 2782 de
1982 2746 2172 2783 sacrificiis
2200 2752 2237 2782 et

1181 2810 1494 2856 purificationibus
1514 2809 1714 2851 sanciebat,
1735 2818 1805 2843 non
1827 2813 1971 2853 tangas,
2006 2818 2079 2843 non
2101 2812 2238 2853 gustes,

1183 2880 1255 2905 non
1276 2874 1479 2905 contrectes
1505 2878 1584 2903 eam
1620 2877 1701 2914 quae
1731 2867 1940 2903 circumcidi
1962 2877 2109 2902 carnem
2135 2865 2240 2910 jube-

1185 2930 1259 2966 bat.
1286 2928 1370 2964 Haec
1390 2928 1486 2964 enim
1517 2932 1622 2962 erant
1654 2927 1731 2972 ejus
1764 2926 1925 2972 propria,
1957 2935 2039 2961 cum
2073 2925 2241 2970 gentibus

1186 2990 1477 3026 communionem
1508 2999 1579 3024 non
1611 2989 1794 3024 habentia.
1831 2988 1869 3023 Si
1897 2998 1989 3034 ergo
2003 2988 2106 3034 plaga
2133 2988 2241 3033 hujus

1185 3053 1293 3098 leprae
1309 3053 1344 3087 in
1362 3051 1507 3086 homine
1523 3056 1601 3086 orta
1621 3050 1747 3093 fuerit,
1766 3055 1802 3085 61
1817 3050 1942 3085 videns
1955 3059 2036 3084 eum
2052 3050 2236 3090 sacerdos,

1187 3113 1306 3148 album
1320 3112 1476 3148 colorem
1491 3111 1528 3146 in
1543 3116 1624 3147 cute
1642 3111 1880 3156 perspexerit,
1899 3109 2237 3155 praevaricationem

1187 3172 1429 3214 manifestam,
1461 3177 1697 3217 apertamque
1722 3171 1867 3212 litterae,
1890 3169 2020 3213 illeque
2052 3167 2238 3202 voluntate

1186 3238 1293 3278 atque
1312 3243 1357 3269 ex
1387 3231 1523 3278 judicio
1542 3231 1670 3278 egerit,
1697 3231 1766 3264 hoc
1786 3229 1882 3264 enim
1913 3237 1992 3263 esse
2023 3225 2235 3270 capillorum

1186 3298 1371 3339 aspectum
1404 3293 1441 3327 in
1462 3292 1583 3327 album
1604 3289 1751 3331 mutari,
1771 3288 1807 3323 id
1826 3292 1896 3328 est,
1929 3290 2052 3330 aperte
2072 3284 2233 3319 animum

1185 3353 1223 3388 in
1243 3353 1360 3397 aliqua
1389 3350 1685 3397 praevaricatione
1713 3345 1917 3387 transferri,
1950 3343 2114 3388 superius
2139 3342 2234 3378 dixi-

1185 3423 1286 3454 mus;
1306 3411 1414 3446 habet
1430 3415 1550 3445 autem
1568 3409 1645 3453 ipsa
1658 3406 1796 3451 species
1810 3404 1929 3438 vivam
1944 3411 2106 3444 carnem,
2122 3407 2162 3437 ut
2172 3402 2235 3447 qui

1186 3472 1351 3508 videlicet
1369 3475 1404 3505 et
1422 3470 1453 3504 si
1471 3469 1508 3503 in
1525 3467 1645 3511 aliquo
1661 3463 1933 3510 transgreditur,
1954 3462 1990 3498 in
2010 3461 2091 3498 aliis
2108 3467 2230 3498 tamen

1182 3529 1298 3574 legem
1312 3526 1484 3567 defendit,
1494 3534 1601 3570 quam
1619 3523 1753 3558 frustra
1769 3531 1893 3558 sanam
1908 3531 2055 3558 carnem
2072 3521 2234 3567 appella-

1184 3593 1253 3630 ret,
1265 3587 1334 3622 nisi
1344 3591 1381 3622 et
1395 3586 1524 3622 beatus
1538 3583 1670 3618 Paulus
1691 3581 1750 3618 sic'
1762 3581 1859 3617 illam
1874 3581 2072 3628 appellasse
2088 3580 2234 3615 videre-

1186 3653 1264 3688 tur;
1300 3645 1352 3680 ait
1383 3643 1479 3685 enim
1507 3654 1516 3677 :
1548 3641 1703 3676 lustitiis
1738 3641 1854 3676 carnis
1881 3651 1988 3686 usque
2018 3639 2064 3674 ad
2097 3645 2233 3684 tempus

1185 3703 1407 3741 correctionis
1426 3701 1595 3750 impositis
1613 3700 1737 3749 (lchr.
1759 3698 1835 3748 1x);
1855 3699 1955 3746 lepra
1985 3698 2231 3739 vetustissima
