2540 4016
296 243 360 281 271

293 320 338 356 ad
354 317 467 353 Deum
484 313 569 349 sunt
587 307 633 345 ad
656 300 917 342 reconcilianda
933 301 1084 345 peccata
1101 291 1240 341 populi,

293 380 386 416 rima
401 374 510 412 nimis
522 370 625 416 hujus
641 366 727 412 legis
743 364 778 399 in
796 361 940 397 Christo
959 365 1157 404 exponens.
1176 352 1249 389 Sed
1266 351 1343 398 jam

293 445 378 478 sunt
407 442 443 473 et
461 431 650 481 quaerenda
671 424 856 471 sequentia
891 430 1007 456 :nam
1039 427 1125 454 ecce
1159 413 1346 461 legislator

294 503 479 547 peccatum
495 493 606 539 ipsius
621 484 819 525 sacerdotis
837 485 1029 530 peccatum
1043 475 1165 523 populi
1186 472 1345 520 appella-

294 560 361 602 vit,
385 557 466 603 quia
484 551 668 597 negligens
699 543 880 582 sensibilis
901 540 1083 582 sacerdos,
1103 542 1167 573 aut
1189 543 1346 582 peccans

295 619 370 664 ipse
396 619 456 651 aut
487 621 558 648 non
578 607 764 645 vindicans
793 604 830 639 in
854 600 1125 649 peccatoribus,
1149 595 1251 632 illicit
1286 602 1348 629 eos

295 682 355 729 qui
371 679 476 716 rudes
501 679 583 712 sunt
601 672 646 708 ad
671 669 816 706 similia.
850 663 1092 711 Intelligibilis
1125 665 1247 696 autem
1281 665 1347 692 nec

294 744 371 790 ipse
396 742 581 788 peccatum
606 732 706 775 fecit,
733 739 801 766 nec
834 738 902 763 nos
927 725 986 762 vel
1005 733 1134 770 parum
1165 717 1344 766 neglexit;

297 805 358 852 qui
378 812 459 839 cum
480 800 556 846 lege
575 795 676 831 nobis
703 789 858 828 naturali
891 788 999 824 etiam
1034 784 1210 828 scriptam
1233 778 1346 819 dedit,

297 871 333 902 et
351 874 422 901 non
439 862 514 898 siue
533 854 749 896 testimonio,
768 852 860 887 sicut
875 849 926 884 ait
942 844 1089 886 Paulus,
1111 839 1350 883 semetipsum

298 923 451 969 reliquit.
486 917 742 954 Verumtamen
780 910 865 956 quia
899 908 978 943 haec
1002 903 1117 950 figura
1146 895 1351 943 coaptanda

297 991 351 1022 cst
370 985 406 1020 in
424 981 582 1021 Christo,
604 973 802 1013 secundum
820 969 917 1016 quod
946 963 1118 1014 possibile
1138 967 1209 1003 est,
1230 966 1270 994 ut
1287 965 1353 1002 per

297 1045 418 1083 omnia
436 1040 603 1088 imaginis
622 1034 849 1073 consumitur
869 1030 983 1071 color,
1012 1027 1082 1062 hoc
1100 1021 1198 1069 quod
1218 1020 1354 1055 dictum

299 1112 354 1143 est
380 1102 578 1141 secundum
596 1098 693 1144 quod
712 1096 859 1141 dignum
879 1095 935 1126 εει
966 1086 1111 1123 Christo
1138 1077 1355 1126 intelligibili

301 1163 477 1202 sacerdoti
493 1161 665 1196 debemus
684 1155 859 1199 accipere.
881 1151 919 1186 Si
942 1149 1037 1185 enim
1057 1145 1121 1181 Dei
1139 1139 1355 1187 longanimi-

301 1230 376 1260 tate
393 1232 466 1259 non
490 1218 643 1255 volentis
670 1219 898 1262 peccatorem
916 1208 1071 1255 perdere
1095 1205 1229 1240 abusus
1248 1201 1354 1236 fucrit
1373 1198 1405 1237 Β
1425 1194 1514 1228 etius
1529 1191 1586 1227 tab

302 1284 396 1330 quis,
438 1280 578 1316 videtur
608 1277 659 1313 illi
696 1276 789 1310 Deus
821 1272 1008 1308 licentiam
1046 1269 1135 1303 dare
1167 1262 1355 1312 peccandi,

304 1348 450 1390 propter
468 1340 564 1388 quod
590 1337 701 1374 lsaias
734 1336 783 1371 ait
804 1346 812 1368 :
836 1333 953 1376 Quare
990 1339 1108 1366 errare
1133 1338 1195 1362 nos
1229 1323 1357 1371 fecisti,

301 1405 464 1446 Domine,
482 1401 524 1436 de
539 1400 600 1436 viis
623 1398 705 1441 tuis,
722 1395 896 1432 indurasti
911 1403 971 1427 cor
989 1396 1146 1426 nostrum
1167 1399 1207 1422 ne
1227 1387 1359 1421 timere-

302 1475 379 1499 mus
410 1459 584 1508 te?(1sa.
618 1456 736 1503 thu.)
770 1455 937 1490 Habacuc
971 1452 1081 1487 etiam
1111 1447 1243 1485 similia
1270 1456 1359 1491 quo-

305 1521 493 1558 dammodo
521 1518 698 1565 queritur,
718 1514 834 1558 Quare
853 1523 920 1548 non
942 1511 1083 1557 respicis
1110 1519 1214 1555 super
1243 1506 1360 1552 inique

304 1586 498 1629 aqentes,et
509 1586 613 1621 taces,
628 1578 810 1612 devorante
827 1574 932 1619 impio
944 1572 1129 1616 justiorem
1145 1580 1194 1611 se,
1210 1567 1359 1611 etfacies

306 1642 460 1676 homines
475 1639 575 1685 quasi
591 1637 700 1683 pisces
716 1634 841 1675 maris,
852 1639 882 1667 et
901 1632 1001 1677 quasi
1013 1628 1132 1674 reptile
1150 1639 1219 1662 non
1231 1627 1361 1661 habens

309 1699 525 1747 principem?
541 1697 588 1744 (H
593 1696 691 1731 abac.
707 1694 750 1741 ι.)
766 1694 900 1738 Aperte
915 1701 1001 1738 ergo
1021 1689 1164 1726 videtur
1178 1687 1362 1733 legislator

312 1762 414 1797 illum
431 1758 651 1796 sacerdotem
682 1754 885 1800 significare
909 1753 967 1788 cui
990 1751 1125 1787 dictum
1146 1755 1201 1786 est
1223 1761 1231 1783 t
1255 1748 1307 1783 Tu
1327 1758 1361 1782 es

308 1822 468 1859 sacerdos
482 1821 518 1856 in
530 1826 697 1856 aeternum
711 1816 902 1853 secundum
915 1814 1073 1851 ordinem
1090 1810 1361 1853 Melchisedech,

307 1893 389 1919 eum
406 1882 467 1928 qui
484 1891 505 1916 a
522 1880 630 1916 Patre
645 1883 774 1915 unctus
790 1882 859 1920 est,
879 1876 925 1912 ad
942 1885 1050 1921 quem
1066 1873 1182 1909 David
1198 1872 1360 1908 dicebat:

309 1944 415 1980 Sedes
445 1949 520 1986 tua,
544 1941 654 1983 Deus,
674 1941 712 1975 in
727 1938 897 1975 soeculum
917 1935 1051 1977 saeculi,
1075 1935 1173 1979 virqa
1195 1939 1289 1967 recta
1314 1937 1364 1967 est

309 2005 404 2050 virqa
419 2002 514 2048 reqni
530 2002 595 2043 tui,
611 1998 765 2034 dilexisti
775 1996 954 2043 justitiam
968 2000 1000 2029 et
1013 1993 1117 2029 odisti
1129 1992 1363 2038 iniquitatem,

313 2067 495 2108 propterea
511 2060 611 2095 unxit
632 2064 664 2093 te
693 2058 788 2092 Deus
811 2056 906 2092 Deus
925 2061 1005 2090 tuus
1027 2052 1141 2100 (Psat.
1164 2052 1276 2100 κων).
1299 2051 1365 2087 Hic

312 2132 396 2167 ergo
430 2130 495 2166 pro
517 2118 676 2166 peccatis
703 2116 839 2153 nostris
870 2115 1123 2152 convenienter
1145 2113 1365 2150 sacrificium
1385 2105 1414 2147 C
1436 2109 1473 2145 in
1493 2108 1604 2145 coelos
1622 2106 1796 2143 ascendit.
1818 2104 1978 2140 Probant
2002 2108 2125 2138 autem
2154 2099 2343 2146 sequentia
2364 2110 2372 2133 ε
2393 2098 2509 2134 Cum-2

314 2181 456 2223 obtulit,
476 2181 518 2216 dc
532 2190 602 2226 quo
620 2178 753 2214 Paulus
781 2176 941 2212 Hebraeis
961 2175 1085 2211 scribit
1105 2187 1113 2210 z
1137 2173 1194 2210 Sic
1213 2180 1244 2209 et
1261 2173 1365 2209 Chri-

315 2254 388 2284 stus
406 2245 508 2282 semel
524 2244 659 2279 oblatus
676 2243 721 2278 ad
740 2241 928 2277 multorum
950 2239 1190 2276 exhaurienda
1209 2244 1367 2285 peccata,

318 2306 468 2343 secundo
500 2306 574 2341 sine
595 2310 733 2351 peccato
754 2301 934 2349 apparebit
953 2301 1232 2347 exspectantibus
1265 2312 1300 2336 se
1331 2301 1368 2337 in

314 2366 462 2402 salutem
497 2364 619 2413 (Hebr.
647 2364 715 2411 rx).
741 2363 874 2400 Offeret
897 2368 1019 2399 tamen
1052 2373 1092 2400 sc
1123 2373 1188 2408 pro
1219 2368 1369 2408 peccato

315 2437 393 2470 suo,
414 2425 510 2461 LXX
547 2430 667 2460 autem
697 2424 846 2467 addunt,
867 2424 960 2470 quod
977 2424 1144 2470 peccavit.
1175 2423 1368 2459 Peccatum

314 2492 432 2523 autem
450 2485 541 2532 ejus,
575 2486 668 2522 sicut
692 2485 754 2531 qui
786 2484 897 2520 semel
933 2484 1019 2520 illud
1053 2485 1090 2519 in
1125 2494 1164 2520 se
1196 2484 1367 2530 suscepit,

314 2552 477 2583 nostrum
495 2551 684 2592 peccatum
701 2545 852 2587 dicitur;
870 2544 964 2580 unde
984 2549 1020 2580 et
1039 2543 1172 2580 Paulus
1192 2544 1335 2580 dicebat
1357 2555 1365 2578 :

317 2604 545 2643 obsecramus
564 2617 626 2653 pro
659 2604 796 2641 Christo
820 2604 1039 2640 reconciliari
1058 2604 1144 2647 Deo,
1164 2611 1196 2640 et
1223 2606 1282 2652 qui
1310 2616 1369 2640 ne-

317 2666 445 2701 sciebat
464 2671 655 2711 peccatum,
689 2670 867 2710 peccatum
903 2675 965 2710 pro
987 2664 1084 2699 nobis
1106 2666 1186 2710 tecit
1205 2664 1261 2711 (ΙΙ
1285 2663 1366 2700 Gor.

316 2725 369 2772 v).
399 2724 558 2761 vitulum
577 2729 697 2760 autem
725 2725 994 2760 immaculatum
1012 2726 1179 2769 Domino,
1201 2726 1369 2763 videlicet

317 2785 430 2829 Patri,
445 2784 571 2821 offeret
585 2794 732 2820 carnem
746 2794 869 2827 suam;
887 2784 1156 2820 immaculatum
1172 2796 1270 2829 vero,
1286 2786 1370 2832 quia

318 2850 497 2888 peccatum
517 2854 586 2879 non
603 2843 695 2889 fecit,
713 2853 774 2878 nec
795 2843 895 2878 dolus
915 2843 1072 2879 inventus
1093 2850 1141 2879 est
1158 2845 1195 2879 in
1215 2857 1273 2879 ore
1293 2846 1370 2891 ejus

322 2902 357 2948 (l
387 2901 483 2937 Petr.
500 2901 558 2949 n).
579 2901 723 2938 vitulus
743 2908 864 2938 autem
884 2909 939 2938 est
957 2903 1040 2948 quia
1060 2903 1097 2938 in
1116 2913 1223 2939 cruce
1240 2904 1372 2938 intelli-

321 2962 448 3010 gibiles
463 2967 605 2998 nostros
621 2962 787 2998 inimicos
802 2963 1000 2999 ventilavit.
1021 2963 1123 3007 Quod
1138 2969 1258 2999 autem
1273 2963 1370 2999 Lxx

321 3021 466 3058 vitulum
493 3022 535 3057 de
564 3022 668 3057 bobus
699 3022 834 3070 legunt,
854 3023 935 3059 ideo
965 3023 1205 3069 intelligemus
1235 3025 1370 3060 dictum
1386 3008 1422 3047 D
1439 3021 1476 3056 in
1506 3020 1647 3055 domum
1665 3020 1729 3056 Dei
1750 3021 1965 3056 introeamus
1981 3031 2060 3056 cum
2073 3031 2163 3067 puro
2179 3018 2283 3055 corde
2299 3019 2337 3054 in
2355 3014 2473 3062 satias*

322 3082 368 3119 de
394 3081 524 3125 bobus,
556 3082 641 3127 quia
660 3082 854 3119 secundum
872 3093 1019 3118 carnem
1046 3093 1091 3119 ex
1108 3085 1272 3130 patribus
1303 3084 1371 3121 suit

322 3143 383 3189 qui
413 3142 458 3179 de
473 3142 580 3190 Legis
598 3143 812 3179 exstiterant
825 3140 966 3188 justitia
983 3142 1142 3190 gloriosi.
1166 3144 1235 3180 Ubi
1250 3150 1371 3180 autem

322 3203 451 3241 offeret
485 3204 652 3248 vitulum,
673 3204 791 3247 idest,
816 3214 963 3240 carnem
991 3205 1117 3240 suam?
1151 3204 1206 3241 Ad
1238 3206 1371 3242 ostium

321 3263 547 3301 tabernaculi
578 3263 775 3301 testimonii
807 3274 929 3300 coram
965 3263 1130 3307 Domino,
1164 3265 1209 3300 ad
1238 3265 1372 3300 ostium

326 3326 471 3373 quidem
499 3330 540 3362 ut
558 3324 776 3362 sacrificium
795 3323 930 3361 Christi
962 3324 1160 3361 secundum
1190 3324 1374 3362 doctrinas

323 3391 361 3422 et
393 3387 603 3425 traditiones
634 3386 879 3433 apostolorum
895 3383 1032 3425 factum
1062 3387 1175 3423 fuisse
1194 3387 1370 3435 intelliga-

324 3455 422 3489 mus,
435 3447 501 3483 has
517 3447 614 3483 enim
632 3455 713 3484 esse
739 3447 832 3484 ostia
854 3448 1072 3485 tabernaculi
1092 3448 1292 3485 testimonii
1309 3458 1372 3484 su-

325 3505 449 3552 perius
483 3507 717 3551 ostendimus,
749 3512 790 3543 ut
823 3512 908 3554 pote
943 3508 989 3545 ad
1019 3507 1151 3545 coelum
1185 3508 1375 3545 introitum

326 3565 538 3611 praebentia,
556 3567 652 3613 quod
667 3568 940 3606 tabernaculum
957 3573 1015 3608 est
1040 3570 1250 3614 testimonii,
1267 3569 1374 3606 habi-

326 3630 406 3662 tare
434 3627 531 3664 enim
555 3627 615 3664 hic
629 3682 633 3686 ι
648 3628 685 3664 in
719 3619 969 3667 tabernaculo⁸
993 3630 1191 3668 testimonii
1227 3631 1376 3668 docetur

331 3691 439 3734 atque
473 3688 658 3746 probatur.
688 3688 806 3744 „Habet
838 3691 934 3727 enim
963 3691 1076 3729 isaias
1107 3679 1375 3740 apertissimam

330 3746 527 3784 munerat
547 3748 800 3806 probationem
823 3742 952 3788 dicens
979 3763 989 3787 :
1019 3750 1090 3795 Qui
1107 3753 1262 3789 extendit
1282 3750 1375 3790 velut

331 3802 480 3839 muitum
505 3804 620 3848 mus,
637 3811 670 3843 et
694 3802 861 3854 mandit
890 3820 951 3846 eos
988 3809 1090 3847 sicut
1106 3798 1372 3849 iabou-mittum

335 3919 356 3938 0

728 228 767 264 B.
796 220 968 262 RABANI
993 217 1141 258 MAURI
1162 209 1382 253 ARCmEP.
1407 203 1619 246 MOGUNT.
1646 197 1839 240 OPERUM
1863 194 1986 233 PARS
2008 191 2037 228 1.

1259 290 1342 337 plu-
1362 291 1399 332 Α
1413 285 1460 322 ad
1483 280 1752 320 inhabitandum
1772 277 1863 326 (Isa.
1894 272 1968 320 xz).
1991 270 2123 306 Coram
2140 264 2299 303 Domino
2333 270 2472 308 autem,

2398 187 2473 224 272

1414 347 1499 393 quia
1527 342 1741 390 inspiciente
1772 338 1882 374 Patre
1901 328 2221 371 consummabatur
2244 324 2364 362 crucis
2391 334 2472 371 my·
2536 358 2540 383 ξ

1414 406 1579 449 sterium,
1598 404 1635 439 in
1658 405 1799 438 tantum
1819 402 1859 434 ut
1885 395 1996 431 etiam
2012 387 2203 437 aspicienti
2225 386 2354 432 utique
2373 382 2477 421 Patri

1415 468 1556 504 diceret
1583 464 1760 501 Dominus
1780 471 1789 496 ε
1808 458 1930 500 Ραιεν,
1965 455 2003 489 in
2019 462 2145 488 manus
2178 455 2258 486 tuas
2273 446 2476 485 commendo

1416 529 1577 576 spiritum
1605 536 1720 561 meum
1739 522 1840 571 (Luc.
1858 516 1981 565 xxm).
2001 515 2144 551 Ponere
2163 517 2284 549 autem
2299 519 2382 547 eum
2401 518 2478 545 ma-

1416 601 1504 626 num
1519 598 1628 633 super
1648 590 1757 632 caput
1775 581 1894 624 vituli,
1916 584 1953 615 et
1967 576 2135 625 jugulare
2152 574 2307 610 vitulum
2336 580 2478 618 praece-

1416 651 1482 697 pit.
1502 649 1616 686 Nemo
1635 647 1733 684 enim
1747 645 1848 681 illum
1867 640 2009 683 obtulit,
2033 638 2098 675 sed
2115 647 2184 673 nec
2205 634 2395 671 immolare
2415 643 2480 680 po·
2537 652 2540 654 -

1418 715 1526 753 terat,
1547 708 1617 744 nisi
1642 706 1879 751 semetipsum
1900 703 1978 748 ipse
2008 700 2053 737 ad
2072 697 2285 745 patiendum
2305 694 2480 731 tradidis-
2538 723 2540 725 .

1418 777 1488 814 set,
1509 773 1657 816 propter
1675 766 1773 812 quod
1807 773 1880 800 non
1914 762 2032 799 solum
2072 757 2243 795 dicebat:
2268 754 2483 791 Potestatem
2538 744 2540 746 ’

1419 832 1528 869 1ιαὺεο
1559 829 1708 874 ponendi
1741 828 1897 863 animam
1918 833 2044 865 meam,
2082 826 2114 857 et
2141 823 2344 866 potestatem
2374 815 2483 851 habeo
2535 861 2540 874 Ι

1419 894 1547 929 iterum
1576 889 1736 926 sumendi
1763 898 1839 923 eam
1861 885 1898 931 (J
1902 897 1981 920 oan.
2019 882 2070 931 x),
2091 882 2157 918 sed
2177 885 2215 915 et
2242 877 2482 925 praeveniens,
2533 878 2540 926 J

1422 952 1657 997 semetipsum
1685 949 1723 984 in
1757 957 1860 984 coena
1885 943 2132 992 apostolorum
2159 938 2373 977 immolavit.
2395 936 2486 981 Quia
2535 939 2540 942 “

1423 1013 1520 1049 ειιὶιιι
1546 1013 1590 1048 de
1608 1009 1784 1057 sanguine
1816 1008 1852 1043 in
1871 1003 2105 1042 tabernaculo
2125 998 2325 1038 testimonii
2351 997 2486 1040 intulit,
2535 989 2540 996 '

1425 1074 1530 1109 docet
1551 1071 1685 1107 Paulus
1714 1069 1759 1104 ad
1788 1068 1960 1104 Hebraeos
1981 1065 2106 1101 dicens
2127 1074 2137 1097 ε
2161 1062 2320 1097 Christus
2338 1059 2487 1095 existens
2534 1069 2540 1096 ε

1425 1132 1584 1180 pontifex
1622 1131 1824 1177 futurorum
1859 1128 2030 1162 bonorum
2050 1135 2110 1171 per
2139 1121 2291 1169 amplius
2318 1127 2350 1156 et
2378 1119 2492 1166 perse·-

1589 1189 1795 1226 ernaculum
1808 1198 1877 1222 non
1892 1185 2153 1230 manufactum,
2169 1182 2206 1216 id
2221 1187 2286 1223 est,
2302 1191 2369 1214 non
2385 1178 2491 1224 hujus
2534 1166 2540 1186 ¹

1429 1254 1629 1295 creationis,
1661 1262 1721 1286 nec
1756 1261 1817 1297 per
1851 1247 2058 1293 sanquinem
2086 1250 2269 1279 taurorum
2304 1246 2336 1276 et
2363 1238 2493 1275 vitulo·
2533 1243 2540 1257 ¹

1427 1327 1523 1358 rum,
1544 1314 1603 1350 sed
1633 1323 1693 1359 per
1715 1310 1895 1358 proprium
1916 1306 2124 1353 sanquinem
2151 1303 2306 1339 introivit
2332 1299 2437 1336 semel
2456 1299 2494 1335 in
2530 1294 2540 1356 j

1427 1382 1561 1418 sancta,
1591 1382 1723 1410 (eterna
1759 1370 1993 1416 redemptione
2029 1367 2169 1402 inventa
2195 1363 2301 1410 (Heb.
2347 1361 2413 1408 ιιι).
2449 1360 2494 1396 Et
2528 1358 2540 1391 l

1428 1447 1555 1475 rursus
1579 1448 1586 1471 :
1608 1434 1729 1481 Neque
1759 1433 1906 1469 enimin
1931 1428 2139 1474 manufacta
2168 1431 2290 1462 sancta
2315 1425 2495 1470 inqressus
2534 1444 2540 1474 .'

1429 1507 1478 1535 est
1496 1498 1654 1535 Christus
1691 1496 1842 1541 formam
1870 1488 2138 1534 verorum-sed
2170 1489 2207 1522 in
2231 1487 2344 1532 ipsum
2373 1483 2496 1519 coelum
2530 1491 2540 1522 ·,

1430 1561 1475 1597 ad
1501 1557 1753 1596 ostendendum
1784 1566 1819 1591 se
1854 1553 1965 1589 vultui
2001 1551 2066 1587 Dei
2095 1560 2158 1595 pro
2185 1547 2298 1583 nobis.
2322 1545 2388 1582 Hic
2409 1554 2496 1591 ergo
2524 1555 2540 1567 ⁴⁴

1430 1620 1705 1658 tabernaculum
1721 1614 1920 1653 testimonii
1936 1612 2082 1655 coelum,
2102 1610 2234 1657 quippe
2253 1608 2340 1655 quia
2355 1608 2391 1644 in
2419 1607 2497 1652 ipso
2525 1622 2540 1650 ς

1431 1682 1598 1718 habitare
1633 1680 1747 1717 Deum
1771 1676 1958 1723 propheta:
1993 1671 2177 1709 testificat»
2206 1675 2290 1706 sunt
2323 1667 2499 1714 intelliga-
2527 1661 2540 1698 Ξ

1431 1750 1514 1778 ιιιιιε
1535 1754 1542 1776 z
1565 1741 1635 1784 Qui
1649 1739 1784 1775 habitat
1800 1738 1838 1772 in
1856 1735 1963 1779 coelis,
1980 1734 2111 1780 inquit,
2131 1731 2290 1767 irridebit
2307 1741 2364 1766 eos
2381 1727 2495 1777 (Psal.
2530 1730 2540 1767 Ξ

1433 1803 1489 1850 ιι),
1510 1808 1559 1845 ει,
1586 1801 1700 1836 Nemo
1733 1797 1888 1833 ascendit
1922 1797 1959 1830 in
1995 1795 2118 1830 coelum
2151 1794 2218 1830 nisi
2236 1793 2296 1840 qui
2321 1791 2500 1827 descendit
2522 1765 2540 1808 ἓ

1434 1863 1476 1897 de
1495 1861 1578 1896 coelo
1601 1860 1722 1907 (Joan.
1758 1856 1831 1903 ιιι),
1860 1855 2077 1902 Unigenitus
2106 1855 2151 1890 de
2179 1854 2375 1900 semetipso
2409 1851 2501 1890 dixit

1434 1921 1653 1959 hominibus.
1674 1919 1727 1954 lbi
1742 1916 1953 1964 sanguinem
1974 1914 2188 1957 introduxit,
2205 1914 2291 1959 quia
2309 1912 2500 1949 cicatrices

1434 1990 1584 2029 portans
1615 1979 1839 2026 passionum,
1870 1987 1890 2012 a
1910 1975 2065 2012 mortuis
2102 1977 2318 2016 resurrexit,
2340 1974 2436 2010 unde
2462 1976 2501 2008 et

1437 2056 1542 2083 suum
1563 2055 1694 2090 corpus
1712 2042 1932 2089 palpandum
1957 2040 2104 2076 Thomae
2123 2038 2293 2086 praebuit,
2316 2042 2426 2084 atque
2449 2037 2500 2073 ita

1435 2182 1500 2218 que
1513 2168 1695 2204 intinxerit
1714 2167 1863 2213 diqitum
1881 2165 1918 2200 in
1945 2164 2129 2210 sanquine,
2149 2166 2307 2208 asperqet
2330 2159 2372 2195 de
2390 2170 2429 2195 eo
2447 2169 2477 2194 s
2495 2192 2498 2195 ,

1435 2231 1522 2278 pties
1541 2239 1659 2264 coram
1685 2227 1836 2262 Domino
1867 2231 1990 2260 contra
2009 2222 2122 2259 velum
2143 2220 2351 2258 sanctuarii.
2376 2217 2511 2262 Multis„

1436 2290 1643 2328 nominibus
1665 2298 1810 2324 carnem
1831 2285 1974 2322 Domini
2001 2283 2172 2330 appellat,
2207 2282 2293 2328 quia
2313 2286 2350 2317 ει
2367 2279 2508 2316 multa

1436 2351 1664 2398 operationes
1697 2347 1874 2394 implevit,
1896 2347 1991 2382 uude
2011 2351 2048 2381 et
2076 2346 2154 2391 ipse
2189 2343 2365 2379 Dominus
2392 2340 2509 2386 moda,

1437 2411 1582 2458 quidem
1620 2409 1854 2455 semetipsum
1904 2405 2136 2450 sacrificium,
2181 2404 2288 2439 modo
2324 2407 2465 2448 pastore
2490 2424 2498 2439 ,v

1438 2472 1539 2520 (Luc.
1554 2471 1621 2518 xi).
1640 2470 1777 2505 Deinde
1791 2478 1918 2504 rursus
1927 2468 2085 2510 vitem,et
2094 2475 2220 2511 panem
2237 2464 2332 2506 vitae,
2351 2473 2465 2509 qranu
2485 2494 2487 2496 .

1437 2535 1543 2571 tritici
1574 2532 1695 2581 (Joan.
1724 2541 1784 2575 xv,
1806 2540 1856 2574 vr,
1877 2528 1961 2575 xu),
1990 2531 2195 2574 opportune
2225 2522 2487 2570 dispensatori·v

1436 2597 1558 2634 verbis
1594 2595 1742 2631 varians
1779 2603 1864 2629 suas
1902 2590 2166 2638 appellationes
2206 2586 2418 2623 nominavit.

1437 2668 1534 2695 nunc
1561 2667 1648 2705 ergo
1679 2656 1800 2693 velum
1820 2654 1898 2699 ejus
1915 2663 2062 2689 carnem
2081 2650 2296 2697 appellavit;
2322 2639 2459 2684 vdubita

1437 2720 1532 2755 enim
1553 2719 1622 2755 hoc
1649 2728 1721 2754 non
1752 2726 1959 2764 possumus,
1991 2713 2103 2749 Paulo
2131 2712 2177 2748 ad
2209 2710 2477 2758 explanatione

1436 2782 1545 2828 hujus
1563 2780 1727 2827 mysterii
1745 2779 1892 2815 dicente
1925 2789 1934 2813 ε
1963 2776 2140 2812 Habentes
2159 2774 2287 2822 fratres
2317 2772 2454 2818 confide

1438 2842 1524 2878 tiam
1555 2841 1592 2875 in
1626 2840 1810 2874 introitum
1839 2843 2043 2874 sanctorum
2075 2837 2114 2872 in
2143 2835 2315 2882 sanquine
2353 2832 2455 2869 Chris
2482 2866 2484 2868 ,

1438 2911 1543 2947 quam
1576 2900 1727 2935 initiavit
1761 2899 1860 2935 nobis
1894 2899 1985 2935 viam
2021 2909 2163 2942 novam,
2186 2904 2219 2933 et
2247 2897 2416 2932 viventem
2439 2906 2480 2942 pr·

1439 2961 1609 3004 velamen,
1627 2961 1664 2995 id
1678 2966 1743 3004 est,
1761 2972 1901 2996 carnem
1915 2971 2033 3004 suam,
2053 2966 2087 2996 et
2100 2958 2318 2996 sacerdotem
2333 2966 2462 3003 maqnu

1441 3082 1553 3118 ctione
1578 3082 1662 3128 fidei
1678 3081 1803 3130 (Hebr.
1824 3081 1879 3129 x),
1899 3088 2093 3128 propterea
2113 3087 2150 3118 et
2167 3079 2363 3118 sanctuarii
2378 3077 2437 3114 vel
2472 3100 2474 3104 ι

1442 3143 1661 3190 appellatum
1675 3148 1743 3186 est,
1759 3143 1911 3188 figuram
1925 3143 2058 3189 quippe
2076 3142 2198 3179 carnis
2216 3140 2341 3178 Sancti
2355 3148 2444 3176 sanc
2468 3154 2471 3163 =

1442 3213 1522 3239 rum
1537 3203 1696 3248 gerebat.
1715 3202 1807 3246 Quia
1825 3211 1912 3248 ergo
1930 3202 2063 3249 digitus
2083 3202 2148 3238 Dei
2167 3198 2284 3238 virtus
2309 3199 2387 3246 ejus
2404 3197 2441 3235 di
2452 3212 2465 3231 ν,

1443 3270 1515 3306 tur,
1538 3264 1794 3300 convenienter
1811 3263 1966 3310 digitum
1994 3264 2031 3298 in
2047 3264 2258 3310 sanguinem
2278 3261 2436 3310 intingit,
2457 3276 2470 3290 w

1444 3325 1655 3362 ostendatur
1681 3325 1766 3370 quia
1797 3324 1985 3368 passiones
2006 3326 2128 3360 carnis
2144 3325 2343 3362 Dominicae
2361 3324 2448 3361 virt

1444 3384 1643 3422 divinitatis
1675 3389 1766 3420 actae
1783 3389 1880 3420 sunt.
1898 3383 1991 3420 Nam
2017 3385 2198 3430 quomodo
2213 3389 2384 3431 poterant
2434 3399 2438 3414 e
2460 3398 2464 3412 ι

1444 3451 1532 3482 tunc
1547 3445 1641 3490 fieri,
1660 3445 1697 3481 id
1715 3449 1785 3488 est,
1802 3443 1889 3480 solis
1904 3454 2084 3490 recessus,
2106 3450 2348 3489 terraemotus,
2369 3445 2445 3482 sc'

1443 3513 1644 3556 petrarum,
1680 3511 1717 3542 et
1743 3505 1898 3543 similia?
1925 3505 1993 3543 Hic
2017 3516 2104 3554 ergo
2135 3507 2268 3544 virtute
2297 3506 2448 3544 divinist

1444 3568 1651 3615 passionem
1679 3566 1897 3614 suscipiens,
1923 3568 2079 3613 aspersit
2105 3568 2252 3614 quidem
2281 3556 2386 3606 suam
2428 3589 2454 3608 ν,

1443 3640 1550 3675 norm
1571 3628 1728 3677 aspersit
1745 3633 1867 3666 autem
1899 3629 2049 3676 septies,
2077 3629 2164 3676 quia
2189 3620 2264 3677 prov
2304 3641 2351 3660 πμ

1443 3691 1514 3730 hoc
1529 3693 1776 3738 peccatorum,
1795 3693 1832 3725 et
1842 3697 1911 3735 pro
1923 3689 2231 3728 subministrando
2245 3678 2361 3727 nolis
2376 3697 2391 3718 :⁴
2408 3679 2437 3717 1⁵

1444 3751 1584 3800 Spiritu
1612 3751 1713 3796 tecit,
1731 3743 1940 3799 ‘utrumque
1959 3752 2056 3790 enim
2086 3736 2371 3800 praeimus?
2395 3734 2397 3737 ¹

1441 3810 1630 3851 consuevit
1647 3807 1832 3850 numerus.
1859 3811 1954 3857 Quia
1969 3817 2091 3851 autern
2116 3795 2336 3880 sanctifi&
2354 3794 2375 3855 (ᾗ
2401 3809 2405 3813 “

2206 3862 2226 3894 q
2262 3856 2339 3883 eod)
2352 3858 2367 3874 ⁹·
2414 3854 2421 3871 r
