2540 4016
0 48 18 56 ἱ
0 0 26 35 ν’]

43 0 60 28 ιι

784 152 827 192 0

40 232 49 257 ’-
68 227 138 265 6¹15

536 215 896 256 ENARRATIONES
921 215 966 252 ΙΝ
989 215 1165 252 LIBRUM
1190 212 1503 251 NUMERORUM.
1526 234 1574 241 —-
1598 217 1684 253 LIB.
1709 217 1753 253 11.

2168 226 2238 264 674

68 295 242 343 recipietis
274 298 415 342 peccata
439 297 552 328 vestra
581 289 815 338 quadraqinta
850 288 966 323 annis.
998 287 1123 323 Timeo
1141 290 1175 328 A
1192 286 1344 333 peccati.
1367 285 1454 330 Quae
1468 285 1500 321 si
1515 288 1636 322 omnia
1650 289 1774 324 videre
1785 292 1980 337 possimus,
1996 302 2034 333 et
2045 299 2242 339 vulneratae

67 367 155 403 ergo
177 355 338 403 mysterii
361 352 467 399 hujus
491 357 629 389 secreta
656 351 848 387 discutere.
878 348 992 385 Video
1025 349 1122 384 enim

69 419 168 465 quod
184 422 418 464 peccatorum
448 414 486 450 in
508 413 579 450 hoc
609 412 702 448 ratio
727 409 1058 456 comprehenditur,
1086 414 1124 444 et

68 489 274 526 paenarum.
310 477 350 514 Si
372 476 471 513 enim
503 474 699 520 unicuique
735 476 969 519 peccatorum
1006 480 1124 506 annus

70 539 268 575 ascribitur
286 537 332 573 ad
345 546 472 583 poenas
485 546 551 582 pro
564 535 673 571 unius
704 533 777 570 diei
804 536 965 580 peccato,
1001 536 1037 566 et
1068 540 1124 566 se-

72 599 228 635 cundum
243 598 422 633 rationem
441 597 581 633 dierum
598 594 728 641 quibus
743 599 928 640 peccatur,
948 602 1124 628 annorum

71 658 221 694 totidem
237 666 411 692 numerus
428 657 465 692 in
483 655 668 702 suppliciis
690 653 956 690 consumendus
972 657 1043 695 est,
1063 661 1126 687 ve-

71 730 157 757 reor
177 729 225 756 ne
241 718 338 755 forte
359 718 547 765 nobis-qui
576 716 738 763 quotidie
766 724 974 763 peccamus,
991 719 1028 750 et
1047 712 1126 749 nul-

69 780 146 817 lum
163 779 258 816 forte
273 779 359 815 vitae
378 779 626 815 nostrae-diem
644 779 781 823 absque
812 780 963 822 peccato
989 779 1128 809 transe-

70 843 202 889 gimus,
224 851 270 878 ne
283 841 360 887 ipsa
381 839 475 876 sorte
490 840 621 875 saecula
639 838 855 876 saeculorum
870 833 1031 871 sufficere
1045 842 1128 877 pos-

70 903 144 939 sint
162 903 208 938 ad
220 911 347 949 poenas
365 901 527 936 luendas.
549 900 588 936 ln
605 909 648 936 eo
666 899 763 934 enim
793 894 888 941 quod
902 892 1053 940 populus
1067 892 1127 928 illo

71 963 312 1010 quadraginta
329 962 471 998 dierum
491 961 638 1002 delicto,
667 957 904 1004 quadraginta
921 953 1025 988 annis
1044 963 1128 988 cru-

71 1025 187 1060 ciatur
206 1024 244 1060 in
260 1023 416 1064 deserto,
435 1030 502 1056 nec
523 1020 673 1056 Terram
691 1017 862 1053 Sanctam
876 1013 1035 1057 ,introire
1046 1022 1129 1058 per-

71 1085 243 1126 mittitur,
262 1081 476 1119 similitudo.
494 1079 658 1124 quaedam
698 1075 810 1112 futuri
838 1073 967 1121 judicii
985 1073 1129 1108 videtur

71 1144 225 1186 ostendi,
247 1142 310 1178 ubi
332 1145 565 1187 peccatorum
592 1138 687 1174 ratio
707 1135 935 1173 discutienda
969 1139 1037 1176 est,
1057 1133 1126 1169 nisi

1193 349 1323 384 animae
1339 348 1476 385 sentire
1494 347 1696 394 cicatrices,
1717 356 1855 387 certum
1875 359 1944 397 est,
1961 359 2056 400 quod
2069 371 2182 408 usque
2195 365 2243 402 ad

1192 417 1348 447 mortem
1366 412 1621 448 resisteremus
1633 413 1827 449 adversum
1846 421 2050 460 peccatum.
2080 419 2120 456 Si
2147 433 2244 463 nunc

1193 471 1288 508 sicut
1306 472 1344 507 hi
1360 473 1421 518 qui
1438 473 1495 509 vel
1507 474 1668 510 daemone
1684 473 1828 519 repleti,
1856 475 1915 511 vel
1943 482 2065 514 mente
2099 479 2248 521 alienati

1193 535 1290 575 sunt,
1311 542 1384 567 non
1403 534 1565 568 sentiunt
1584 533 1616 569 si
1645 533 1897 578 vulnerantur,
1921 536 2006 581 quia
2023 540 2248 579 naturalibus

1195 591 1360 629 sensibus
1383 598 1518 636 carent,
1538 593 1590 629 ita
1621 598 1658 629 et
1677 603 1743 630 nos
1759 594 1818 630 vel
1843 595 2104 641 cupiditatibus
2122 601 2244 637 saeculi

1195 659 1357 689 amentes
1376 652 1495 690 effecti
1508 654 1568 690 vel
1588 654 1772 698 inebriati,
1802 655 1937 692 sentire
1965 667 2038 694 non
2058 669 2252 704 possumus

1195 721 1329 761 quanta
1346 716 1512 760 vulnera,
1531 722 1686 763 quantas
1705 718 1944 755 contritiones
1958 720 2090 756 animae
2103 731 2256 767 peccan-

1197 777 1242 812 do
1255 777 1516 822 conquirimus.
1534 777 1580 813 Et
1594 778 1675 814 ideo
1689 779 2042 824 consequentissima
2062 781 2157 817 ratio
2183 788 2253 826 est,

1196 847 1326 882 poenae,
1342 837 1378 873 id
1398 842 1466 881 est,
1481 848 1578 874 curae
1593 848 1636 875 ac
1657 838 1910 875 medicationis
1926 845 2068 886 tempus
2083 842 2231 878 extendi
2244 853 2254 886 ;

1198 904 1234 934 et
1253 909 1319 945 per
1346 900 1627 945 unumquodque
1653 900 1783 936 vulnus
1821 911 1888 947 pro
1922 902 2098 947 qualitate
2123 903 2256 950 plagae,

1198 960 1366 995 medendi
1392 970 1536 1005 quoque
1565 960 1681 1006 spatia
1713 962 1921 1007 propagari.
1943 961 2003 998 Sic
2021 973 2107 1009 ergo
2124 969 2160 999 et
2194 963 2259 999 Dei

1198 1019 1352 1063 aequitas
1371 1030 1413 1055 ac
1431 1020 1634 1065 benignitas
1649 1020 1759 1056 etiam
1774 1021 1810 1056 in
1819 1021 1909 1067 ipsis
1925 1022 2055 1058 animae
2072 1023 2259 1069 suppliciis

1199 1079 1347 1115 evidens
1365 1079 1442 1122 fiat,
1457 1085 1498 1114 ut
1515 1080 1592 1114 haec
1607 1080 1771 1123 audiens,
1790 1081 1852 1126 qui
1869 1083 2035 1127 peccavit
2050 1083 2260 1128 resipiscat,

1201 1144 1238 1175 et
1256 1139 1348 1174 ultra
1363 1149 1435 1174 non
1452 1145 1589 1185 peccet.
1606 1139 1804 1177 Conversio
1822 1141 1919 1177 enim
1936 1141 1971 1177 in
1989 1143 2162 1188 praesenti
2186 1143 2261 1179 vita

71 1206 141 1243 erit
156 1205 275 1251 aliqua
289 1202 444 1238 sortasse
463 1200 574 1237 etiam
592 1200 770 1236 bonorum
793 1207 942 1244 operum
962 1205 1133 1241 compen·
1150 1185 1182 1224 Β
1201 1206 1237 1238 et
1251 1201 1466 1248 poenitentia
1482 1201 1669 1237 fructuosa
1698 1207 1799 1248 gesta
1828 1202 1984 1239 celerem
2015 1202 2178 1240 conseret,
2195 1204 2263 1240 hu-

71 1267 178 1310 satio,
199 1265 256 1301 vel
269 1265 379 1301 etiam
396 1273 537 1306 eorum,
556 1271 635 1308 quae
655 1261 691 1297 in
704 1261 779 1296 vita
800 1270 864 1296 sua
883 1259 1132 1304 unusquisque

72 1327 167 1364 mala
182 1326 324 1372 recipit,
338 1324 568 1361 utAbraham
584 1324 628 1360 de
640 1323 780 1358 Lazaro
794 1322 914 1358 docuit
927 1320 1027 1368 (Luc.
1039 1318 1129 1365 xvi).

73 1390 144 1426 Sed
163 1390 238 1426 haec
256 1388 375 1424 nullus
393 1393 450 1423 est
468 1396 575 1423 nosse
595 1386 638 1421 ad
660 1385 853 1431 integrum,
869 1383 937 1418 nisi
960 1382 1055 1418 illius
1075 1379 1133 1416 cui

72 1459 179 1487 omne
206 1449 384 1497 judicium
422 1447 531 1483 tradit
562 1446 683 1482 Pater.
719 1445 822 1489 Quod
843 1445 919 1481 dies
936 1443 1076 1489 peccati
1096 1441 1133 1476 in

73 1522 209 1547 annum
228 1520 337 1556 poena
351 1513 557 1554 reputatur,
579 1517 652 1542 non
670 1506 787 1542 solum
819 1506 855 1541 in
877 1507 946 1541 1100
966 1506 1072 1549 libro,
1096 1507 1134 1543 in

73 1582 145 1618 quo
166 1571 257 1606 nihil
275 1570 423 1606 omnino
442 1574 498 1605 est
518 1569 614 1614 quod
646 1568 803 1603 dubitari
827 1568 956 1613 possit,
975 1567 1136 1603 ostendi-

73 1638 150 1674 tur,
168 1631 229 1667 scd
248 1636 283 1666 et
302 1630 339 1665 in
356 1629 476 1666 libello
494 1629 669 1671 Pastoris,
693 1629 723 1663 si
741 1628 798 1664 cui
816 1634 935 1664 tamen
956 1628 1134 1674 scriptura

74 1691 286 1736 recipienda
302 1690 459 1733 videtur,
477 1689 608 1725 similia
630 1688 878 1734 designantur.
891 1687 963 1723 Sed
982 1687 1135 1724 sortasse

75 1750 206 1796 aliquis
227 1754 333 1796 neget
364 1749 519 1785 bonitati
550 1749 613 1785 Dei
650 1748 862 1790 convenire,
883 1755 923 1783 ut
945 1758 1011 1794 pro
1029 1747 1135 1784 unius

74 1813 147 1849 diei
162 1817 327 1858 peccato,
347 1821 481 1846 annum
495 1810 753 1856 suppliciorum
766 1810 953 1855 rependat.
972 1809 1043 1844 Sed
1061 1809 1135 1844 sor-

75 1879 175 1910 tasse
198 1872 328 1917 aliquis
350 1872 446 1907 dicet
466 1871 575 1907 etiam
597 1883 604 1904 ε
628 1870 667 1906 Si
691 1870 785 1906 diem
806 1879 871 1915 pro
905 1870 962 1905 (1ἰο
994 1870 1135 1912 reddat,

77 1933 246 1980 quamvis
276 1933 429 1980 justum,
460 1943 531 1968 non
568 1937 687 1967 tamen
723 1931 883 1967 clemens
914 1931 1056 1966 videtur
1076 1937 1137 1967 aut

72 1994 285 2040 benignum.
307 1993 401 2028 Audi
420 2002 505 2038 ergo
530 1991 667 2032 adhaee,
688 1992 718 2026 si
739 1991 830 2026 sorte
849 1991 1029 2036 possimus
1048 1990 1137 2027 diffi-

77 2052 250 2089 cultatem
268 2051 754 2096 reiexemplislucidioribus
771 2051 979 2097 explanare.
1001 2051 1039 2086 Si
1059 2051 1135 2086 vul-

77 2123 145 2149 nus
164 2112 308 2158 corpori
328 2111 523 2158 infligatur,
540 2117 601 2146 ant
616 2122 808 2147 nervorum
829 2112 1000 2158 J‘unctura
1022 2113 1135 2158 resol-

78 2179 198 2215 vatur,
232 2173 298 2208 sub
313 2172 422 2207 unius
442 2173 540 2207 hora:
561 2172 676 2217 spatio
697 2172 812 2218 ¹,liujus
839 2173 963 2208 mundi
988 2172 1138 2207 vulnera

83 2233 203 2271 solent
223 2233 436 2278 corporibus
456 2233 633 2274 accidere,
652 2238 688 2267 ct
705 2233 949 2278 postmodum,
972 2233 1140 2268 cruciati-

81 2293 150 2330 bus
174 2304 217 2329 ac
249 2293 433 2329 doloribus
451 2294 601 2336 exactis,
622 2294 734 2329 multo
751 2295 810 2329 vix
828 2299 987 2339 tempore
1004 2295 1137 2330 sanari.

84 2354 216 2399 Quanti
234 2355 329 2390 enim
347 2355 494 2391 timores
512 2355 548 2389 111
568 2355 661 2398 1000,
683 2362 818 2400 quanta
838 2361 1016 2390 tormenta
1035 2366 1142 2401 gene-

83 2419 226 2450 rantur.
243 2413 326 2449 13111
344 2425 432 2450 vero
450 2415 479 2450 si
497 2414 637 2450 accidat
653 2420 692 2450 ut
708 2415 742 2450 in
769 2416 894 2451 eodem
923 2415 1070 2451 vulnere
1086 2416 1142 2450 vel

82 2475 119 2512 in
136 2474 261 2511 eadem
282 2475 456 2518 fractura,
470 2476 601 2510 iterum
615 2481 650 2511 et
671 2476 799 2521 saepius
818 2476 898 2522 quis
916 2477 1140 2519 vulneretur,

84 2536 383 2582 frequentiusque
402 2536 604 2583 frangatur,
621 2537 766 2581 quantis
783 2537 853 2572 1100
871 2537 990 2582 poenis
1007 2537 1141 2580 curari,

88 2597 236 2643 quantis
253 2602 373 2642 potest
391 2596 612 2631 cruciatibus
646 2596 833 2637 medicari,
869 2602 1004 2641 quanto
1022 2602 1143 2631 autem

88 2662 266 2701 tempore,
280 2655 310 2690 si
328 2661 450 2689 tamen
466 2654 636 2698 potuerit,
655 2654 699 2688 ad
713 2654 904 2689 sanitatem
920 2654 1141 2699 perducitur.

87 2718 132 2753 Et
164 2718 223 2752 vix
252 2717 447 2763 aliquando
470 2717 519 2751 ita
539 2716 738 2759 curabitur,
773 2722 812 2752 ut
845 2717 902 2752 vel
923 2717 1144 2755 debilitatem

90 2778 267 2824 corporis,
298 2776 356 2812 vel
392 2776 593 2812 foeditatem
628 2776 808 2812 cicatricis
834 2775 992 2823 effugiat.
1016 2778 1145 2815 'l'ransi

90 2848 187 2874 nunc
206 2839 250 2875 ab
263 2837 427 2884 exemplo
445 2837 608 2883 corporis
630 2837 674 2872 ad
691 2837 819 2872 311101ῑο
838 2837 1000 2873 vulnera.
1015 2837 1144 2874 Anima

95 2899 240 2946 quoties
258 2903 402 2945 peccat,
427 2899 533 2934 toties
554 2898 831 2933 vulneraturAEt
845 2909 890 2934 ne
909 2899 1051 2934 dubites
1065 2910 1147 2945 pec-

93 2961 186 2998 catis
199 2969 280 2996 eam
296 2959 395 2995 velut
409 2958 491 2994 telis
501 2963 536 2994 et
550 2958 679 3004 gladiis
692 2957 886 3001 vulnerari,
899 2957 1145 3005 110111Αο0510-

90 3019 166 3056 lum
184 3024 391 3056 monentem
415 3030 423 3054 :
441 3018 617 3054 Assumite
636 3023 773 3053 scutum
789 3018 885 3063 fidei,
901 3020 939 3054 in
955 3030 1024 3066 quo
1037 3020 1147 3066 possi·
1163 3000 1199 3040 D

92 3081 135 3117 tis
145 3080 263 3116 omnia
279 3078 402 3125 jacula
417 3078 562 3125 maliym'
579 3079 680 3125 iqnea
698 3079 915 3125 exstinquere
927 3078 1067 3126 (Ephes.
1079 3079 1143 3128 vi).

95 3141 203 3179 Vides
213 3151 300 3187 ergo
308 3144 457 3186 peccata
473 3139 619 3186 maligni
629 3149 708 3175 esse
717 3139 837 3185 jacula
847 3150 927 3187 quae
944 3141 979 3176 in
989 3142 1146 3177 animam

92 3202 310 3247 diriguntur.
327 3200 468 3236 Patitur
482 3204 604 3236 autem
627 3200 747 3235 anima
781 3211 851 3235 non
869 3200 984 3236 solum
1000 3202 1148 3238 vulnera

90 3262 306 3308 jaculorum,
325 3261 389 3297 sed
403 3267 440 3297 et
458 3260 639 3297 fracturas
666 3261 810 3307 pedum,
844 3272 927 3298 cum
945 3263 1063 3308 laquei
1083 3274 1148 3310 03-

96 3327 223 3359 rantur
242 3322 394 3369 pedibus
413 3321 506 3368 ejus,
530 3328 567 3358 et
597 3322 875 3368 supplantantur
893 3333 1037 3369 gressus
1056 3323 1147 3369 ejus.

55 3381 181 3442 „flac
208 3391 294 3429 ergo
325 3387 362 3418 et
393 3382 598 3429 hujusmodi
624 3382 788 3426 vulnera,
826 3389 961 3429 quanto
987 3390 1151 3430 tempore

32 3452 35 3453 ’
95 3447 202 3491 putas
218 3452 324 3490 posse
341 3443 487 3479 curari?
505 3442 535 3479 Ο
551 3443 581 3479 51
594 3443 774 3490 possimus
791 3452 857 3489 per
870 3444 1153 3490 unumquodque

97 3510 284 3552 peccatum
302 3505 426 3542 videre
445 3505 624 3552 quomodo
643 3506 752 3542 homo
767 3510 892 3542 noster
907 3505 1058 3541 interior
1074 3506 1152 3541 vul-

99 3573 262 3612 neratur,
278 3569 458 3616 quomodo
475 3578 596 3606 sermo
615 3569 733 3605 malus
750 3568 882 3605 vulnus
910 3567 1051 3613 infligit.
1071 3566 1151 3603 Non

99 3627 238 3674 legistis
255 3629 390 3673 dicunt,
413 3623 498 3675 quia
529 3628 809 3679 vulneraverant
843 3627 966 3674 gladii,
998 3626 1061 3662 sed
1079 3635 1151 3661 non

101 3687 154 3724 ita
170 3692 211 3723 ut
228 3687 372 3735 lingua?
393 3689 612 3726 Vulneratur
643 3699 730 3735 ergo
757 3694 795 3724 et
810 3698 876 3735 per
892 3687 1053 3734 linguam
1070 3685 1151 3722 ani-

103 3757 184 3790 ma;
201 3746 411 3785 vulneratur
426 3754 464 3786 et
481 3759 549 3796 per
576 3749 815 3797 cogitationes
833 3754 871 3785 et
889 3749 1151 3797 concupiscen-

67 3830 70 3836 -
105 3808 174 3844 tias
193 3806 325 3852 malas;
345 3807 523 3857 [tangitur
543 3815 667 3849 autem
681 3815 718 3850 et
731 3810 947 3858 conteritur,
960 3820 1026 3859 per
1040 3820 1152 3858 opera

1154 2086 1182 2126 C

1195 1262 1354 1308 jusmodi
1374 1263 1586 1300 vulneribus
1601 1264 1833 1306 medicinam,
1850 1265 1934 1310 quia
1957 1266 2172 1310 poenitentia
2190 1277 2262 1303 non

1202 1324 1316 1361 solum
1327 1325 1457 1360 vulnus
1471 1326 1693 1371 praeteritum
1712 1331 1827 1368 sanat,
1850 1327 1910 1363 sed
1925 1333 1962 1362 ct
1978 1327 2073 1362 ultra
2104 1328 2274 1364 animam*

1200 1389 1351 1431 peccato
1371 1395 1443 1420 non
1472 1385 1556 1420 sinit
1579 1386 1774 1421 vulnerari.
1796 1385 1870 1421 Imo
1899 1391 1935 1422 et
1967 1386 2054 1423 illud
2094 1388 2261 1434 adjiciam

1201 1447 1302 1482 verbi
1322 1457 1431 1483 causa
1449 1461 1456 1482 :
1481 1446 1519 1482 Si
1542 1453 1712 1492 peccator
1728 1457 1821 1489 50111,
1860 1448 2025 1493 nunquid
2047 1450 2173 1484 eadem
2194 1449 2264 1485 erit

1202 1507 1289 1542 milii
1304 1516 1410 1553 poena
1426 1507 1454 1542 si
1473 1507 1585 1542 semel
1598 1507 1761 1552 peccavi,
1774 1517 1853 1551 quae
1868 1507 1945 1542 etsi
1962 1509 2120 1543 secundo
2135 1513 2171 1544 et
2191 1514 2265 1544 ter-

1203 1568 1268 1611 tio,
1286 1575 1322 1604 et
1341 1569 1370 1604 si
1393 1568 1619 1614 frequentius
1633 1569 1802 1613 peccem?
1821 1568 1899 1605 Non
1933 1569 1982 1604 ita
2002 1570 2086 1613 erit,
2110 1571 2172 1606 sed
2199 1580 2266 1616 pro

1202 1631 1324 1673 modo,
1347 1636 1383 1666 et
1401 1639 1567 1672 numero,
1592 1637 1627 1666 et
1650 1641 1820 1666 mensura
1837 1631 1991 1677 peccati,
2024 1632 2133 1667 etiam
2151 1643 2267 1678 poenae

1203 1692 1387 1736 quantitas
1402 1692 1580 1727 metienda
1602 1697 1671 1726 est.
1683 1691 1777 1726 Deus
1795 1691 1890 1727 enim
1906 1691 2004 1726 dabit
2018 1692 2122 1728 nobis
2134 1702 2267 1737 panem

1204 1751 1458 1798 lacrymarum,
1480 1758 1515 1786 et
1533 1751 1672 1796 potabit
1688 1761 1753 1787 nos
1768 1751 1805 1786 in
1822 1750 2008 1798 lacrymis,
2026 1753 2085 1787 sed
2106 1752 2142 1787 in
2162 1763 2265 1788 men-

1205 1822 1302 1847 sura.
1325 1811 1493 1847 Mensura
1514 1818 1635 1847 autem
1652 1812 1730 1847 haec
1747 1812 1830 1854 erit,
1849 1822 1958 1857 quam
1974 1812 2042 1848 sibi
2057 1812 2094 1848 in
2110 1813 2178 1849 hac
2194 1812 2269 1848 vita

1206 1873 1456 1919 unusquisque
1475 1873 1531 1907 vcl
1548 1872 1678 1918 majus,
1694 1872 1752 1908 vel
1788 1873 1944 1918 amplius
1967 1874 2151 1918 peccando
2170 1884 2268 1919 quae·

1206 1932 1323 1968 sierit.
1355 1932 1426 1967 Sed
1447 1937 1482 1967 et
1499 1932 1592 1967 calix
1611 1933 1647 1967 in
1672 1943 1779 1967 manu
1803 1933 1959 1976 Domini,
1979 1934 2053 1969 vini
2087 1934 2176 1969 meri
2192 1934 2266 1980 ple-

1206 2003 1272 2028 nus
1290 1992 1398 2027 misto
1416 1993 1548 2028 dicitur
1565 2003 1657 2028 csse.
1678 1992 1847 2028 Miscetur
1867 2004 1953 2039 ergo
1967 1994 2044 2029 sine
2060 1995 2168 2030 dubio
2186 1994 2266 2030 uni-

1206 2053 1336 2097 cuique
1358 2057 1392 2087 et
1408 2052 1469 2087 fiet
1484 2051 1661 2096 judicium
1680 2052 1770 2098 ejus,
1794 2063 1863 2088 non
1881 2053 1994 2088 solum
2011 2054 2055 2089 de
2069 2054 2174 2090 malis
2189 2065 2269 2100 quae

1210 2114 1334 2159 gessit,
1360 2114 1421 2149 sed
1458 2114 1567 2148 etiam
1587 2124 1631 2148 cx
1665 2114 1789 2155 bonis;
1814 2118 1986 2148 ettamen
2006 2124 2087 2148 cum
2116 2121 2270 2160 utraque

1212 2176 1448 2218 misceantur,
1460 2176 1519 2210 sex
1534 2175 1612 2222 ejus
1624 2186 1731 2221 quam
1749 2186 1815 2223 ego
1830 2181 1917 2222 puto
1932 2177 2108 2213 malorum
2130 2184 2269 2224 partem

1210 2235 1296 2277 dici,
1316 2246 1389 2270 non
1407 2236 1450 2270 ad
1472 2236 1655 2282 integrum
1675 2236 1918 2280 exinanietur,
1942 2237 2002 2273 sed
2016 2238 2107 2281 hacc,
2127 2244 2166 2274 ut
2184 2238 2276 2274 dixi-

1209 2308 1303 2339 mus,
1321 2298 1355 2332 in
1371 2308 1479 2333 manu
1498 2298 1560 2333 Dei
1578 2302 1675 2333 sunt.
1692 2297 1863 2332 Nostrum
1879 2303 1934 2333 est
1954 2303 2075 2333 301001
2092 2298 2135 2333 311
2152 2309 2274 2335 emen-

1211 2360 1394 2395 dationem
1416 2359 1524 2394 citius
1542 2359 1729 2400 festinare,
1747 2359 1791 2393 ad
1824 2358 2073 2403 poenitentiam
2099 2359 2178 2395 51110
2197 2359 2273 2395 dis-

1214 2420 1443 2455 simulatione
1459 2420 1635 2461 convcrti,
1647 2419 1768 2464 lugere
1785 2419 1980 2464 praeterita,
1992 2428 2120 2454 cavere
2136 2419 2271 2464 futura,

1215 2481 1384 2515 invocare
1406 2479 1579 2514 auxilium
1589 2478 1666 2514 Dei.
1691 2478 1822 2513 Statim
1838 2478 1935 2512 enim
1951 2483 1991 2513 ut
2005 2488 2204 2514 conversus
2221 2480 2256 2515 in

1216 2539 1412 2586 gemueris,
1430 2539 1550 2574 salvus
1569 2538 1654 2573 eris.
1678 2537 1842 2572 Invenies
1852 2536 1947 2572 enim
1966 2537 2194 2581 advocatum,
2212 2539 2274 2584 qui

1212 2610 1278 2644 pro
1311 2604 1342 2633 10
1382 2597 1584 2643 interpellat
1616 2597 1777 2639 Patrem,
1809 2596 2000 2632 Dominum
2016 2596 2138 2632 Jesum
2161 2598 2274 2634 multo

1212 2659 1502 2704 praestantiorem
1517 2669 1624 2703 quam
1647 2657 1714 2693 suit
1742 2657 1900 2703 Moyses;
1923 2658 1983 2703 qui
2004 2663 2122 2694 tamen
2157 2660 2275 2695 oravit

1212 2730 1279 2765 pro
1294 2720 1354 2755 illo
1370 2719 1502 2765 populo
1520 2724 1556 2754 et
1574 2718 1764 2754 exauditus
1778 2724 1846 2753 est.
1860 2717 1905 2753 Et
1918 2716 2072 2754 sortasse
2084 2724 2275 2764 propterea

1213 2781 1355 2826 Moyses
1391 2780 1563 2815 scribitur
1597 2778 1835 2814 intervenisse
1869 2788 1934 2824 pro
1968 2780 2127 2824 peccatis
2152 2779 2272 2826 populi

1213 2842 1345 2887 prioris
1365 2846 1400 2876 et
1419 2842 1633 2886 impetrasse
1665 2839 1823 2882 veniam,
1855 2845 1895 2874 ut
1922 2839 2034 2875 multo
2071 2841 2185 2887 magis
2209 2851 2275 2877 nos

1215 2903 1452 2946 confidamus,
1464 2903 1559 2947 quod
1570 2902 1766 2938 advocatus
1782 2909 1906 2937 noster
1918 2900 2021 2938 Jesus
2037 2902 2275 2938 indubitatam

1215 2965 1321 3001 nobis
1339 2964 1483 3000 veniam
1501 2964 1692 3010 praestahit
1712 2973 1731 2998 a
1746 2963 1868 3006 Patre,
1887 2963 1917 2999 si
1949 2967 2070 2998 tamen
2087 2968 2278 3014 converta-

1217 3036 1299 3061 mur
1314 3025 1360 3061 ad
1380 3035 1478 3068 eum,
1495 3030 1531 3060 et
1550 3035 1620 3060 non
1639 3024 1787 3061 recedat
1802 3029 1899 3060 retro
1913 3034 1977 3060 cor
1992 3029 2171 3067 nostrum,
2185 3024 2278 3060 sicut

1216 3086 1375 3123 Joannes
1390 3087 1425 3122 in
1437 3087 1597 3132 Epistola
1607 3097 1671 3122 sua
1689 3086 1778 3122 dicit
1795 3098 1802 3121 :
1818 3085 1906 3122 Hoec
1916 3091 2033 3121 autem
2048 3086 2140 3128 dico,
2158 3085 2272 3130 filioli,

1218 3154 1255 3182 ut
1280 3159 1350 3182 non
1364 3148 1509 3193 peccetis
1527 3147 1647 3194 (Joan.
1672 3147 1727 3192 11).
1754 3147 1832 3190 Quo
1864 3146 1894 3182 si
1922 3146 2127 3191 peccaverit
2145 3144 2274 3188 aliquis

1219 3213 1398 3250 vestrum,
1418 3208 1594 3243 habemus
1615 3208 1825 3242 advocatum
1846 3206 1940 3250 apud
1967 3205 2110 3240 Patrem
2121 3203 2273 3247 justum,

1221 3269 1282 3314 qui
1300 3267 1507 3313 interpellat
1526 3278 1593 3313 pro
1611 3266 1771 3311 peccatis
1787 3264 1934 3300 nostris.
2173 3259 2178 3268 '

1269 3328 1490 3374 Locutusqne
1505 3333 1555 3362 esc
1578 3326 1714 3371 Moyses
1740 3324 1899 3359 universa
1919 3322 2018 3358 verba
2038 3322 2112 3357 lucc
2135 3322 2182 3359 ad
2199 3333 2274 3359 om-

1222 3401 1280 3424 nes
1297 3390 1389 3434 filios
1406 3388 1533 3430 Israel,
1550 3393 1581 3422 et
1601 3386 1687 3421 luxit
1707 3384 1854 3431 populus
1873 3384 1988 3418 nimis.
2014 3383 2058 3418 Et
2077 3395 2154 3420 ecce
2171 3396 2274 3422 mane

1220 3449 1332 3494 primo
1350 3452 1544 3492 sumentes,
1571 3444 1800 3481 ascenderunt
1829 3444 1988 3479 verticem
2023 3446 2151 3482 montis
2171 3452 2274 3494 atque

1220 3509 1383 3543 dixerunt
1404 3516 1416 3540 .·
1438 3505 1566 3541 Parati
1585 3515 1705 3540 sumus
1732 3503 1917 3539 ascendere
1934 3504 1980 3540 ad
1999 3504 2128 3549 locum,
2141 3507 2184 3542 de
2203 3518 2272 3554 quo

1222 3567 1395 3603 Dominus
1410 3565 1545 3601 locutus
1557 3569 1620 3606 est,
1630 3563 1713 3609 quia
1726 3563 1954 3609 peccavimus.
1966 3563 2100 3608 Quibus
2112 3566 2250 3612 Moyses
2259 3578 2272 3602 :

1224 3626 1310 3669 Cur,
1333 3626 1464 3671 inquit,
1486 3624 1769 3670 transm-edivam
1789 3624 1928 3659 verbum
1945 3625 2098 3668 Domini,
2108 3626 2201 3671 quod
2216 3637 2274 3662 vo-

1223 3687 1274 3722 bis
1294 3696 1362 3721 non
1382 3677 1476 3721 ced'ee
1512 3685 1550 3720 in
1574 3684 1804 3731 prosperum?
1831 3684 1950 3720 Nolite
1970 3685 2166 3721 ascendere.
2190 3685 2273 3724 Non

1222 3747 1314 3784 em'm
1326 3745 1499 3782 Dominus
1514 3751 1564 3782 est
1577 3745 1765 3789 vobiscum,
1778 3756 1820 3782 ne
1834 3746 2007 3782 corruatis
2024 3757 2143 3782 coram
2158 3746 2274 3783 inimi-

1222 3811 1271 3848 cis
1301 3808 1435 3848 vestris.
1453 3806 1685 3847 Amalecmaees
1704 3813 1737 3846 ee
1757 3805 1976 3846 chananaeus
1995 3817 2075 3846 ante
2087 3820 2144 3847 vos
2162 3815 2242 3847 sum
2255 3818 2269 3846 .·
