2540 4016
42 190 140 236 «ω,

590 186 858 227 ENARRA'HO
881 189 1034 228 SUPER
1057 190 1473 232 nnnmonotssuu.
1497 214 1543 223 —
1563 194 1650 235 Lm.
1673 197 1717 235 lt.

2161 201 2234 242 922

73 261 315 320 separaretur.
330 263 400 311 Qui
418 267 597 301 autem-ex
611 264 768 301 veritate
785 265 991 311 evangelica
1007 266 1121 304 fidelis
1138 270 1174 310 Α
1188 267 1360 314 praecepit
1374 267 1524 304 dicens:
1547 279 1562 302 e
1577 268 1707 306 Omnia
1728 279 1809 316 quae
1827 271 1938 311 vultis
1950 281 1991 313 ut
2010 277 2148 317 faciant
2169 290 2234 318 vo-

72 340 141 379 est,
173 330 347 377 intelligat
369 333 491 365 tamen
515 336 588 363 non
615 335 696 364 esse
713 326 970 364 contumellam
991 327 1126 365 Christi

44 392 116 435 fex
129 405 193 432 ore
209 391 336 440 Moysi,
357 400 440 428 cum
469 399 554 426 eum
579 388 670 425 dixit
702 388 947 432 maledictum,
977 398 1048 425 non
1079 400 1126 427 ex

71 454 258 495 divinitate
279 450 479 496 maiestatis
509 458 597 491 suae,
624 448 687 485 sed
713 458 758 484 ex
778 448 984 484 conditione
1009 457 1126 493 poenae

69 521 218 558 nostrae,
238 524 282 550 ex
298 522 370 559 qua
389 512 428 547 in
449 510 546 557 ligno
564 519 759 556 suspensus
778 515 851 553 est;
872 509 957 556 quia
980 519 1054 545 non
1072 514 1127 545 est

67 577 147 614 laus
165 574 300 613 Christi
315 583 361 609 ex
380 583 442 610 ore
462 572 754 615 Manichaeorum,
778 582 860 607 eum
887 580 971 607 eum
993 575 1127 617 negant

70 646 216 674 carnem
237 634 407 672 hahuisse
434 633 639 676 mortalem,
661 633 698 669 in
725 643 796 679 qua
818 642 942 669 veram
972 636 1126 668 mortem

67 704 282 748 pateretur:
307 698 392 744 quia
426 706 471 733 ex
503 697 564 732 illo
593 696 804 742 prophetico
828 695 1019 731 maledicto
1046 694 1127 731 laus

68 760 279 807 intelligitur
306 758 536 801 humilitatis,
565 767 610 794 ex
640 757 710 794 isto
730 757 902 793 haeretico
930 756 1034 802 quasi
1062 755 1128 791 ho-

67 833 156 860 nore
173 823 309 859 crimen
326 822 495 868 ohjicitur
520 819 702 856 salsitatis.
727 819 766 856 Si
784 829 870 865 ergo
889 827 999 864 negas
1015 817 1128 852 male-

67 883 215 927 dictum,
240 894 351 930 negas
385 887 568 919 mortuum
590 894 600 917 ι
630 882 662 917 si
695 890 808 927 negas
833 885 1030 920 mortuum,
1054 888 1126 914 non

61 942 139 992 jam
158 949 285 981 contra
304 944 466 990 Moysen,
491 943 553 979 sed
577 946 703 978 contra
728 939 940 986 Apostolum
960 938 1124 975 dimicas.

67 1005 106 1044 Si
142 1012 263 1044 autem
290 1007 473 1043 confiteris
498 1012 696 1047 mortuum,
725 1002 898 1040 confitere
926 1002 1127 1047 suscepisse

65 1077 211 1117 poenam
230 1067 370 1113 peceati
384 1067 503 1103 nostri
521 1067 599 1103 sine
615 1069 764 1112 peccato
782 1068 920 1099 nostro.
942 1062 1022 1098 Jam
1040 1072 1127 1098 vero

64 1126 127 1163 uhi
141 1125 243 1162 audis
272 1134 416 1171 poenam
440 1125 594 1171 peccati,
611 1129 673 1159 aut
692 1133 737 1159 ex
754 1123 1002 1159 benedictione
1020 1122 1127 1158 crede

1193 327 1250 364 bis
1269 327 1454 371 homines,
1480 326 1560 364 haee
1586 328 1713 364 eadem
1734 334 1772 365 et
1796 340 1860 367 vos
1881 331 1989 371 facite
2005 337 2074 375 illis
2088 339 2230 387 (Manli.

1192 387 1273 434 vn).
1292 401 1305 423 ι
1335 387 1542 425 Secundum
1572 388 1782 436 allegoriam
1810 400 1896 428 vero
1931 398 2138 440 mysterium
2169 411 2233 439 ve-

1193 448 1394 485 nerandum
1412 450 1583 486 ostendit.
1611 449 1742 486 Frater
1770 450 1866 486 enim
1893 457 2018 489 noster
2041 458 2236 497 secundum

1193 511 1333 543 naturae
1352 509 1617 555 susceptionem
1631 508 1798 545 Christus
1813 514 1883 553 est,
1903 510 1964 556 qui
1979 511 2015 547 in
2031 512 2236 561 Evangelio,

1193 571 1276 613 post
1304 568 1608 604 resurrectionem
1637 577 1756 612 suam,
1783 578 1850 615 per
1874 570 2042 607 mulieres
2061 575 2241 613 mandavit

1195 627 1381 673 discipulis
1399 628 1474 664 suis
1492 628 1640 664 dicens:
1662 641 1674 662 ‹
1688 629 1755 672 Ite,
1777 630 1940 667 nuntiate
1965 630 2135 669 fratribus
2154 635 2242 672 meis

1194 691 1234 722 ut
1263 692 1347 723 eant
1386 687 1424 723 in
1461 686 1668 732 Galilaeam;
1703 689 1751 725 ibi
1786 699 1844 725 me
1883 690 2058 727 videbunt
2097 693 2240 739 (Macen.

1194 747 1365 795 xxv111).›
1387 747 1502 794 Hujus
1528 754 1648 785 autem
1682 748 1804 786 fratris
1834 751 1898 787 bos
1930 756 1991 787 aut
2024 752 2101 788 ovis
2132 759 2241 796 errat,

1195 818 1277 844 cum
1306 809 1387 854 quis
1414 808 1458 844 de
1486 809 1575 856 legis
1602 810 1687 857 jugo
1717 811 1761 847 ad
1790 810 1897 847 fidem
1930 818 2159 855 convocatus,
2189 814 2245 849 vel

1195 868 1346 915 simplex
1373 869 1524 914 quilibet
1555 870 1754 907 catholicus
1778 881 1844 916 per
1866 872 2055 908 haereticos
2083 873 2118 908 in
2142 883 2244 909 erro-

1194 939 1270 966 rem
1286 930 1479 966 inducitur.
1499 930 1569 967 Sed
1588 932 1665 968 haee
1681 932 1850 967 animalia
1862 931 2032 977 jubemur
2045 933 2080 969 in
2099 934 2245 970 domum

1194 996 1356 1026 nostram
1374 991 1620 1035 introducere,
1640 993 1709 1029 hoc
1722 999 1777 1029 est
1790 994 1825 1029 in
1842 994 2119 1031 sollicitudinem
2136 1001 2244 1043 atque

1194 1060 1320 1086 curam
1344 1057 1507 1087 nostram
1530 1054 1728 1098 suscipere,
1749 1060 1784 1089 et
1806 1055 1843 1089 in
1863 1055 1968 1091 domo
1992 1055 2161 1092 Ecclesiae
2179 1066 2246 1102 per

1195 1110 1371 1146 unitatem
1403 1111 1486 1147 fidei
1515 1117 1552 1147 et
1579 1113 1679 1158 pacis
1711 1114 1899 1149 nobiscum
1933 1124 2091 1158 servare,
2132 1116 2246 1152 donee

63 1187 284 1230 venientem,
305 1192 367 1222 aut
390 1196 434 1222 ex
451 1186 703 1222 maledictione
726 1197 735 1221 :
761 1185 791 1221 si
812 1195 857 1221 ex
876 1184 1126 1220 benedictione
1145 1182 1176 1221 Β
1194 1171 1387 1215 Ρΐθθᾶῑῡῑῑῐὸ
1415 1171 1528 1208 frater
1559 1178 1684 1208 noster
1705 1174 1750 1208 ad
1770 1173 1945 1218 judicium
1975 1175 2137 1218 venienS‚
2165 1185 2247 1213 eum

64 1245 164 1283 venit
181 1255 289 1292 poena
308 1246 463 1291 peceati,
492 1250 575 1291 opta
603 1255 683 1281 esse
703 1254 846 1291 semper
866 1244 901 1280 in
917 1254 1025 1290 poena
1045 1253 1126 1290 pee-

64 1307 158 1350 cati;
182 1307 213 1342 si
234 1312 354 1342 autem
379 1312 482 1353 optas
509 1307 592 1342 inde
608 1306 768 1349 libcrari,
791 1305 897 1341 erede
915 1314 981 1350 per
996 1304 1127 1340 divinae

65 1367 254 1404 sententiae
270 1367 451 1414 justitiam
479 1378 523 1404 ex
550 1367 803 1403 maledictione
829 1364 984 1402 venisse.
1007 1364 1127 1400 Conli-

63 1434 142 1466 tere.
175 1439 262 1477 ergo
291 1430 522 1466 maledictum
549 1429 750 1475 suscepisse
776 1438 842 1474 pro
874 1426 990 1469 nohis,
1018 1436 1126 1472 quem

64 1491 250 1527 confiteris
272 1498 456 1527 mortuum
476 1501 555 1527 esse
580 1501 646 1537 pro
666 1490 790 1534 nohis3
815 1500 883 1525 nec
902 1488 998 1524 aliud
1017 1487 1126 1533 signi-

65 1551 175 1587 ficare
194 1551 351 1588 voluisse
372 1551 518 1598 Moysen
537 1562 618 1587 eum
638 1551 774 1588 diceret
792 1563 799 1586 :
821 1550 1030 1585 Maledictus
1050 1561 1125 1585 om-

64 1611 119 1647 m's
155 1612 215 1658 qui
244 1613 281 1646 in
312 1611 406 1657 liquo
439 1612 657 1658 pependerit,
693 1612 782 1655 nisi,
815 1610 975 1646 Mortalis
1010 1610 1127 1646 omnis

63 1677 101 1708 et
125 1672 285 1708 moriens
311 1672 429 1708 omnis
452 1673 512 1718 qui
542 1673 577 1708 in
606 1672 701 1718 ligno
728 1672 950 1718 pependerit.
981 1670 1128 1706 Poterat

63 1733 160 1769 enim
178 1732 321 1768 dicere:
343 1731 552 1768 Maledictus
579 1732 696 1768 omnis
725 1732 901 1774 mortalis,
922 1735 996 1775 aut,
1015 1730 1126 1766 Male-

63 1793 181 1831 dictus
196 1794 314 1830 omnis
333 1794 495 1830 moriens
517 1807 525 1830 :
548 1794 610 1830 sed
630 1795 698 1830 hoe
717 1800 772 1830 est
789 1794 883 1840 quod
898 1792 1027 1828 asserit
1044 1802 1128 1837 pro-

61 1854 185 1902 pheta,
215 1854 301 1901 quia
332 1855 471 1892 sciebat
499 1855 636 1891 Christi
661 1860 815 1892 mortem
848 1855 884 1890 in
906 1863 1012 1890 cruce
1041 1863 1127 1898 pen-

62 1924 202 1958 suram,
218 1920 255 1950 et
274 1914 415 1951 futuros
443 1915 633 1951 haereticos
662 1915 724 1961 qui
745 1915 906 1951 dicerent
923 1927 932 1949 2
951 1911 1128 1959 Pependit

61 1974 208 2020 quidem
228 1975 265 2011 in
287 1975 400 2022 ligno,
432 1975 496 2011 sed
523 1975 643 2021 speeie
673 1975 841 2020 quadam,
871 1984 943 2009 non
974 1978 1014 2008 ut
1042 1981 1126 2007 vere

61 2038 277 2070 moreretur.
310 2033 506 2070 Clamando
536 2044 646 2081 ergo,
679 2045 693 2067 ‹
726 2033 950 2076 Maledictus,
986 2046 999 2067 ›
1035 2032 1125 2067 nihil

1195 1231 1421 1275 repetiverit,
1441 1243 1461 1267 a
1482 1243 1553 1278 quo
1578 1234 1777 1270 recedendo
1801 1235 1983 1271 aberravit
2006 1237 2120 1281 prius.
2145 1237 2248 1281 Quod

1196 1297 1316 1328 autem
1351 1295 1515 1339 sequitur
1536 1306 1544 1329 :
1569 1307 1580 1327 ‹
1602 1294 1779 1330 Similiter
1809 1297 1852 1332 de
1886 1297 2003 1340 asino,
2033 1297 2128 1333 etde
2149 1298 2247 1334 omni

1199 1363 1212 1385 ‹
1233 1354 1462 1397 vestimento,
1489 1360 1525 1390 et
1543 1355 1586 1391 de
1607 1356 1705 1390 omni
1725 1366 1764 1391 re
1782 1356 1904 1392 fratris
1919 1357 1969 1392 tui
1988 1367 2067 1399 quae
2083 1358 2246 1403 perierit,

1199 1429 1210 1450 ‹
1232 1416 1262 1452 si
1290 1415 1470 1450 inveneris
1505 1425 1602 1456 eam,
1643 1426 1714 1451 non
1746 1416 1906 1463 negligas
1937 1418 2039 1462 quasi
2077 1417 2244 1454 alienam.

1199 1489 1211 1510 ‹
1232 1476 1270 1512 Si
1297 1475 1431 1511 videris
1455 1475 1595 1511 asinum
1616 1475 1738 1511 fratris
1760 1476 1810 1511 tui
1831 1481 1894 1511 aut
1918 1476 2046 1512 hovem
2070 1477 2246 1513 cecidisse

1199 1549 1211 1570 ‹
1231 1537 1365 1589 inflia,
1398 1546 1470 1572 non
1501 1535 1689 1580 despicies,
1725 1536 1787 1571 sed
1817 1536 2021 1572 sublevabis
2047 1547 2128 1573 cum
2150 1547 2206 1573 eo.
2227 1550 2241 1572 ο

1194 1595 1327 1632 Asinus
1348 1595 1408 1630 hic
1425 1594 1593 1640 gentilem
1624 1595 1808 1630 hominem
1834 1595 2028 1641 significat,
2049 1595 2149 1640 euius
2166 1595 2248 1631 vili-

1196 1662 1306 1692 tatem
1337 1661 1444 1702 atque
1478 1655 1743 1691 immunditiam
1763 1666 1832 1692 non
1851 1655 2024 1691 debemus
2048 1656 2246 1701 despicere,

1196 1719 1270 1762 sed,
1289 1723 1461 1764 quantum
1482 1727 1684 1763 possumus,
1706 1717 1751 1752 ad
1767 1716 1871 1753 fidem
1886 1726 1967 1752 eum
1982 1726 2023 1752 ac
2038 1716 2248 1762 religionem

1196 1788 1424 1814 communem
1452 1778 1572 1824 potius
1596 1786 1809 1822 provocare.
1833 1775 2095 1812 vestimentum
2126 1780 2247 1810 autem

1195 1838 1374 1874 exteriora
1394 1847 1502 1883 opera
1532 1842 1628 1880 sunt,
1661 1847 1740 1882 quae
1765 1837 1795 1872 si
1819 1836 2014 1872 viderimus
2033 1846 2069 1870 1n
2091 1834 2209 1881 aliquo
2225 1845 2249 1872 a

1196 1898 1424 1934 rectitudinis
1452 1899 1596 1934 tramite
1622 1898 1778 1941 deviare,
1812 1897 1849 1933 in
1868 1897 1964 1933 viam
1990 1895 2139 1942 justitiae
2161 1895 2250 1932 diri-

1196 1968 1282 2005 gere
1301 1959 1485 1995 debemus.
1514 1957 1590 1994 Hoc
1609 1959 1703 1994 enim
1737 1964 1821 1994 ante
1853 1957 1972 1994 omnia
1993 1957 2097 1993 nobis
2117 1966 2249 1993 caven-

1197 2019 1281 2056 dum
1315 2025 1371 2056 est
1399 2030 1444 2056 ne
1471 2020 1648 2066 quoslibet
1676 2020 1808 2055 fratres
1834 2024 1979 2055 nostros
1999 2024 2161 2054 errantes
2186 2022 2250 2055 aut

63 2093 161 2130 aliud
189 2095 373 2138 clamavit,
404 2095 475 2131 nisi
505 2094 588 2140 quia
617 2104 703 2131 vere
726 2101 891 2130 mortuus
916 2098 982 2137 est,
1008 2093 1126 2129 sciens
1145 2077 1173 2117 C
1195 2084 1444 2130 delinquentes
1463 2093 1528 2128 1³8¹·
1551 2082 1685 2118 fastum
1706 2082 1882 2127 superbiae
1901 2081 2159 2127 despiciamu&
2186 2081 2250 2117 sed

64 2159 219 2191 mortem
257 2155 415 2190 hominis
456 2155 659 2201 peccatoris
679 2182 689 2198 ,
715 2155 831 2200 'quam
861 2155 938 2191 sine
981 2159 1130 2200 peceato

62 2216 141 2262 ipse
155 2216 326 2261 suscepit,
341 2216 385 2251 de
400 2214 461 2251 illo
474 2216 666 2252 maledieto
679 2216 885 2251 venientem
901 2225 972 2260 quo
994 2215 1130 2250 dictum

61 2285 143 2315 est:
164 2292 175 2312 ‹
204 2278 242 2315 Si
261 2279 476 2324 tetigeritis,
501 2284 618 2314 morte
646 2279 852 2315 moriemini
879 2278 981 2325 (Gen.
1009 2279 1080 2326 ιιι).
1114 2292 1125 2313 n

62 2339 118 2375 Ad
135 2340 204 2376 hoc
222 2349 371 2385 serpens
395 2340 454 2376 ille
474 2341 630 2386 pertinet
650 2342 686 2377 in
706 2341 804 2388 ligno
824 2352 1035 2387 suspensus,
1058 2352 1129 2387 quo

64 2402 289 2448 significatur
318 2413 390 2439 non
422 2402 552 2439 salsam
572 2410 725 2440 mortem
747 2402 932 2440 Christum
966 2403 1127 2445 finxisse,

65 2464 127 2500 scd
152 2463 249 2500 illam
268 2475 392 2500 veram
417 2465 454 2501 in
474 2465 571 2512 ligno
591 2465 770 2511 passionis
795 2475 867 2501 suae
885 2464 1128 2509 suspendisse,

65 2523 101 2559 in
123 2533 194 2570 qua
212 2534 363 2572 serpens
386 2525 446 2561 ille
466 2526 560 2562 male
579 2527 762 2562 suadendo
780 2526 963 2561 hominem
985 2523 1127 2569 dejecit.

65 2584 180 2630 Quam
195 2597 319 2623 veram
345 2593 501 2623 mortem
518 2588 647 2624 nolunt
672 2588 732 2623 isti
754 2587 976 2633 conspicere,
997 2591 1034 2621 ct
1051 2586 1130 2622 ideo

64 2658 136 2684 non
155 2654 331 2684 sanantur
347 2658 367 2683 a
381 2658 521 2684 veneno
541 2648 734 2695 serpentis,
752 2648 844 2684 sicut
860 2648 895 2683 in
912 2657 1034 2683 eremo
1053 2647 1131 2693 qui-

66 2717 209 2753 cunque
243 2708 343 2743 illum
375 2709 603 2745 attenderent
631 2708 867 2745 sanabantur.
895 2708 1021 2754 ltaque
1036 2707 1129 2744 fatc-

66 2779 149 2804 mur
172 2768 217 2804 ab
244 2769 420 2815 imperitis
441 2770 510 2806 dici
541 2770 637 2806 aliud
663 2779 743 2807 esse
762 2770 855 2817 atligi
889 2770 1000 2817 ligno,
1035 2769 1131 2805 aliud

67 2829 105 2866 in
121 2829 220 2877 ligno
236 2829 405 2876 pendere.
427 2831 465 2866 Si
487 2831 583 2866 enim
602 2831 747 2877 quidam
765 2836 894 2876 putant
924 2831 1131 2867 solvendam

69 2899 150 2927 esse
185 2891 292 2927 istam
323 2892 572 2938 quaestionem,
600 2897 639 2927 ut
659 2891 786 2928 Judam
811 2892 933 2928 dicant
965 2902 986 2927 a
1012 2890 1132 2938 Moyse

70 2952 301 2990 maledictum
330 2954 392 3000 qui
425 2954 553 2999 laqueo
583 2963 623 2990 se
656 2954 856 3000 suspendit,
883 2953 985 2999 quasi
1011 2953 1129 2999 primo
1145 2976 1181 3016 D

69 3014 237 3051 noverint
254 3020 376 3051 utrum
398 3024 443 3051 ex
462 3014 559 3061 ligno
578 3024 624 3050 an
642 3025 686 3051 cx
705 3014 822 3061 lapide
842 3014 899 3050 ille
921 3024 960 3050 se
976 3023 1127 3060 suspen-

72 3075 179 3112 derit.

395 3113 397 3115 ’
432 3137 584 3174 CAPUT
610 3136 762 3174 xxviii.

72 3198 125 3236 De
143 3210 212 3236 non
229 3198 460 3248 proeteriendo
481 3199 563 3234 bove
586 3205 688 3246 atque
703 3210 762 3234 ove
777 3202 927 3240 errante,
944 3196 1005 3232 sed
1024 3194 1128 3242 fratri

121 3258 184 3284 suo
210 3246 430 3290 reducendo,·
456 3245 617 3282 similiter
634 3247 676 3282 de
697 3246 796 3281 asino
814 3251 846 3280 et
866 3245 1079 3280 vestimento.

121 3322 223 3371 (Car.
242 3322 346 3371 xxn.)
372 3322 478 3360 «Non
506 3321 646 3359 videbis
665 3322 794 3359 bovem
819 3319 944 3356 fratris
973 3319 1039 3362 tui,
1071 3314 1132 3352 aut

80 3393 93 3417 ι
112 3392 217 3420 ovem
245 3387 429 3420 errantem
449 3388 487 3419 et
513 3381 730 3430 praeteribis,
760 3382 823 3417 sed
848 3379 1000 3416 reduces
1026 3375 1130 3412 fratri

83 3456 96 3479 ι
116 3449 192 3489 tuo,
220 3446 330 3482 etiam
352 3445 384 3482 si
408 3456 483 3482 non
499 3451 555 3482 est
574 3444 799 3492 propinquus
819 3440 932 3476 frater
949 3443 1046 3480 tuus,
1065 3444 1132 3471 nec

85 3516 100 3540 c
117 3505 215 3542 nosti
239 3516 322 3543 eum
339 3519 348 3542 :
372 3507 482 3543 duces
503 3505 540 3542 in
561 3505 707 3542 domum
732 3508 843 3544 tuam,
861 3504 898 3536 et
914 3502 1022 3535 erunt
1038 3495 1133 3541 apud

84 3575 100 3600 ι
116 3570 168 3610 te,
182 3566 343 3613 quandiu
357 3571 496 3614 quaerat
509 3575 553 3602 ea
567 3564 680 3601 frater
694 3570 776 3599 tuus
790 3566 826 3596 et
844 3558 1006 3605 recipiat.
1016 3569 1028 3591 ο
1046 3554 1130 3591 Haec

81 3628 273 3672 sententia,
298 3628 497 3666 secundum
524 3627 698 3669 litteram,
716 3623 920 3670 aequitatem
938 3624 1045 3664 atque
1065 3615 1129 3652 be-

81 3685 309 3733 nignitatem,
332 3690 438 3726 docet
454 3694 495 3726 ut
514 3687 763 3734 unusquisque
787 3681 1014 3721 commodum
1034 3675 1130 3724 quod

81 3745 151 3784 sihi
168 3746 215 3782 ab
231 3742 477 3796 alio-impendi
507 3751 662 3795 oportet,
691 3744 796 3782 alteri
825 3740 1032 3788 impendere
1057 3745 1129 3771 non

82 3802 250 3855 deneget.
270 3798 466 3847 seeundum
485 3806 586 3845 illam
605 3804 820 3844 sententiam
839 3798 1038 3839 Salvatoris
1059 3804 1130 3844 qua

1198 2155 1324 2181 eorum
1347 2144 1446 2180 casui
1467 2148 1587 2179 mente
1613 2143 1671 2188 pia
1702 2142 1817 2189 magis
1849 2141 2117 2184 condoleamus,
2144 2145 2252 2187 atque

1196 2216 1262 2252 per
1297 2205 1360 2241 Dei
1394 2204 1549 2252 gratiam
1580 2203 1708 2239 melius
1746 2212 1829 2246 eos,
1866 2208 2041 2248 quantum
2074 2202 2249 2245 valemus,

1197 2272 1403 2302 restaurare
1424 2270 1615 2301 certemus.
1646 2263 1809 2309 Denique
1834 2262 1865 2298 si
1890 2262 2024 2298 videris
2055 2260 2252 2307 quemlibet

1198 2337 1241 2363 ex
1257 2326 1403 2367 Judaeis,
1425 2325 1500 2361 sive
1517 2334 1561 2359 ex
1582 2324 1759 2368 gentibus,
1778 2321 2049 2367 indoctumg‘lege
2063 2331 2123 2356 seu
2142 2321 2251 2356 hehe-

1198 2392 1269 2422 tem
1300 2395 1420 2428 sensu,
1452 2383 1641 2429 repentino
1668 2392 1751 2418 casu
1771 2382 1807 2416 in
1827 2381 1882 2416 via
1902 2381 2090 2425 praesentis
2108 2380 2190 2415 vitae
2210 2380 2248 2415 in

1197 2452 1384 2495 peccatum
1422 2454 1605 2487 corruere,
1642 2453 1707 2490 per
1738 2442 2022 2487 compassionem
2055 2440 2106 2475 illi
2140 2446 2248 2485 atque

1196 2507 1479 2546 misericordiam
1499 2504 1690 2542 subvenire
1708 2504 1892 2543 debemus,
1910 2500 2075 2547 quamvis
2093 2500 2247 2546 gratiam

1197 2569 1331 2606 Christi
1358 2577 1422 2614 per
1446 2565 1696 2613 poenitentiam
1718 2574 1760 2599 ac
1778 2563 1935 2599 studium
1960 2561 2092 2597 honum
2115 2561 2247 2595 iterum

1197 2631 1346 2677 adipisci
1365 2639 1582 2666 mereamur.
1613 2626 1704 2662 Hine
1724 2625 1820 2661 enim
1839 2624 1986 2660 instruit
2011 2632 2076 2658 nos
2101 2626 2247 2667 aposto-

1197 2693 1253 2728 lus
1282 2691 1414 2727 Paulus
1441 2690 1565 2725 dicens
1585 2700 1592 2722 :
1617 2700 1629 2721 ‹
1647 2687 1809 2728 Fratres,
1831 2685 1863 2721 si
1880 2688 2150 2730 praeoccupatus
2170 2681 2248 2718 sue-

1198 2753 1246 2787 rit
1269 2753 1377 2787 homo
1398 2750 1435 2785 in
1461 2749 1580 2794 aliquo
1598 2746 1739 2787 delicto,
1761 2754 1841 2788 vos,
1860 2743 1921 2790 qui
1939 2742 2118 2789 spiritales
2140 2741 2241 2782 estis,

1199 2813 1365 2849 instruile
1391 2810 1595 2855 huiusmodi
1614 2810 1650 2844 in
1670 2807 1799 2853 spiritu
1817 2805 1987 2847 lenitatis,
2014 2803 2246 2839 considerans

1201 2876 1366 2920 teipsum,
1392 2883 1438 2908 ne
1455 2878 1490 2908 et
1514 2878 1549 2907 tu
1572 2869 1732 2906 tenteris.
1750 2868 1850 2903 Alter
1865 2865 2014 2901 alterius
2035 2873 2144 2900 onera
2165 2872 2248 2909 por·

1202 2943 1289 2980 tate,
1307 2936 1410 2972 etsie
1425 2932 1664 2980 adimplebitis
1679 2932 1795 2977 legem
1816 2928 1950 2965 Christi
1969 2926 2064 2974 (Gal.
2080 2925 2145 2973 vt).
2163 2937 2176 2959 ι

1572 3005 1724 3044 CAPUT
1750 3003 1879 3041 XXIX.

1202 3072 1302 3118 Quod
1331 3070 1494 3107 mulieres
1520 3080 1589 3105 non
1614 3068 1736 3103 debent
1764 3073 1854 3102 veste
1879 3065 1973 3102 virili
1996 3065 2066 3113 uti,
2089 3062 2156 3099 'nec
2185 3061 2249 3098 virt·

1589 3121 1678 3152 veste
1697 3114 1863 3160 feminea.

1247 3181 1365 3229 (inm.)
1388 3192 1400 3214 ‹
1417 3179 1497 3216 Non
1525 3178 1691 3214 induetur
1709 3173 1838 3210 mulier
1862 3176 1960 3207 veste
1978 3169 2083 3210 virili,
2106 3177 2173 3204 nee
2190 3166 2247 3203 vir

1203 3249 1355 3280 «utetur
1387 3245 1488 3277 veste
1522 3237 1676 3274 feminea
1702 3246 1710 3269 :
1740 3229 1989 3268 abominabilis
2022 3228 2116 3263 enim
2151 3226 2245 3273 apud

1206 3318 1219 3341 ‹
1239 3305 1431 3341 Dominum
1454 3298 1584 3344 estqui
1605 3295 1690 3330 facit
1708 3294 1797 3328 haee.
1815 3304 1828 3325 ι
1850 3289 1930 3325 Alia
1952 3288 2061 3325 editio
2082 3287 2158 3322 haee
2178 3286 2243 3322 ha-

1201 3369 1263 3404 bet
1282 3367 1356 3402 sic:
1378 3377 1389 3396 ε
1408 3361 1484 3397 Non
1514 3361 1619 3393 crunt
1649 3363 1734 3389 vasa
1767 3351 1836 3386 viri
1868 3358 1976 3395 super
2008 3346 2207 3383 mulierem.
2226 3358 2239 3380 ι

1202 3428 1296 3464 Vasa
1320 3422 1449 3460 bellica
1475 3417 1551 3453 vult
1580 3411 1742 3458 intelligi,
1771 3410 1807 3446 id
1828 3413 1896 3451 est,
1921 3416 2034 3443 arma.
2056 3405 2145 3442 Nam
2162 3405 2244 3451 qui-

1201 3486 1285 3523 dam
1314 3482 1421 3518 etiam
1455 3479 1524 3513 hoc
1551 3470 1777 3518 interpretati
1811 3474 1908 3505 sunt.
1941 3467 2091 3515 Mystice
2124 3471 2243 3502 autem

1201 3544 1295 3591 quod
1333 3540 1433 3582 dicit,
1473 3549 1485 3571 ι
1503 3545 1575 3572 non
1607 3533 1775 3569 induatur
1807 3530 1938 3567 mulier
1967 3535 2070 3566 veste
2099 3527 2206 3569 virili,
2226 3539 2239 3561 »

1199 3602 1355 3641 ostendit
1386 3597 1473 3635 illud
1502 3595 1596 3641 quod
1618 3592 1810 3639 Apostolus
1841 3591 1916 3627 ait:
1937 3589 2040 3626 «Non
2073 3587 2243 3634 permitto

1200 3662 1342 3702 mulieri
1375 3661 1506 3696 docere
1533 3656 1570 3691 in
1593 3653 1754 3690 Ecclesia
1793 3651 1827 3698 (1
1839 3649 1921 3687 cor.
1952 3650 2040 3695 xiv).
2065 3661 2078 3683 t
2121 3646 2244 3693 Neque

1200 3727 1295 3764 enim
1322 3720 1561 3760 sacerdotium
1581 3725 1695 3762 neque
1712 3713 1876 3750 doctrina
1898 3710 2041 3748 seminis
2058 3710 2096 3746 in
2114 3707 2243 3744 Eccle-

1202 3791 1254 3829 sia
1277 3784 1498 3826 conceditur.
1527 3779 1597 3818 Sed
1629 3787 1692 3814 ncc
1711 3776 1767 3813 vir
1787 3773 1884 3812 indui
1904 3773 2010 3811 debet
2022 3776 2122 3809 veste
2141 3769 2246 3807 semi-
