2540 4016
279 202 372 241 1159

277 334 430 382 turpiter
455 333 635 379 liquatur,
659 338 813 379 tergeat.

682 406 834 445 CAPUT
859 408 917 446 111.

279 485 379 529 Quod
414 485 557 532 spiritus
585 485 729 526 Domini
755 485 869 521 induit
898 484 1051 530 Gedeon,
1082 488 1141 534 qui
1173 488 1334 535 clanqens

324 532 470 567 buccina
485 532 684 568 convocavit
698 531 839 568 domum
854 533 1000 571 Abiezer
1014 539 1051 569 ut
1065 545 1101 569 se
1119 541 1335 581 sequeretur,

323 585 355 660 (Z
378 579 428 633 de·
441 579 539 625 siquo
561 577 695 614 velleris
714 579 806 625 quod
825 579 918 614 idem
947 579 1086 617 Gedeon
1107 581 1295 628 postulavit
1315 593 1336 617 ιι

359 636 488 661 omino.

328 698 444 746 (lam.)
466 697 618 745 Spiritus
643 705 759 734 autem
784 698 927 735 Domini
953 699 1066 735 induit
1094 699 1245 743 Gedeon,
1279 699 1339 746 qui

281 760 442 807 clanqens
463 760 824 797 buccina-convocavit
841 761 983 797 domum
1001 762 1162 805 Abiezer,
1178 767 1215 797 ut
1232 773 1268 798 se
1282 774 1338 798 se-

280 828 454 868 queretur.
490 821 652 868 Misitque
676 822 816 858 nuntios
841 823 879 858 in
902 824 1099 860 universam
1122 823 1337 867 Manassem,

280 885 339 929 qui
357 889 387 918 et
406 884 477 929 ipse
499 890 634 919 secutus
657 889 708 919 est
728 895 835 928 eum;
861 889 893 920 et
920 885 1007 920 alios
1029 885 1168 920 nuntios
1189 885 1226 919 in
1251 874 1340 920 A‘zer

281 950 313 979 et
329 943 501 987 Zabulon,
523 951 554 979 et
576 943 791 991 Nephtalim‚
818 945 878 991 qui
899 953 1124 981 occurrerunt
1143 946 1187 981 ei.
1227 946 1342 982 Voca-

279 1004 346 1047 vit,
372 1005 501 1050 inquit,
528 1009 611 1050 post
643 1015 681 1041 se
710 1004 877 1049 Abiezer,
911 1006 972 1050 qui
1007 1005 1130 1051 utique
1163 1015 1341 1050 nusquam

281 1068 371 1099 erat.
402 1063 662 1110 Interpretatur
687 1071 808 1114 autem
835 1065 989 1102 Abiezer
1014 1067 1123 1112 patris
1149 1068 1215 1101 mei
1240 1067 1342 1101 auxi-

282 1123 392 1165 lium‚·
417 1134 488 1160 non
506 1135 592 1170 ergo
611 1126 793 1177 hominem
811 1126 981 1170 aliquem,
1001 1127 1062 1162 sed
1082 1127 1196 1172 patris
1212 1128 1340 1162 summi

282 1183 428 1220 Gedeon
443 1185 631 1221 invocasse
648 1185 789 1221 videtur
805 1186 991 1222 auxilium.
1022 1186 1129 1223 Mittit
1149 1189 1286 1224 interca
1307 1195 1343 1224 et
1364 1172 1395 1210 Β

283 1244 417 1279 auxilia
449 1244 656 1287 convocari,
687 1245 905 1280 conveniunt
931 1246 1064 1292 populi,
1094 1251 1130 1283 et
1160 1248 1278 1284 omnis
1298 1249 1343 1284 ad

282 1304 428 1340 Gedeon
449 1304 630 1339 exereitus
651 1310 899 1349 congregatur.

330 1365 494 1410 Dimitque
519 1363 659 1399 Gedeon
692 1364 737 1399 ad
761 1364 980 1400 Dominum:
1001 1365 1041 1402 Si
1072 1368 1206 1403 salvum
1238 1369 1344 1414 facies

281 1436 343 1472 per
355 1436 497 1460 manum
510 1436 622 1460 meam
641 1424 659 1459 1
663 1423 766 1467 srael,
781 1425 870 1460 sicut
886 1425 1022 1461 locutus
1033 1438 1083 1471 es,
1099 1439 1226 1473 ponam
1239 1429 1345 1465 vellus

282 1487 345 1522 boc
374 1487 465 1522 lanoe
482 1487 518 1521 in
539 1497 621 1521 area
641 1497 652 1521 .·
674 1486 704 1520 si
726 1497 782 1521 ros
808 1486 844 1520 in
871 1486 944 1522 solo
970 1488 1092 1524 vellere
1120 1490 1237 1534 suerit,
1259 1498 1290 1525 et
1309 1491 1346 1526 in

283 1548 376 1583 omni
401 1554 494 1583 terra
514 1548 668 1590 siccitas,
687 1547 796 1582 sciam
813 1548 905 1594 quod
923 1560 983 1594 per
997 1561 1137 1585 manum
1155 1562 1281 1594 meam,
1302 1551 1348 1586 si-

283 1614 339 1644 cut
354 1608 490 1644 locutus
508 1620 543 1644 es
557 1635 566 1652 ,
590 1608 751 1644 liberabis
768 1608 895 1644 Israel.
925 1608 1143 1657 Factumque
1162 1618 1211 1646 est
1227 1613 1291 1655 ita,
1310 1619 1346 1647 ut

282 1669 324 1703 de
353 1675 451 1704 nocte
478 1679 703 1715 consurqenS,
729 1680 889 1715 expresso
915 1670 1051 1715 vellere,
1078 1673 1245 1707 concham
1270 1684 1347 1709 rore

283 1730 477 1777 repleverit.
503 1731 667 1777 Dixitque
687 1742 808 1767 rursus
831 1732 876 1767 ad
897 1731 1085 1768 Dominum
1108 1742 1119 1767 .’
1140 1733 1194 1769 Ne
1214 1734 1345 1770 irasca-

283 1797 341 1826 tur
367 1791 468 1836 furor
500 1798 579 1826 tuus
607 1798 728 1826 contra
754 1803 821 1835 me,
845 1792 875 1827 si
894 1792 1008 1828 adbuc
1028 1793 1131 1829 semel
1158 1800 1346 1838 tentavero,

282 1851 420 1896 siquam
438 1862 598 1898 quoerens
614 1852 650 1887 in
665 1851 810 1895 vellere‚·
827 1863 887 1888 oro
906 1859 942 1887 ut
958 1853 1071 1888 solum
1089 1853 1198 1889 vellus
1218 1856 1348 1890 siccum

283 1912 339 1953 sit,
372 1917 405 1946 et
435 1912 546 1947 omnis
570 1918 665 1948 terra
698 1923 774 1947 rore
801 1913 958 1948 madens.
991 1913 1023 1947 F
1026 1915 1156 1960 ecitque
1175 1914 1347 1949 Dominus

283 1978 382 2008 nocte
420 1972 481 2008 itta
507 1974 824 2019 ut·postulaverat,
862 1981 894 2010 et
929 1975 996 2020 suit
1034 1975 1171 2010 siccitas
1205 1976 1241 2010 in
1274 1975 1347 2011 solo

707 198 749 233 Β.
776 195 946 233 RABANl
968 196 1115 235 MAURI
1138 197 1352 236 ARCHIEP.
1379 192 1585 234 MOGUNT.
1612 192 1802 234 OPERUM
1826 191 1947 229 PARS
1971 191 1998 227 1.

276 278 416 319 renuat,
435 272 499 310 sed
516 281 623 310 omne
643 273 753 310 etiam
775 273 872 319 quod
897 273 934 310 in
951 283 990 311 se
1009 284 1075 321 per
1093 274 1330 321 cogitationes
1347 272 1385 313 A
1399 270 1526 308 imbris
1547 273 1712 308 ubertate
1733 270 1900 316 privavit,
1933 268 2058 303 dicens
2074 277 2083 301 :
2099 264 2277 302 Mandabo
2307 275 2332 300 n

2035 85 2083 129 0

2475 167 2496 217 t

1403 331 1562 379 desuper,
1585 343 1626 367 ne
1654 331 1777 378 pluant
1802 340 1905 375 super
1933 338 2011 363 eam
2028 325 2180 373 pluviam
2204 325 2294 373 (Isa.
2316 324 2368 373 v).
2401 323 2482 381 u‘b
2511 361 2524 368 ,

1402 391 1499 428 circo
1514 397 1633 428 autem
1645 391 1746 427 illam
1759 394 1902 437 gentem
1916 386 2061 424 velleris
2075 385 2221 422 nomine
2230 383 2486 432 significavisst
2510 369 2529 434 ἓ

1402 452 1459 488 vel
1485 453 1571 498 quia
1597 451 1787 496 spolianda
1811 454 1907 485 esset
1928 447 2145 484 auctoritate
2163 445 2346 489 doctrinae,
2368 444 2462 482 sicut
2486 478 2489 501 ζ
2525 467 2529 473 -

1403 524 1490 550 oves
1500 513 1650 556 vellere,
1667 511 1724 547 vel
1742 510 1838 556 quod
1853 510 2015 545 eamdem
2031 508 2202 555 pluviam,
2229 516 2336 553 quam
2362 504 2461 542 nole·
2476 503 2489 530 ¹1

1403 573 1465 609 bat
1485 573 1554 609 sibi
1577 582 1642 618 per
1668 569 1880 617 praepositos
1905 568 2108 615 praedicari,
2142 566 2236 611 aliis,
2259 566 2296 603 id
2322 571 2392 610 est,
2410 564 2464 602 in-

1405 630 1630 668 circumcisis
1650 629 1816 677 gentibus
1836 629 1945 665 sciret
1964 627 2131 663 revelari.
2516 623 2525 632 “·

1812 687 1962 724 CAPUT
1997 686 2056 722 IV.

1408 752 1531 790 Sermo
1557 751 1700 787 Domini
1727 751 1772 785 ad
1801 748 1951 792 Gedeon,
1971 748 2142 784 mandans
2162 753 2199 783 ut
2216 759 2237 783 α
2257 758 2292 782 se
2310 746 2464 782 dimitte·
2513 741 2526 779 .”

1455 805 1504 834 ret
1528 798 1647 845 populi
1667 796 1941 838 multitudinem,
1962 795 2022 830 ubi
2041 807 2119 830 eum
2132 794 2254 840 viqinti
2267 794 2336 828 duo
2353 792 2464 829 millia
2513 830 2524 838 ,

1453 846 1608 881 virorum
1631 845 1849 887 dimiserunt,
1866 848 1897 879 et
1918 848 2054 877 tantum
2069 842 2185 877 decem
2202 838 2314 876 millia
2330 850 2408 875 cum
2427 851 2465 876 eo
2519 875 2521 880 ,

1456 898 1713 928 remanserunt.

1457 967 1555 1014 (Car.
1575 968 1655 1014 vu.)
1690 967 1856 1013 Dimitque
1881 966 2051 1002 Dominus
2073 965 2120 1001 ad
2150 962 2288 1000 Gedeon
2305 963 2468 1000 :Multus

1410 1033 1521 1063 tecum
1535 1033 1584 1063 est
1598 1027 1762 1074 populus,
1779 1038 1839 1062 nec
1858 1027 2016 1061 tradetur
2032 1025 2179 1060 Madian
2191 1026 2227 1059 in
2238 1035 2362 1059 manus
2376 1023 2467 1069 ejtts,

1410 1098 1451 1122 ne
1469 1086 1638 1132 qlorietur
1657 1092 1776 1121 contra
1803 1097 1855 1120 me
1877 1084 2002 1126 Israel,
2027 1090 2059 1119 et
2084 1084 2177 1118 dicat
2197 1093 2208 1117 .·
2231 1082 2319 1117 Meis
2339 1082 2468 1117 viribus

1414 1147 1579 1182 liberatus
1608 1157 1699 1182 sum.
1727 1146 1882 1192 Loquere
1910 1145 1954 1180 ad
1980 1143 2158 1190 populum,
2194 1149 2225 1178 et
2254 1143 2385 1178 cunctis
2407 1153 2471 1177 au-

1414 1196 1758 1251 dientibus'proeclica
1776 1216 1788 1239 .·
1809 1205 1877 1246 Qui
1894 1203 2140 1248 formidolosus
2169 1208 2199 1236 et
2231 1202 2374 1237 timidus
2403 1207 2469 1244 est,

1411 1273 1613 1302 revertatur.
1654 1266 1948 1309 Recesseruntque
1975 1263 2017 1298 de
2043 1269 2158 1297 nieme
2185 1261 2335 1305 Galaad,
2362 1268 2394 1297 et
2419 1274 2473 1298 re—

1411 1328 1498 1362 versi
1522 1332 1601 1361 sant
1624 1336 1666 1360 eac
1683 1324 1810 1370 populo
1831 1323 1952 1369 viqinti
1968 1329 1999 1358 et
2017 1323 2086 1358 duo
2106 1323 2216 1359 millia
2242 1324 2410 1365 virorum,
2439 1330 2472 1359 et

1412 1391 1547 1421 tantum
1567 1385 1683 1420 decem
1699 1383 1811 1419 millia
1826 1389 2076 1419 remanserunt.
2101 1383 2194 1426 Quid
2208 1389 2263 1419 est
2277 1384 2371 1429 quod
2395 1384 2471 1419 sor-

1413 1445 1577 1482 midolosi
1595 1451 1631 1482 et
1645 1445 1772 1487 timidi,
1792 1449 1981 1490 postquam
1999 1443 2050 1479 eis
2065 1443 2298 1489 praedicatum
2310 1443 2474 1488 estquod

1414 1505 1637 1542 formidolosi
1658 1515 1678 1540 a
1699 1504 1828 1540 castris
1854 1503 2075 1545 secederent,
2104 1513 2168 1548 per
2199 1512 2389 1538 numerum
2416 1502 2473 1538 vi-

1416 1568 1501 1611 cies,
1523 1572 1560 1602 et
1581 1566 1637 1602 bis
1654 1565 1895 1601 millenarium
1913 1563 2107 1600 recessisse
2126 1563 2261 1599 inventi
2278 1563 2388 1598 sunt?
2403 1561 2475 1599 nisi

1416 1628 1509 1674 quod
1529 1637 1667 1670 omnes,
1698 1626 1759 1672 qui
1789 1626 1826 1661 in
1850 1625 1988 1661 unitate
2016 1624 2111 1667 fidei,
2136 1629 2172 1659 et
2191 1623 2393 1659 dilectionis
2413 1633 2474 1660 so-

1416 1689 1546 1724 cietate
1564 1698 1635 1723 non
1652 1691 1878 1733 permanent,
1901 1685 2029 1720 merito
2052 1695 2072 1719 a
2096 1683 2228 1720 Christi
2254 1684 2393 1727 militia,
2415 1683 2476 1720 ubi

1417 1750 1595 1796 spiritales
1615 1749 1838 1784 trucidantur
1855 1748 1991 1790 hostes,
2012 1751 2052 1781 ut
2071 1745 2214 1791 reprobi
2237 1744 2472 1790 abjiciuntur:

1416 1811 1580 1847 binarius
1601 1810 1697 1845 enim
1724 1819 1908 1851 numerus,
1930 1807 1991 1853 qui
2008 1808 2051 1843 ab
2068 1806 2205 1842 unitate
2228 1806 2367 1852 primus
2387 1805 2477 1841 divi-

1419 1875 1533 1918 ditur,
1558 1885 1629 1910 non
1648 1883 1788 1920 semper
1809 1874 1940 1909 bonam
1968 1872 2004 1907 in
2031 1871 2227 1917 Scripturis
2257 1871 2382 1914 sacris,
2413 1870 2477 1906 sed

1418 1935 1608 1979 aliquando
1643 1933 1863 1970 contrariam
1896 1932 2192 1978 significationem
2219 1931 2339 1967 habet.
2370 1930 2475 1974 Nota,

1418 1995 1545 2037 lector,
1565 1995 1659 2039 quod
1676 1995 1711 2029 in
1733 1993 1860 2040 viginti
1877 1994 2015 2029 duobus
2035 1992 2269 2034 undenarius,
2285 1991 2346 2037 qui
2363 1995 2478 2026 trans-

283 2033 418 2076 veuere’
439 2040 471 2069 et
493 2046 549 2070 ²¹⁰³
565 2035 602 2070 5⁷²
621 2036 713 2071 ‘’mni
737 2042 844 2079 ‘erra’
863 2041 934 2072 etc·
974 2036 1141 2073 PraeVidit
1164 2047 1250 2083 ergo
1268 2047 1347 2083 my·
1367 2066 1396 2107 C
1418 2054 1641 2100 gressionem
1661 2053 1750 2098 legis
1770 2053 1960 2098 significat,
1981 2052 2036 2087 bis
2059 2058 2114 2087 est
2129 2052 2422 2095 comprehensus,
2444 2054 2480 2085 et

284 2092 435 2127 sterium
456 2093 615 2128 victoriae
649 2093 809 2137 Gedeon,
838 2100 874 2130 et
902 2100 1036 2138 tamen,
1073 2095 1155 2131 licet
1187 2095 1291 2131 fortis
1313 2101 1349 2131 ct

285 2150 392 2193 fidus,
424 2152 587 2196 pleniora
625 2154 742 2189 adhuc
778 2154 820 2189 de
856 2155 1008 2190 Domino
1035 2155 1165 2190 suturae
1190 2155 1348 2190 victoriae

286 2210 500 2246 documenta
537 2212 745 2256 quaerebat,
785 2217 824 2247 ut
857 2223 927 2247 una
961 2217 1066 2248 noete
1110 2213 1200 2248 lanae
1235 2213 1349 2249 vellus

285 2268 322 2303 in
358 2279 442 2304 area
469 2275 632 2314 poneret,
666 2275 702 2305 et
727 2276 824 2306 esset
857 2282 964 2316 super
989 2272 1074 2306 illud
1101 2273 1349 2307 tantummodo

286 2338 359 2371 ros,
385 2333 422 2363 ct
445 2339 552 2374 super
580 2340 725 2365 omnem
752 2335 886 2366 terram
906 2332 1069 2374 siccitas;
1097 2339 1134 2368 ct
1163 2343 1287 2368 rursus
1307 2333 1350 2368 si-

286 2388 418 2424 militer
435 2395 587 2435 poneret
608 2390 735 2434 vellus,
768 2397 803 2426 et
838 2402 945 2438 super
977 2398 1090 2429 totam
1124 2399 1256 2430 terram
1289 2406 1349 2431 ros

286 2451 440 2496 plueret,
462 2457 500 2487 et
515 2452 661 2488 siccitas
681 2459 777 2489 esset
799 2454 835 2489 in
855 2455 998 2491 vellere.
1040 2455 1176 2499 Quaerit
1193 2456 1349 2493 sortasse

286 2511 416 2556 aliquis
443 2518 566 2548 utrum
598 2514 701 2559 quasi
733 2515 941 2552 incredulus
974 2526 1052 2552 csse
1079 2517 1258 2561 videatur,
1288 2518 1349 2563 qui

285 2573 534 2619 frequentibus
552 2575 629 2621 Jam
644 2575 762 2612 fuerat
786 2577 929 2613 indiciis
954 2577 1196 2616 informatus?
1231 2579 1346 2615 Absit.

286 2635 366 2672 Non
397 2637 493 2671 enim
522 2636 581 2672 ille
610 2638 800 2682 ambiguus
830 2643 922 2682 erat,
945 2639 1008 2675 sed
1028 2640 1198 2676 nimirum
1229 2639 1349 2675 sutura

285 2697 457 2741 mysteria
479 2698 712 2741 praevidebat,
739 2710 819 2744 quae
838 2700 946 2735 etiam
963 2701 1134 2745 providus
1151 2700 1350 2746 diligentis-

287 2755 377 2790 sime
401 2756 624 2801 explorabat,
663 2764 703 2794 ut
735 2760 888 2804 amplius
925 2761 1091 2798 crederet
1121 2763 1346 2809 mysterium,

287 2815 370 2850 dum
389 2815 628 2853 intellexisset
644 2819 843 2855 oraculum.
878 2819 970 2864 Quid
996 2831 1082 2867 ergo
1111 2821 1224 2858 vellus
1255 2832 1351 2858 com-

285 2875 426 2920 plutum
441 2881 477 2912 et
495 2887 581 2912 area
603 2878 723 2914 sicca?
740 2883 776 2914 et
792 2885 916 2925 postea
936 2882 1116 2927 compluta
1134 2893 1230 2925 area,
1253 2882 1350 2918 sicco

286 2935 446 2971 vellere?
463 2937 533 2973 nisi
548 2938 645 2983 quod
663 2939 780 2984 primo
797 2951 869 2975 una
889 2951 976 2986 gens
991 2941 1225 2977 Hem-aeorum
1240 2942 1350 2977 habe-

285 2994 348 3030 bat
363 2997 488 3040 gratiae
504 2999 730 3042 mysterium,
750 3005 848 3035 totus
865 3001 963 3035 orbis
980 3011 1113 3036 vacuus
1133 3007 1230 3044 e1·at;
1252 3013 1350 3039 nunc

287 3059 407 3091 autem
427 3055 462 3090 in
483 3056 770 3092 manifestatione
790 3057 922 3093 Christi
944 3065 1039 3095 totus
1058 3060 1156 3096 orbis
1183 3062 1251 3097 hoc
1284 3063 1348 3098 lia-

285 3115 360 3158 bet‚
378 3115 438 3151 illa
457 3126 572 3151 vacua
593 3121 660 3152 est.
699 3117 793 3152 Area
814 3119 910 3153 enim
926 3119 985 3154 illa
1001 3126 1115 3156 totum
1131 3122 1256 3158 orbem
1275 3129 1349 3159 ter-

287 3184 410 3210 rarum
426 3174 616 3221 significat.
651 3175 813 3222 Denique
831 3178 973 3223 quando
993 3184 1089 3215 totus
1115 3180 1213 3217 orbis
1234 3182 1350 3218 infru-

289 3241 414 3273 ctuoso
433 3237 532 3273 cultu
551 3238 696 3284 gentilis
713 3240 979 3285 superstitionis
999 3241 1136 3284 arebat,
1159 3248 1245 3278 tunc
1266 3249 1348 3279 erat

288 3307 349 3334 ros
378 3297 438 3334 ille
465 3298 623 3335 coelestis
644 3299 864 3337 visitationis
882 3301 920 3337 in
938 3302 1083 3339 vellere.
1119 3303 1250 3340 Postea
1262 3315 1350 3341 vero

289 3370 398 3406 quam
421 3371 505 3398 oves
528 3362 712 3407 perierant
734 3363 862 3400 domus
885 3363 1015 3408 Israel,
1040 3375 1119 3411 quae
1146 3367 1212 3403 sub
1233 3366 1351 3413 figura

289 3421 432 3457 velleris
452 3422 813 3469 demonstrabantur,
841 3430 878 3461 et
905 3436 992 3462 oves
1011 3426 1080 3462 illae
1097 3426 1234 3463 fontem
1251 3437 1354 3474 aquae

290 3481 381 3518 vivae
394 3489 630 3529 negaverunt,
648 3494 709 3522 ros
726 3485 811 3523 fidei
835 3488 979 3524 exaruit
994 3488 1031 3523 in
1055 3489 1264 3535 pectoribus
1287 3489 1352 3526 Ju-

291 3542 469 3586 daeorum,
507 3544 735 3592 gratiamque
766 3556 868 3583 suam
900 3547 1015 3584 imber
1045 3548 1107 3585 ille
1140 3549 1282 3586 divinus
1315 3549 1354 3586 in

292 3604 403 3640 corda
431 3605 593 3652 gentium
614 3606 799 3643 dirivavit.
834 3608 920 3645 Inde
948 3615 1004 3646 est
1032 3610 1128 3656 quod
1157 3621 1254 3647 nunc
1272 3609 1356 3648 fidei

293 3676 375 3703 rore
395 3671 492 3704 totus
511 3669 608 3706 orbis
630 3670 831 3715 humescit;
850 3671 964 3709 ludaei
989 3683 1076 3709 vero
1102 3674 1292 3721 prophetia
1320 3679 1357 3712 et

296 3728 460 3765 omnihus
478 3730 760 3769 charismatibus
775 3738 914 3770 carent.
948 3733 1023 3771 Nee
1042 3735 1174 3771 mirum
1199 3736 1229 3772 si
1249 3733 1357 3782 perfi-

1419 2113 1595 2158 intelliges
1615 2111 1710 2157 quod
1730 2110 1792 2155 qui
1808 2110 1955 2145 unitatis
1976 2114 2012 2144 et
2031 2109 2233 2145 dilectionis
2250 2108 2386 2144 foedera
2406 2119 2479 2144 non

1418 2177 1558 2214 servat,
1579 2177 1826 2217 transgressor
1840 2175 1895 2205 est
1909 2170 2010 2215 legis.
2040 2169 2087 2203 At
2101 2175 2226 2205 contra
2243 2168 2303 2213 qui
2317 2175 2482 2205 constan-

1420 2237 1473 2267 tes
1493 2232 1614 2266 animo
1636 2231 1672 2265 in
1691 2230 1785 2265 bello
1807 2229 1940 2274 reperti
1963 2233 2065 2272 sunt,
2098 2227 2299 2263 millenario
2329 2237 2481 2264 numero

1418 2302 1482 2337 per
1499 2292 1623 2327 decem
1643 2290 1882 2335 multiplicato
1901 2289 2014 2325 notati
2034 2289 2169 2324 inventi
2187 2296 2282 2324 sunt.
2303 2289 2482 2325 Denarius

1419 2352 1514 2388 enim
1530 2361 1700 2387 numerus
1718 2351 1756 2386 in
1771 2350 1831 2385 illa
1848 2350 2113 2396 progressione,
2134 2359 2212 2395 quae
2240 2349 2279 2384 fit
2309 2359 2326 2383 a
2357 2350 2482 2386 decem

1419 2423 1534 2457 usque
1551 2413 1596 2448 ad
1615 2417 1773 2455 centum,
1796 2421 1889 2446 unus
1908 2421 1950 2446 ac
1967 2412 2106 2457 primus
2121 2416 2194 2454 est;
2215 2416 2251 2447 et
2265 2411 2344 2447 ideo
2368 2411 2481 2456 signi-

1419 2473 1528 2509 ficare
1552 2472 1727 2508 unitatem
1754 2471 1837 2507 fidei
1867 2481 1909 2506 ac
1937 2471 2144 2507 societatem
2167 2477 2299 2507 sanctae
2322 2471 2483 2507 dilectio-

1421 2537 1475 2572 nis
1498 2536 1604 2571 valet.
1637 2535 1769 2570 Decem
1802 2544 1887 2581 ergo
1915 2540 2095 2580 praecepta
2124 2540 2207 2570 sunt
2236 2535 2339 2580 legis.
2381 2534 2482 2571 Unde

1421 2600 1569 2642 apparet
1582 2596 1676 2640 quod
1694 2595 1856 2640 quisquis
1870 2594 1958 2640 legis
1977 2594 2091 2630 tidelis
2104 2600 2292 2630 exsecutor
2309 2599 2377 2638 est,
2401 2594 2484 2631 fidei

1420 2662 1456 2693 et
1485 2656 1675 2692 charitatis
1705 2655 1916 2691 verissimus
1950 2660 2070 2691 custos
2097 2659 2162 2691 est.
2191 2654 2264 2690 Nee
2289 2654 2375 2690 illud
2403 2655 2482 2690 sine

1420 2718 1592 2764 mysterio
1619 2727 1699 2753 esse
1724 2716 1867 2752 videtur
1887 2717 1983 2761 quod
2001 2716 2036 2751 in
2058 2721 2179 2752 monte
2202 2715 2337 2752 Galaad
2355 2716 2480 2761 vig-inti

1420 2781 1491 2817 duo
1509 2780 1618 2816 millia
1643 2779 1814 2815 recedere
1844 2789 1863 2814 a
1895 2779 2024 2814 castris
2055 2778 2200 2814 Gedeon
2230 2778 2480 2824 perhibentur,

1420 2842 1481 2877 ubi
1501 2842 1623 2877 decem
1639 2841 1750 2876 millia
1770 2846 2064 2886 permanserunt3
2087 2841 2221 2877 Galaad
2236 2840 2365 2885 quippe
2385 2851 2484 2875 acer-

1421 2914 1480 2937 vus
1500 2902 1688 2937 testimonii
1709 2902 1980 2948 interpretatur,
2005 2902 2064 2937 ubi
2091 2900 2295 2937 ,Iudaeorum
2313 2900 2484 2938 formido-

1420 2962 1558 3005 lositas,
1581 2968 1617 2998 et
1632 2962 1793 3009 gentium
1812 2962 2013 2998 constantia
2034 2949 2184 3007 probata
2201 2967 2256 2997 est
2275 2974 2282 2997 :
2299 2962 2383 3007 quia
2399 2972 2480 2998 cum

1419 3022 1469 3058 illi
1488 3023 1646 3059 litteram
1670 3024 1760 3070 leg1s
1775 3024 1951 3060 habentes
1967 3023 2155 3070 praesentis
2173 3023 2255 3059 vitae
2269 3024 2363 3059 bona
2380 3023 2485 3059 amit·

1418 3088 1496 3120 tere
1516 3085 1740 3127 metuebant,
1761 3090 1798 3120 et
1815 3085 1860 3120 ob
1877 3084 1946 3120 hoe
1960 3084 2003 3119 ad
2018 3083 2124 3120 fidem
2139 3083 2273 3120 Christi
2289 3083 2482 3120 convenire

1418 3145 1601 3188 nolebant,
1630 3145 1735 3190 quasi
1763 3145 1960 3190 degeneres
1983 3154 2026 3180 ae
2052 3143 2196 3189 reprobi
2222 3143 2353 3189 abjecti
2378 3147 2479 3184 sunt;

1417 3203 1475 3239 isti
1493 3215 1577 3239 vero
1597 3204 1811 3249 spiritaliter
1830 3204 1946 3249 legem
1960 3208 1996 3237 et
2011 3202 2206 3247 prophetas
2223 3201 2479 3246 intelligentes,

1421 3268 1456 3298 et
1486 3265 1532 3298 ol)
1558 3265 1628 3298 hoc
1655 3263 1779 3298 sutura
1809 3264 1904 3298 hona
1932 3266 2131 3306 sperantes,
2161 3260 2344 3295 constanti
2361 3259 2482 3295 animo

1422 3321 1554 3358 Christi
1578 3322 1731 3367 gratiam
1747 3321 1977 3366 appetebant,
1995 3320 2091 3356 unde
2108 3329 2147 3356 se
2166 3319 2299 3358 salvari
2317 3327 2424 3365 posse
2445 3319 2482 3354 in

1423 3389 1599 3420 aeternum
1619 3382 1827 3419 eredebant.

1427 3508 1479 3544 De
1497 3507 1700 3555 probatione
1717 3517 1760 3553 po
1784 3504 1835 3542 uli
1855 3505 1901 3541 ad
1918 3515 2043 3551 aquas,
2058 3503 2119 3539 ubi
2137 3502 2179 3539 de
2195 3501 2312 3538 decem
2327 3499 2481 3537 millibus
2509 3488 2515 3490 .

1472 3561 1608 3592 tantum
1632 3554 1678 3589 ad
1699 3552 1752 3590 bel
1767 3554 1898 3588 andum
1918 3551 2059 3587 trecenti
2087 3554 2362 3602 permanserunt,
2393 3557 2480 3594 quos

1473 3612 1551 3638 cum
1571 3601 1663 3638 tubis
1674 3627 1683 3645 ,
1706 3598 1926 3646 lampadibus
1945 3603 1977 3633 et
1998 3597 2130 3644 lagenis
2149 3600 2310 3632 armavi-t.

1473 3675 1591 3724 (lem.)
1615 3675 1780 3722 Dixitque
1805 3674 1978 3710 Dominus
2001 3673 2047 3709 ad
2075 3670 2216 3708 Gedeon
2235 3679 2247 3704 .·
2265 3669 2390 3706 Adbuc
2413 3676 2483 3716 pti-.-

1423 3734 1527 3783 pulus
1545 3733 1677 3770 multus
1699 3740 1764 3778 est,
1791 3734 1859 3770 duc
1885 3744 1944 3770 eos
1971 3731 2018 3769 ad
2039 3742 2163 3779 aquas,
2194 3735 2226 3766 et
2254 3729 2302 3767 ibi
2327 3725 2457 3775 probat

288 3784 367 3829 ,ὤθει
391 3790 548 3829 subeunt
572 3792 804 3849 siccitatem,
829 3805 922 3843 quos
947 3794 1132 3854 Dominus·
1155 3798 1356 3848 prophetici
1368 3794 1529 3853 ...27le
1544 3795 1635 3851 etde
1652 3806 1724 3850 quo
1739 3793 2151 3851 4⁵?9TR„¹²J¹?²'⁹.².⁴U?⁶¹⁴”⁸
2165 3790 2283 3838 vadat,
2302 3790 2376 3839 ipse
