2540 4016
116 172 166 211 55
769 163 1105 204 couttENTAmA
1127 163 1175 202 ΙΝ

115 244 225 282 miter
243 244 282 281 in
299 244 407 282 cordo
423 245 580 285 remu,
600 249 726 276 onnes
741 234 939 276 ‘interiores
955 239 1068 276 animi
1084 239 1172 276 affe-

116 313 196 344 ctus
211 311 344 355 purgat
366 310 405 342 ot
428 304 627 347 ern-dat,
660 311 705 339 ac
732 307 1049 338 sacramentorum
1067 301 1177 338 coele-

117 371 229 407 stinm
259 367 416 406 nahum
446 366 631 403 hominem
659 364 805 402 efficiet.
842 363 1027 400 Habetin}
1058 369 1176 399 autem

116 432 208 467 hunc
223 430 315 466 diem
327 428 366 464 in
377 433 655 470 monumentarii,
676 431 709 462 et
723 424 941 462 celebrabitis
957 434 1036 461 eum
1053 424 1177 460 solem-

116 503 194 528 nem
209 489 378 532 Domino,
405 489 442 524 in
470 488 750 535 generationibus
769 487 893 523 vestris
917 486 1016 522 cultu
1042 486 1172 533 sempi-

115 550 309 599 terno-(Ex
322 549 549 596 Auynstino.)
564 549 667 594 Quod
680 548 853 594 scriptum
876 553 947 592 est,
967 547 1013 583 Et
1033 546 1173 583 facietis

112 612 207 651 diem
222 611 321 647 hunc
336 611 375 647 in
393 610 583 657 progenies
602 615 745 645 vestras
759 608 961 655 legitimum
981 612 1170 651 aeternum,

113 671 167 708 vel
175 671 398 714 aeternalem,
410 670 507 717 quod
519 669 644 706 Graece
659 670 793 706 dicitur
807 671 950 712 αἰώνιον,
965 678 1038 704 non
1048 668 1101 704 sic
1114 677 1173 704 ac-

111 733 315 780 cipiendum
331 739 387 770 est
403 739 574 780 tanquam
586 734 700 780 possit
710 734 862 770 istorum
871 730 1170 779 praetereuntium

110 794 187 832 dies
203 804 284 831 esse
299 795 395 832 ullus
419 801 590 838 aeternus,
611 795 674 832 sed
693 795 781 830 illud
802 799 978 830 aeternum
1000 798 1056 830 est
1075 792 1171 838 quod

109 856 178 894 iste
196 858 377 905 significat
393 859 485 903 dies,
507 859 607 895 velut
626 869 708 895 cum
727 858 880 894 dicimus
904 859 1021 904 ipsum
1056 857 1170 893 Deum

108 925 299 964 aeternum,
319 931 391 958 non
405 922 530 966 utique
543 921 630 957 istas
653 921 742 956 duas
766 919 920 967 syllabas
941 923 1096 955 aeternas
1113 917 1170 953 di-

107 981 238 1025 cimus,
261 982 324 1018 sed
353 981 447 1028 quod
481 981 699 1028 significant.
735 981 950 1027 Quanquam
978 979 1170 1026 diligenter

108 1043 343 1080 scrutandum
364 1043 413 1079 sit
431 1044 611 1088 quomodo
631 1043 815 1090 appellare
839 1042 1026 1088 Scriptura
1057 1042 1173 1078 soleat

106 1109 297 1148 aeternum,
331 1114 376 1140 ne
395 1103 489 1141 sorte
506 1105 558 1140 ita
578 1104 712 1141 dixerit
743 1105 956 1141 solemniter
977 1110 1170 1147 aeternum,

105 1175 213 1213 quem
231 1165 333 1202 nefas
352 1166 511 1203 habeant
539 1167 823 1214 praetermittere
862 1172 924 1203 aut
951 1177 1017 1203 sua
1044 1171 1171 1212 sponte

105 1231 261 1262 mutare.
295 1226 401 1262 Aliud
420 1233 477 1263 est
495 1227 592 1263 enim
612 1227 708 1274 quod
735 1228 956 1274 praecipitur,
979 1236 1170 1274 quousque

103 1285 168 1322 fiat
194 1287 288 1324 sicut
316 1295 538 1335 praeceptum
554 1294 625 1333 est,
653 1294 694 1325 ut
713 1290 846 1337 septies
869 1299 994 1326 muros
1024 1289 1170 1326 ,Iericho

104 1349 276 1386 circuiret
290 1360 374 1386 arca
395 1361 406 1394 3
429 1350 526 1388 aliud
544 1362 627 1387 cum
654 1352 866 1398 praecipitur
899 1351 952 1388 sic
981 1349 1170 1386 observari

104 1410 311 1457 aliquid‚ut
329 1411 449 1448 nullus
475 1413 653 1449 terminus
684 1414 910 1459 praefiniatur
945 1412 1170 1449 observatio-

104 1472 174 1515 nis,
201 1473 276 1509 sive
290 1474 465 1519 quotidie,
498 1474 575 1510 sive
605 1484 670 1520 per
691 1484 850 1517 menses,
879 1474 956 1511 sive
971 1483 1038 1520 per
1054 1482 1169 1508 annos

106 1533 328 1577 solemniter,
361 1535 437 1571 sive
461 1545 526 1582 per
555 1536 766 1578 multorum,
789 1536 864 1571 sive
882 1536 1086 1580 aliquorum
1105 1544 1170 1569 an-

105 1606 235 1632 norum
253 1600 353 1631 certa
369 1596 568 1631 intervalla.
594 1596 666 1631 Aut
680 1606 767 1642 ergo
786 1596 839 1631 sic
857 1595 1051 1641 appellavit
1064 1600 1170 1629 teter-

105 1667 206 1700 num,
233 1657 328 1703 quod
356 1668 428 1693 non
456 1668 521 1693 sua
541 1662 668 1703 sponte
701 1658 857 1694 audeant
878 1658 1044 1694 desinere
1075 1658 1169 1694 cele-

106 1717 234 1761 brare;
255 1723 317 1754 aut
335 1718 427 1754 sicut
447 1718 534 1760 dixi,
556 1723 596 1753 ut
615 1728 687 1754 non
716 1719 790 1764 ipsa
812 1719 913 1765 signa
934 1727 1070 1762 rerum,
1106 1719 1170 1755 sed

104 1789 163 1816 res
182 1790 262 1826 quae
278 1780 335 1816 his
357 1779 608 1826 significantur
639 1786 785 1816 aeternae
810 1781 1070 1828 intelligantur.
1103 1782 1168 1818 Se-

101 1844 194 1885 ptem
208 1839 329 1875 diebus
343 1851 467 1886 azyma
489 1840 688 1876 comedetis.
726 1840 770 1876 In
795 1841 852 1877 die
869 1843 982 1887 primo
1000 1854 1070 1878 non
1102 1844 1168 1879 erit

102 1898 309 1946 firmentum
322 1900 362 1935 in
382 1899 542 1936 domibus
565 1901 702 1936 vestris.
747 1900 954 1948 Quicunque
979 1903 1168 1939 comederit

101 1958 362 2008 fermentatum,
383 1962 507 2009 iter-ibit
526 1962 644 1998 anima
663 1962 759 1998 illius
777 1963 819 1999 de
838 1962 968 2007 Israel,
1002 1974 1024 1999 a
1051 1964 1165 2011 primo

98 2023 158 2059 aie
184 2033 294 2070 usque
319 2023 366 2059 ad
399 2023 492 2060 diem
527 2025 725 2071 septimum.
773 2024 867 2069 Quid
897 2027 1071 2072 estquod
1092 2027 1164 2063 Pa-

96 2085 190 2121 scha
211 2084 461 2121 celebraturos
492 2090 633 2131 septem
666 2085 793 2137 diebus
822 2096 951 2133 azyma
975 2086 1080 2132 jubet
1099 2098 1164 2124 co-

99 2146 258 2189 medere,
276 2146 345 2183 nisi
363 2147 458 2192 quod
475 2157 602 2183 omnes
616 2147 677 2193 qui
693 2147 876 2193 passionis
900 2148 1037 2185 Christi
1057 2154 1094 2185 et
1110 2160 1168 2185 re-

102 2208 337 2245 surrectionis
352 2209 430 2255 ejus
453 2208 626 2256 mysteria
646 2208 716 2245 fide
731 2219 817 2246 vera
839 2209 1040 2255 celebrant,
1062 2220 1169 2257 opor-

101 2272 154 2304 tet
170 2272 212 2303 ut
234 2268 312 2305 sine
324 2267 503 2305 fermento
528 2269 677 2305 malitiae
697 2274 734 2306 et
761 2270 933 2316 nequitias
949 2276 1168 2317 praesentem

101 2328 229 2373 vitam,
249 2339 330 2375 quae
344 2331 549 2376 septenario
565 2331 706 2368 dierum
725 2341 878 2369 numero
907 2332 1093 2376 discurrit,
1114 2340 1168 2370 to-

101 2394 176 2427 tam
204 2390 534 2428 incontaminatam
556 2392 725 2429 ducant?
764 2393 869 2430 Unde
906 2400 944 2430 et
970 2395 1163 2440 sequitur:

102 2448 197 2494 Dies,
217 2450 348 2497 inquit,
367 2451 482 2498 prima
492 2452 563 2488 erit
580 2461 702 2490 sancta
719 2459 822 2501 atque
836 2453 1000 2491 solemnis
1017 2464 1029 2489 .·
1048 2461 1079 2491 et
1093 2455 1168 2492 dies

100 2509 248 2557 septima
265 2510 388 2547 eadem
405 2511 593 2558 festivitate
607 2515 828 2551 venerabilis.
857 2515 960 2551 Nihil
981 2518 1095 2561 operis
1116 2517 1168 2563 sa-

100 2570 199 2607 cietis
223 2572 262 2606 in
274 2573 340 2616 eis,
353 2574 505 2620 exceptis
522 2569 576 2610 his
590 2586 668 2621 quae
684 2575 730 2611 ad
745 2577 950 2612 vescendum
965 2578 1138 2623 pertinent
1153 2588 1167 2621 ‚-

102 2632 328 2668 etsemabitis
349 2645 488 2680 azyma.
527 2635 631 2671 Diem
656 2637 814 2682 primam
850 2637 995 2673 initium
1013 2637 1170 2673 creduli-

103 2693 200 2735 tatis,
218 2697 255 2730 et
265 2693 361 2730 diem
381 2695 573 2741 septimam
589 2695 699 2732 linem
709 2697 897 2743 praesentis
908 2702 1026 2734 vocat.
1052 2697 1168 2735 Omne

100 2753 200 2792 nim
222 2759 364 2801 tempus
385 2756 576 2802 praesentis
590 2757 673 2794 vitae
690 2759 860 2795 convenit
882 2759 978 2796 veris
994 2759 1167 2798 Israelitis

102 2810 272 2853 festivum
290 2816 438 2862 ducere,
452 2817 522 2856 hoe
532 2823 590 2856 est
619 2820 658 2856 in
676 2821 858 2867 passionis
875 2828 912 2858 et
931 2824 1167 2861 resurreetio-

100 2877 160 2915 ὣς
176 2877 313 2916 Christi
334 2882 510 2928 mysterio
542 2882 743 2928 honorare3
772 2883 935 2931 nihilque
972 2885 1094 2932 operis
1126 2886 1165 2923 iu

138 2980 154 2994 -„
197 2938 335 2986 faeere,
355 2942 517 2989 exceptis
532 2941 591 2979 his
621 2953 704 2990 quae
738 2945 784 2981 ad
800 2945 1020 2982 vescendum
1048 2947 1164 2993 perti-

163 3004 167 3006 ’
208 3013 218 3037 :
234 3001 321 3049 quia
339 3013 412 3040 non
429 3002 516 3040 licet
538 3004 593 3041 eis
612 3005 651 3040 in
669 3004 795 3041 mundi
813 3006 1109 3053 concupiscentia
1127 3013 1165 3045 et

96 3055 332 3117 ,Quorum
341 3072 452 3110 opere
459 3063 639 3110 laborare,
651 3065 715 3102 sed
728 3064 766 3101 in
780 3065 1015 3104 meditatione
1022 3073 1166 3105 sancta-

95 3120 184 3176 *tim
195 3121 470 3170 scripturarum
489 3131 599 3172 atque
613 3125 651 3162 in
668 3126 775 3163 bonis
792 3126 964 3173 operibus
978 3137 1049 3174 qua
1063 3135 1165 3167 aeter-

88 3182 186 3237 *n
195 3182 235 3221 in
243 3183 347 3222 eoetis
354 3184 592 3224 refectionem
606 3188 743 3224 sanctis
758 3194 980 3236 praeparant,
990 3191 1164 3229 continuo

178 3265 181 3274 ·
201 3264 206 3277 ·
225 3264 242 3279 .·
282 3273 293 3282 .
316 3244 421 3285 unde
452 3249 641 3295 seq'tfitur:
662 3247 786 3286 Prinna
803 3261 933 3296 mense,
951 3258 1080 3299 quarta
1102 3252 1164 3291 de-

151 3345 153 3347 .
180 3325 184 3334 «
215 3305 274 3344 ate
294 3308 424 3346 mensis
450 3307 496 3346 ad
514 3320 706 3358 vesper-arn,
735 3311 922 3349 comedetis
935 3322 1079 3360 azyma,
1098 3325 1162 3351 us-

173 3365 232 3420 jad
247 3368 344 3406 diem
374 3368 576 3418 vigesimum
604 3372 758 3419 primum
785 3373 945 3420 eJusdem
967 3375 1096 3412 mensis
1115 3374 1163 3412 ad

175 3465 180 3471 ,
201 3451 218 3480 ,3
281 3455 293 3467 .
325 3428 421 3478 Quid
436 3430 619 3480 significat
629 3436 782 3480 vespera
797 3439 928 3480 quarta
941 3434 1084 3481 decima
1092 3434 1165 3472 diei

213 3499 215 3503 ·
250 3534 255 3541 ‚
370 3517 384 3540 ,
396 3491 438 3529 in
453 3496 527 3540 quo
543 3488 687 3531 Pascha
701 3493 925 3531 celebratum
947 3493 1018 3540 est,
1032 3494 1164 3543 e'tagni

264 3566 268 3573 ⁴
290 3571 293 3578 ·
428 3570 466 3585 u».
516 3552 590 3603 nisi
616 3550 880 3604 depositionem
893 3557 1030 3595 veteris
1044 3555 1165 3595 homi-

238 3627 244 3645 ’Ὗ
256 3652 267 3655 -
282 3635 291 3669 3
330 3644 350 3658 ,-
380 3615 398 3659 j
414 3639 421 3643 -‹
431 3630 446 3646 ν
456 3617 687 3664 *versationis
702 3621 806 3656 novae
819 3618 966 3666 quodin
981 3618 1165 3667 baptismo

387 3684 479 3710 ιἰν
501 3676 1160 3728 euehuntur-tnndeempostotus:

337 3757 356 3776 n
474 3774 486 3783 .
511 3737 683 3795 maest
702 3747 826 3780 sumus
851 3742 892 3780 in
906 3740 1047 3780 Christo
1059 3742 1162 3789 Iesu,

282 3823 286 3830 -
435 3807 447 3854 4
487 3797 1164 3855 munt-eputamus-

1197 163 1407 203 Exponit.
1434 185 1481 191 —
1502 165 1592 202 ΜΒ.
1619 165 1647 204 1.
2257 171 2307 209 54

1189 241 1226 282 A
1241 251 1318 276 mus
1337 250 1416 276 cum
1435 239 1499 276 illo
1528 251 1591 288 per
1613 240 1824 287 baptismum
1848 252 1887 278 in
1902 250 2038 288 morte;
2066 254 2104 283 ut
2131 250 2305 296 quomodo

1242 304 1433 340 resurrexit
1448 302 1611 341 Christus
1631 314 1653 339 a
1672 302 1821 340 mor-tuis
1845 312 1907 350 per
1934 303 2084 350 gloriam
2098 307 2231 353 Patris,
2255 311 2306 347 na

1236 370 1275 402 et
1290 375 1354 402 nos
1365 365 1406 401 in
1425 365 1576 402 novitate
1589 365 1668 402 vitae
1694 363 1913 401 ambulemus
1932 362 2054 413 (Rom.
2073 365 2142 414 vt).
2169 368 2266 416 Ergo
2286 381 2307 406 a

1238 437 1392 474 vespera
1407 432 1547 474 quartae
1577 426 1727 464 decimae
1742 426 1813 464 diei
1829 427 1940 474 primi
1960 427 2113 471 mensis,
2134 437 2201 474 per
2214 430 2308 467 inte-

1241 499 1343 538 gram
1373 488 1542 526 videlicet
1562 489 1818 535 septimanam,
1855 497 1985 535 azyma
2010 486 2180 533 iubemur
2209 500 2308 527 com-

1239 552 1362 595 edere,
1373 550 1456 596 quia
1471 561 1492 586 a
1510 550 1742 596 perceptione
1757 548 1853 586 sacri
1869 549 2116 596 baptismatis,
2131 559 2246 597 usque
2263 552 2308 589 ad

1239 611 1349 648 finem
1370 612 1456 648 vitae
1468 610 1684 658 simpliciter
1702 614 1741 646 et
1769 609 1849 646 sine
1868 609 1949 646 dolo
1970 609 2143 648 debemus
2167 611 2304 649 vivere.

1238 673 1343 710 Unde
1362 679 1398 710 et
1415 673 1547 710 Petrus
1569 673 1646 710 ait:
1664 672 1881 719 Deponentes
1912 684 2050 710 omnem
2073 673 2246 710 malitiam
2276 681 2308 711 et

1239 745 1374 771 omnem
1393 733 1526 777 dolum,
1549 741 1581 770 et
1597 733 1838 770 simulationes
1856 739 1887 770 et
1897 733 2051 770 invidias
2062 741 2093 771 et
2113 745 2231 771 omnes
2248 736 2309 772 cle-

1239 798 1442 841 tractiones,
1464 798 1552 833 sicut
1575 796 1679 832 modo
1699 796 1806 843 qeniti
1835 796 2006 842 infantes,
2043 796 2248 832 rationabile
2276 802 2308 832 et

1238 860 1312 894 sine
1335 858 1415 894 dolo
1436 858 1491 894 lac
1506 857 1751 904 concupiscite,
1771 863 1809 892 ut
1828 858 1865 893 in
1893 868 1932 893 eo
1957 858 2122 893 crescatis
2149 858 2186 893 in
2209 856 2309 893 salu-

1238 926 1320 955 tem.
1342 919 1535 964 Sequitur:
1561 919 1767 965 Quicunque
1784 918 1972 954 comederit
1988 918 2209 964 fermentum,
2229 930 2309 965 per-

1238 978 1302 1014 ibit
1320 980 1440 1014 anima
1458 978 1534 1024 ejus
1555 978 1597 1013 de
1614 978 1707 1013 coelis
1723 977 1852 1021 Israel,
1882 986 1954 1013 tam
1974 978 2016 1013 de
2043 978 2184 1014 advenis
2203 989 2308 1026 quam

1240 1040 1284 1076 de
1305 1039 1479 1086 indiyenis
1495 1045 1611 1075 terrm.
1642 1039 1732 1083 Quia
1753 1038 1926 1074 nimirum
1954 1040 2074 1076 omnis
2102 1042 2164 1086 qui
2185 1041 2308 1079 dolose

1240 1101 1343 1144 vivit,
1361 1106 1396 1136 et
1415 1111 1568 1137 erronea
1586 1100 1750 1137 doctrina
1767 1099 1938 1146 pollutus,
1958 1107 2177 1147 praesentem
2194 1104 2307 1139 vitam

1190 1158 1222 1197 B
1241 1173 1356 1210 usque
1373 1163 1417 1199 ad
1438 1162 1546 1198 finem
1567 1163 1792 1209 perduxerit,
1826 1168 1912 1199 tunc
1939 1169 2128 1210 separatus
2147 1164 2191 1200 de
2212 1171 2309 1202 coetu

1238 1231 1461 1268 sanctorum,
1481 1225 1665 1272 perpetuis
1680 1224 1902 1261 cruciatibus
1911 1225 1988 1261 sine
2008 1225 2078 1262 fine
2088 1226 2308 1272 puniendus,

1237 1285 1274 1322 in
1290 1292 1464 1322 :eternum
1484 1286 1630 1332 peribit.
1658 1284 1940 1333 Incurvatusque
1961 1287 2111 1334 populus
2132 1287 2307 1323 adoravit.

1238 1345 1286 1382 Et
1313 1346 1440 1393 egressi
1464 1346 1531 1392 filii
1549 1345 1664 1382 Israel
1701 1346 1856 1392 fecerunt
1873 1354 1964 1383 sicut
1994 1355 2206 1395 praeceperat
2239 1348 2310 1384 Do-

1237 1407 1354 1443 minus
1367 1406 1483 1453 Moysi
1497 1414 1528 1443 et
1546 1409 1679 1443 Aaron.
1716 1406 1774 1443 Fit
1791 1407 1928 1444 Pascha
1943 1408 1979 1444 in
1991 1409 2175 1446 occisione
2191 1409 2274 1456 agni
2297 1420 2307 1453 ;

1238 1469 1417 1506 occiditur
1432 1468 1612 1513 Christus,
1625 1469 1668 1505 de
1688 1479 1760 1516 quo
1774 1470 1811 1506 in
1820 1470 2016 1516 Evangelio
2031 1470 2165 1507 dicitur
2188 1483 2196 1506 :
2214 1471 2307 1506 Ecce

1237 1529 1358 1576 Agnus
1379 1529 1459 1572 Dei,
1494 1540 1571 1565 ecce
1589 1530 1649 1575 qui
1668 1529 1759 1565 tollit
1790 1536 1932 1577 peccata
1961 1531 2084 1566 mundi
2109 1530 2230 1578 (Joan.
2249 1529 2306 1582 ιιι).

1238 1590 1397 1637 Vespere
1417 1591 1626 1627 immolatur
1641 1602 1776 1637 agnus;
1795 1592 1833 1627 iu
1851 1602 2005 1636 vespera
2024 1591 2164 1634 mundi,
2177 1602 2307 1638 passus

1238 1657 1293 1689 est
1319 1651 1500 1688 Christus.
1541 1651 1784 1688 Prohibentur
1815 1651 1878 1697 qui
1899 1650 2039 1687 Pascha
2070 1651 2207 1687 faciunt
2225 1663 2306 1688 ossa

1237 1716 1425 1762 frangere3
1451 1726 1525 1752 non
1543 1714 1760 1761 franguntur
1778 1715 1814 1750 iu
1838 1724 1947 1750 cruce
1969 1724 2053 1750 ossa
2071 1714 2228 1758 Domini,
2249 1719 2305 1750 at-

1236 1784 1395 1815 testante
1414 1777 1651 1824 cvangelista,
1671 1777 1732 1823 qui
1749 1777 1837 1813 dicit
1857 1787 1865 1810 2
1887 1775 1935 1812 Os
1969 1776 2044 1822 ejus
2075 1787 2144 1812 non
2168 1777 2310 1812 commi-

1238 1842 1366 1877 nuetis.
1412 1839 1596 1886 Sanguine
1614 1838 1697 1883 agni
1733 1838 1939 1874 illiniuntur
1973 1838 2220 1874 israelitarum
2245 1848 2307 1883 po—

1234 1906 1325 1944 stes,
1338 1906 1556 1937 nevastator
1571 1900 1720 1947 angelus
1731 1900 1863 1936 audeat
1879 1898 2011 1935 inferre
2027 1898 2224 1945 perniciem
2237 1911 2246 1943 ;
2260 1901 2307 1935 si-

1233 1966 1392 2009 gnantur
1408 1961 1511 2008 signo
1522 1961 1721 1998 Dominicae
1729 1961 1909 2007 passionis
1921 1961 1958 1996 in
1976 1959 2158 1996 frontibus
2179 1960 2303 1998 fideles

1234 2023 1358 2070 populi
1384 2023 1430 2059 ad
1448 2023 1597 2059 tutelam
1624 2021 1767 2066 salutis,
1784 2028 1824 2058 ut
1839 2022 1876 2058 hi
1895 2021 1961 2058 soli
1977 2022 2021 2058 ab
2037 2022 2186 2058 interitu
2217 2022 2307 2058 libe-

1237 2090 1379 2126 rentur,
1391 2084 1453 2131 qui
1470 2093 1603 2121 cruore
1613 2082 1811 2120 Dominicae
1826 2082 2006 2130 passionis
2019 2083 2130 2119 corde
2144 2087 2181 2119 et
2189 2082 2308 2119 fronte

1237 2145 1370 2192 signati
1392 2150 1498 2188 sunt;
1521 2145 1584 2191 qui
1604 2145 1714 2181 etiam
1728 2154 1840 2191 opere
1868 2144 2064 2191 loquuntur
2087 2156 2095 2180 :
2120 2143 2307 2192 Signatum

1236 2213 1286 2244 est
1298 2218 1403 2255 super
1418 2218 1480 2244 nos
1495 2207 1613 2244 tumen
1621 2206 1736 2244 vultus
1746 2207 1811 2252 tui,
1823 2206 1972 2243 Domine
1981 2204 2096 2255 (Psal.
2113 2205 2180 2255 lv).
2203 2205 2308 2244 Unde

1237 2269 1439 2316 appellatur
1459 2269 1529 2306 ista
1547 2269 1760 2307 solemnitas
1785 2268 1910 2316 phase,
1944 2269 2039 2315 quod
2075 2279 2143 2306 nos
2167 2268 2303 2305 transi-

1235 2338 1316 2369 tum
1338 2336 1531 2380 possur‘nus
1547 2342 1692 2378 vocare,
1712 2342 1756 2370 eo
1775 2333 1872 2380 quod
1895 2333 1939 2370 de
1962 2332 2149 2380 pejoribus
2168 2333 2214 2369 ad
2229 2341 2305 2368 me-

1237 2393 1328 2431 liora
1375 2399 1567 2442 pergentes
1590 2422 1599 2439 ,
1637 2394 1867 2432 tenebrosam
1905 2392 2103 2442 AEgyptum
2146 2393 2304 2431 derelin-

1236 2465 1404 2501 quamus.

1625 2515 1779 2551 CAPUT
1796 2513 1923 2551 xxiv.

1238 2576 1290 2613 De
1301 2576 1452 2612 transitu
1473 2572 1617 2611 Domini
1627 2576 1665 2610 in
1681 2575 1790 2610 noctis
1804 2574 1918 2610 medio
1926 2583 1988 2621 per
2000 2578 2130 2610 terram
2140 2571 2304 2622 AEyypti,

1491 2628 1523 2658 et
1536 2623 1760 2668 percussione
1777 2621 2046 2669 primitivorum.

1286 2691 1441 2735 Factum
1463 2704 1515 2735 est
1539 2703 1657 2735 autem
1684 2709 1723 2734 in
1743 2697 1854 2734 noctis
1870 2697 1999 2741 medio,
2031 2699 2202 2745 percussit
2231 2698 2306 2735 Do-

1237 2761 1354 2798 minus
1371 2772 1472 2797 omne
1500 2761 1771 2808 primoqenitum
1785 2761 1822 2797 in
1839 2766 1933 2797 terra
1951 2759 2112 2808 AEqypti,
2133 2773 2154 2797 a
2171 2761 2304 2809 primo-

1237 2823 1353 2870 genito
1373 2820 1576 2859 Pharaonis
1593 2823 1654 2869 qui
1681 2822 1822 2859 sedebat
1837 2823 1874 2859 in
1891 2822 1980 2859 solio
1999 2822 2089 2869 ejus,
2115 2834 2223 2871 usque
2253 2822 2301 2860 ad

1235 2882 1505 2930 primoqenitum
1523 2883 1683 2930 captivae,
1708 2894 1786 2931 quoe
1806 2888 1881 2919 erat
1903 2884 1942 2920 in
1972 2895 2122 2927 carcere,
2151 2890 2182 2920 et
2202 2894 2303 2920 omne

1181 2975 1219 3016 D
1234 2945 1504 2992 primogenitum
1516 2945 1774 2992 jumentorum.
1805 2943 2034 2994 Sur-rexitque
2048 2944 2193 2982 Pharao
2204 2951 2303 2982 nocte

1234 3012 1268 3044 et
1288 3017 1407 3043 omnes
1424 3006 1514 3043 servi
1527 3007 1621 3054 ejus,
1640 3013 1834 3054 cunctaque
1855 3005 2034 3055 AEqyptus
2050 3016 2063 3041 .·
2087 3013 2120 3043 et
2137 3012 2235 3043 ortus
2251 3012 2303 3042 est

1233 3068 1368 3106 clamor
1382 3079 1531 3116 maqnus
1546 3069 1584 3104 in
1597 3067 1768 3116 AEqypto,
1783 3079 1893 3116 neque
1908 3068 1999 3104 enim
2019 3074 2093 3105 erat
2114 3067 2239 3104 domus
2262 3068 2300 3103 in

1233 3139 1304 3177 qua
1328 3129 1541 3176 nonJaceret
1566 3134 1725 3165 mortuus
1740 3128 1873 3177 (Exod.
1891 3128 1972 3177 111).
1996 3128 2131 3166 Factus
2158 3133 2226 3170 est,
2248 3127 2301 3161 in-

1233 3189 1327 3238 quit,
1346 3190 1484 3227 clamor
1498 3199 1651 3238 magnus
1669 3190 1708 3227 in
1725 3194 1826 3226 terra
1842 3189 2004 3238 AEgypti‚
2020 3199 2092 3227 non
2109 3188 2207 3225 enim
2223 3185 2301 3222 sue-

1232 3258 1292 3289 rat
1310 3251 1440 3288 domus
1461 3252 1500 3288 in
1515 3261 1587 3298 qua
1621 3262 1693 3289 non
1709 3250 1850 3297 jaceret
1871 3256 2049 3287 mortuus.
2081 3248 2207 3285 Nonne
2234 3256 2301 3294 po-

1234 3314 1306 3351 tuit
1322 3324 1401 3351 esse
1415 3313 1536 3360 aliqua
1556 3314 1683 3350 domus
1697 3323 1779 3360 quae
1798 3311 2075 3359 primogenitum
2089 3317 2162 3345 non
2187 3305 2301 3344 habe-

1235 3375 1320 3412 ret?
1343 3374 1416 3423 (Ex
1429 3371 1656 3421 Anqusnno.)
1673 3372 1766 3409 Cum
1783 3381 1870 3418 ergo
1888 3365 2119 3416 primogeniti
2134 3370 2299 3403 tantum-

1236 3437 1345 3476 nodo
1357 3440 1602 3480 moreremur,
1614 3434 1798 3482 quomodo
1815 3430 1915 3467 nulla
1930 3433 2010 3466 erat
2034 3436 2116 3476 quse
2130 3436 2204 3466 non
2232 3428 2298 3465 ha-

1234 3498 1343 3537 beret
1373 3495 1582 3535 mortuum?
1614 3493 1672 3531 An
1702 3484 1740 3529 ἐἰ
1769 3491 1841 3528 ῐισο
1870 3489 2045 3546 divinitus
2064 3487 2297 3547 praescientia

1235 3557 1303 3595 Dei
1316 3557 1437 3595 suerat
1453 3555 1752 3604 procuratum,ut
1769 3551 1807 3587 in
1825 3549 1993 3588 omnibus
2009 3549 2158 3605 omnino
2176 3554 2300 3587 essent

1236 3613 1404 3658 domibus
1419 3610 1666 3663 primogeniti,
1681 3611 1722 3649 in
1734 3607 1866 3659 qulbus
1883 3609 2164 3659 percuterentur
2179 3605 2295 3657 AEgy-

1235 3677 1332 3728 ptii?
1353 3675 1410 3713 Ab
1437 3674 1508 3712 hac
1525 3681 1615 3711 sane
1630 3668 1737 3720 plaga
1756 3668 1831 3709 non
1842 3664 1999 3719 potandi
2014 3670 2101 3706 sunt
2115 3663 2296 3706 immunes

1236 3739 1350 3776 fuisse
1366 3732 1529 3785 AEgyptli
1548 3733 1610 3782 qui
1642 3731 1860 3771 habitabant
1874 3731 1916 3768 iu
1929 3734 2030 3770 terra
2043 3724 2196 3772 semen,
2230 3727 2297 3766 ho-

1235 3800 1377 3841 minum
1387 3796 1522 3846 quippe
1529 3798 1614 3838 erat
1628 3794 1688 3836 vel
1703 3791 1927 3840 animalium,
1940 3789 2154 3835 manne,
2169 3784 2300 3831 idest,
