<?xml version="1.0" encoding="UTF-8"?>
<!DOCTYPE html PUBLIC "-//W3C//DTD XHTML 1.0 Transitional//EN"
    "http://www.w3.org/TR/xhtml1/DTD/xhtml1-transitional.dtd">
<html xmlns="http://www.w3.org/1999/xhtml" xml:lang="en" lang="en">
 <head>
  <title>
</title>
<meta http-equiv="Content-Type" content="text/html;charset=utf-8" />
  <meta name='ocr-system' content='tesseract 3.04.00' />
  <meta name='ocr-capabilities' content='ocr_page ocr_carea ocr_par ocr_line ocrx_word'/>
</head>
<body>
  <div class='ocr_page' id='page_1' title='image "./patrologiae00unknuoft_0171.png"; bbox 0 0 2540 4016; ppageno 0'>
   <div class='ocr_carea' id='block_1_1' title="bbox 0 167 644 4016">
    <p class='ocr_par' dir='ltr' id='par_1_1' title="bbox 0 167 644 4016">
     <span class='ocr_line' id='line_1_1' title="bbox 0 167 25 340; baseline 0 -52"><span class='ocrx_word' id='word_1_1' title='bbox 0 167 25 340; x_wconf 95' lang='lat' dir='ltr'><strong><em>  </em></strong></span> 
     </span>
     <span class='ocr_line' id='line_1_2' title="bbox 0 340 8 527; baseline 0 -66"><span class='ocrx_word' id='word_1_2' title='bbox 0 340 8 527; x_wconf 95' lang='lat' dir='ltr'><strong><em>   </em></strong></span> 
     </span>
     <span class='ocr_line' id='line_1_3' title="bbox 0 527 9 644; baseline 0 -66"><span class='ocrx_word' id='word_1_3' title='bbox 0 527 9 644; x_wconf 95' lang='lat' dir='ltr'><strong><em>  </em></strong></span> 
     </span>
     <span class='ocr_line' id='line_1_4' title="bbox 0 644 9 704; baseline 0 3312"><span class='ocrx_word' id='word_1_4' title='bbox 0 644 9 704; x_wconf 95' lang='lat' dir='ltr'><strong><em> </em></strong></span> 
     </span>
     <span class='ocr_line' id='line_1_5' title="bbox 0 704 10 759; baseline 0 3257"><span class='ocrx_word' id='word_1_5' title='bbox 0 704 10 759; x_wconf 95' lang='lat' dir='ltr'><strong><em> </em></strong></span> 
     </span>
     <span class='ocr_line' id='line_1_6' title="bbox 0 759 10 824; baseline 0 3192"><span class='ocrx_word' id='word_1_6' title='bbox 0 759 10 824; x_wconf 95' lang='lat' dir='ltr'><strong><em> </em></strong></span> 
     </span>
     <span class='ocr_line' id='line_1_7' title="bbox 0 824 10 883; baseline 0 3133"><span class='ocrx_word' id='word_1_7' title='bbox 0 824 10 883; x_wconf 95' lang='lat' dir='ltr'><strong><em> </em></strong></span> 
     </span>
     <span class='ocr_line' id='line_1_8' title="bbox 0 883 11 944; baseline 0 3072"><span class='ocrx_word' id='word_1_8' title='bbox 0 883 11 944; x_wconf 95' lang='lat' dir='ltr'><strong><em> </em></strong></span> 
     </span>
     <span class='ocr_line' id='line_1_9' title="bbox 0 944 11 1004; baseline 0 3012"><span class='ocrx_word' id='word_1_9' title='bbox 0 944 11 1004; x_wconf 95' lang='lat' dir='ltr'><strong><em> </em></strong></span> 
     </span>
     <span class='ocr_line' id='line_1_10' title="bbox 0 1004 12 1059; baseline 0 2957"><span class='ocrx_word' id='word_1_10' title='bbox 0 1004 12 1059; x_wconf 95' lang='lat' dir='ltr'><strong><em> </em></strong></span> 
     </span>
     <span class='ocr_line' id='line_1_11' title="bbox 0 1059 12 1119; baseline 0 2897"><span class='ocrx_word' id='word_1_11' title='bbox 0 1059 12 1119; x_wconf 95' lang='lat' dir='ltr'><strong><em> </em></strong></span> 
     </span>
     <span class='ocr_line' id='line_1_12' title="bbox 0 1119 13 1181; baseline 0 2835"><span class='ocrx_word' id='word_1_12' title='bbox 0 1119 13 1181; x_wconf 95' lang='lat' dir='ltr'><strong><em> </em></strong></span> 
     </span>
     <span class='ocr_line' id='line_1_13' title="bbox 0 1181 13 1239; baseline 0 2777"><span class='ocrx_word' id='word_1_13' title='bbox 0 1181 13 1239; x_wconf 95' lang='lat' dir='ltr'><strong><em> </em></strong></span> 
     </span>
     <span class='ocr_line' id='line_1_14' title="bbox 0 1239 13 1298; baseline 0 2718"><span class='ocrx_word' id='word_1_14' title='bbox 0 1239 13 1298; x_wconf 95' lang='lat' dir='ltr'><strong><em> </em></strong></span> 
     </span>
     <span class='ocr_line' id='line_1_15' title="bbox 0 1298 14 1355; baseline 0 2661"><span class='ocrx_word' id='word_1_15' title='bbox 0 1298 14 1355; x_wconf 95' lang='lat' dir='ltr'><strong><em> </em></strong></span> 
     </span>
     <span class='ocr_line' id='line_1_16' title="bbox 0 1355 15 1417; baseline 0 2599"><span class='ocrx_word' id='word_1_16' title='bbox 0 1355 15 1417; x_wconf 95' lang='lat' dir='ltr'><strong><em> </em></strong></span> 
     </span>
     <span class='ocr_line' id='line_1_17' title="bbox 0 1417 15 1478; baseline 0 2538"><span class='ocrx_word' id='word_1_17' title='bbox 0 1417 15 1478; x_wconf 95' lang='lat' dir='ltr'><strong><em> </em></strong></span> 
     </span>
     <span class='ocr_line' id='line_1_18' title="bbox 0 1478 16 1538; baseline 0 2478"><span class='ocrx_word' id='word_1_18' title='bbox 0 1478 16 1538; x_wconf 95' lang='lat' dir='ltr'><strong><em> </em></strong></span> 
     </span>
     <span class='ocr_line' id='line_1_19' title="bbox 0 1538 16 1604; baseline 0 2412"><span class='ocrx_word' id='word_1_19' title='bbox 0 1538 16 1604; x_wconf 95' lang='lat' dir='ltr'><strong><em> </em></strong></span> 
     </span>
     <span class='ocr_line' id='line_1_20' title="bbox 0 1604 16 1663; baseline 0 2353"><span class='ocrx_word' id='word_1_20' title='bbox 0 1604 16 1663; x_wconf 95' lang='lat' dir='ltr'><strong><em> </em></strong></span> 
     </span>
     <span class='ocr_line' id='line_1_21' title="bbox 0 1663 17 1723; baseline 0 2293"><span class='ocrx_word' id='word_1_21' title='bbox 0 1663 17 1723; x_wconf 95' lang='lat' dir='ltr'><strong><em> </em></strong></span> 
     </span>
     <span class='ocr_line' id='line_1_22' title="bbox 0 1723 18 1786; baseline 0 2230"><span class='ocrx_word' id='word_1_22' title='bbox 0 1723 18 1786; x_wconf 95' lang='lat' dir='ltr'><strong><em> </em></strong></span> 
     </span>
     <span class='ocr_line' id='line_1_23' title="bbox 0 1786 18 1847; baseline 0 2169"><span class='ocrx_word' id='word_1_23' title='bbox 0 1786 18 1847; x_wconf 95' lang='lat' dir='ltr'><strong><em> </em></strong></span> 
     </span>
     <span class='ocr_line' id='line_1_24' title="bbox 0 1847 19 1907; baseline 0 2109"><span class='ocrx_word' id='word_1_24' title='bbox 0 1847 19 1907; x_wconf 95' lang='lat' dir='ltr'><strong><em> </em></strong></span> 
     </span>
     <span class='ocr_line' id='line_1_25' title="bbox 0 1907 19 1962; baseline 0 2054"><span class='ocrx_word' id='word_1_25' title='bbox 0 1907 19 1962; x_wconf 95' lang='lat' dir='ltr'><strong><em> </em></strong></span> 
     </span>
     <span class='ocr_line' id='line_1_26' title="bbox 0 1962 21 2149; baseline 0 -54"><span class='ocrx_word' id='word_1_26' title='bbox 0 1962 21 2149; x_wconf 95' lang='lat' dir='ltr'><strong><em>   </em></strong></span> 
     </span>
     <span class='ocr_line' id='line_1_27' title="bbox 0 2149 21 2205; baseline 0 1811"><span class='ocrx_word' id='word_1_27' title='bbox 0 2149 21 2205; x_wconf 95' lang='lat' dir='ltr'><strong><em> </em></strong></span> 
     </span>
     <span class='ocr_line' id='line_1_28' title="bbox 0 2205 22 2264; baseline 0 1752"><span class='ocrx_word' id='word_1_28' title='bbox 0 2205 22 2264; x_wconf 95' lang='lat' dir='ltr'><strong><em> </em></strong></span> 
     </span>
     <span class='ocr_line' id='line_1_29' title="bbox 0 2264 23 2324; baseline 0 1692"><span class='ocrx_word' id='word_1_29' title='bbox 0 2264 23 2324; x_wconf 95' lang='lat' dir='ltr'><strong><em> </em></strong></span> 
     </span>
     <span class='ocr_line' id='line_1_30' title="bbox 0 2324 23 2386; baseline 0 1630"><span class='ocrx_word' id='word_1_30' title='bbox 0 2324 23 2386; x_wconf 95' lang='lat' dir='ltr'><strong><em> </em></strong></span> 
     </span>
     <span class='ocr_line' id='line_1_31' title="bbox 0 2386 23 2446; baseline 0 1570"><span class='ocrx_word' id='word_1_31' title='bbox 0 2386 23 2446; x_wconf 95' lang='lat' dir='ltr'><strong><em> </em></strong></span> 
     </span>
     <span class='ocr_line' id='line_1_32' title="bbox 0 2446 24 2505; baseline 0 1511"><span class='ocrx_word' id='word_1_32' title='bbox 0 2446 24 2505; x_wconf 95' lang='lat' dir='ltr'><strong><em> </em></strong></span> 
     </span>
     <span class='ocr_line' id='line_1_33' title="bbox 0 2505 25 2621; baseline 0 0"><span class='ocrx_word' id='word_1_33' title='bbox 0 2505 25 2621; x_wconf 95' lang='lat' dir='ltr'><strong><em>  </em></strong></span> 
     </span>
     <span class='ocr_line' id='line_1_34' title="bbox 0 2621 26 2682; baseline 0 1334"><span class='ocrx_word' id='word_1_34' title='bbox 0 2621 26 2682; x_wconf 95' lang='lat' dir='ltr'><strong><em> </em></strong></span> 
     </span>
     <span class='ocr_line' id='line_1_35' title="bbox 0 2682 27 2746; baseline 0 1270"><span class='ocrx_word' id='word_1_35' title='bbox 0 2682 27 2746; x_wconf 95' lang='lat' dir='ltr'><strong><em> </em></strong></span> 
     </span>
     <span class='ocr_line' id='line_1_36' title="bbox 0 2746 27 2821; baseline 0 1195"><span class='ocrx_word' id='word_1_36' title='bbox 0 2746 27 2821; x_wconf 95' lang='lat' dir='ltr'><strong><em> </em></strong></span> 
     </span>
     <span class='ocr_line' id='line_1_37' title="bbox 0 2821 29 2928; baseline 0 0"><span class='ocrx_word' id='word_1_37' title='bbox 0 2821 29 2928; x_wconf 95' lang='lat' dir='ltr'><strong><em>  </em></strong></span> 
     </span>
     <span class='ocr_line' id='line_1_38' title="bbox 0 2928 31 2983; baseline 0 1033"><span class='ocrx_word' id='word_1_38' title='bbox 0 2928 31 2983; x_wconf 95' lang='lat' dir='ltr'><strong><em> </em></strong></span> 
     </span>
     <span class='ocr_line' id='line_1_39' title="bbox 0 2983 31 3048; baseline 0 968"><span class='ocrx_word' id='word_1_39' title='bbox 0 2983 31 3048; x_wconf 95' lang='lat' dir='ltr'><strong><em> </em></strong></span> 
     </span>
     <span class='ocr_line' id='line_1_40' title="bbox 0 3048 33 3230; baseline 0 0"><span class='ocrx_word' id='word_1_40' title='bbox 0 3048 33 3230; x_wconf 95' lang='lat' dir='ltr'><strong><em>   </em></strong></span> 
     </span>
     <span class='ocr_line' id='line_1_41' title="bbox 0 3230 178 3415; baseline 0 -61"><span class='ocrx_word' id='word_1_41' title='bbox 0 3230 178 3415; x_wconf 95' lang='lat' dir='ltr'><strong><em>     </em></strong></span> 
     </span>
     <span class='ocr_line' id='line_1_42' title="bbox 0 3415 307 3590; baseline 0 -30"><span class='ocrx_word' id='word_1_42' title='bbox 0 3415 307 3590; x_wconf 95' lang='lat' dir='ltr'><strong><em>   </em></strong></span> 
     </span>
     <span class='ocr_line' id='line_1_43' title="bbox 0 3590 438 3698; baseline 0 0"><span class='ocrx_word' id='word_1_43' title='bbox 0 3590 438 3698; x_wconf 95' lang='lat' dir='ltr'><strong><em>  </em></strong></span> 
     </span>
     <span class='ocr_line' id='line_1_44' title="bbox 0 3698 644 4016; baseline 0 0"><span class='ocrx_word' id='word_1_44' title='bbox 0 3698 644 4016; x_wconf 95' lang='lat' dir='ltr'><strong><em>  </em></strong></span> 
     </span>
    </p>
   </div>
   <div class='ocr_carea' id='block_1_2' title="bbox 39 146 112 187">
    <p class='ocr_par' dir='ltr' id='par_1_2' title="bbox 39 146 112 187">
     <span class='ocr_line' id='line_1_45' title="bbox 39 146 112 187; baseline 0.041 -3"><span class='ocrx_word' id='word_1_45' title='bbox 39 146 112 187; x_wconf 76' lang='lat'><strong><em>529</em></strong></span> 
     </span>
    </p>
   </div>
   <div class='ocr_carea' id='block_1_3' title="bbox 36 259 1088 1095">
    <p class='ocr_par' dir='ltr' id='par_1_3' title="bbox 37 259 1088 557">
     <span class='ocr_line' id='line_1_46' title="bbox 38 259 1088 313; baseline -0.012 -7"><span class='ocrx_word' id='word_1_46' title='bbox 38 268 286 311; x_wconf 78' lang='lat' dir='ltr'><strong>femoralibus,</strong></span> <span class='ocrx_word' id='word_1_47' title='bbox 302 277 349 303; x_wconf 91' lang='lat' dir='ltr'><strong><em>ne</em></strong></span> <span class='ocrx_word' id='word_1_48' title='bbox 360 269 484 313; x_wconf 85' lang='lat' dir='ltr'><strong><em>pereat</em></strong></span> <span class='ocrx_word' id='word_1_49' title='bbox 500 273 621 301; x_wconf 89' lang='lat' dir='ltr'><strong><em>semen</em></strong></span> <span class='ocrx_word' id='word_1_50' title='bbox 636 262 736 298; x_wconf 89' lang='lat' dir='ltr'><strong><em>verbi</em></strong></span> <span class='ocrx_word' id='word_1_51' title='bbox 755 261 818 297; x_wconf 88' lang='lat' dir='ltr'><strong><em>Dei</em></strong></span> <span class='ocrx_word' id='word_1_52' title='bbox 835 272 844 304; x_wconf 93' lang='grc'><strong>;</strong></span> <span class='ocrx_word' id='word_1_53' title='bbox 865 260 948 305; x_wconf 86' lang='lat' dir='ltr'><strong><em>quia</em></strong></span> <span class='ocrx_word' id='word_1_54' title='bbox 967 264 1003 295; x_wconf 92' lang='lat' dir='ltr'><strong><em>et</em></strong></span> <span class='ocrx_word' id='word_1_55' title='bbox 1018 259 1088 294; x_wconf 87' lang='lat' dir='ltr'><strong><em>Do-</em></strong></span> 
     </span>
     <span class='ocr_line' id='line_1_47' title="bbox 38 321 1087 368; baseline -0.013 -2"><span class='ocrx_word' id='word_1_56' title='bbox 38 329 158 366; x_wconf 86' lang='lat' dir='ltr'>minus</span> <span class='ocrx_word' id='word_1_57' title='bbox 172 329 298 364; x_wconf 89' lang='lat' dir='ltr'><strong><em>eadem</em></strong></span> <span class='ocrx_word' id='word_1_58' title='bbox 310 325 469 368; x_wconf 82' lang='lat' dir='ltr'><strong><em>mandat,</em></strong></span> <span class='ocrx_word' id='word_1_59' title='bbox 481 327 516 360; x_wconf 88' lang='lat' dir='ltr'><strong><em>et</em></strong></span> <span class='ocrx_word' id='word_1_60' title='bbox 530 323 635 359; x_wconf 86' lang='lat' dir='ltr'><strong><em>dicit:</em></strong></span> <span class='ocrx_word' id='word_1_61' title='bbox 648 321 766 357; x_wconf 78' lang='lat' dir='ltr'><strong><em>Nolite</em></strong></span> <span class='ocrx_word' id='word_1_62' title='bbox 777 321 912 355; x_wconf 85' lang='lat' dir='ltr'><strong><em>mittere</em></strong></span> <span class='ocrx_word' id='word_1_63' title='bbox 928 324 1087 355; x_wconf 78' lang='lat' dir='ltr'><strong><em>sanctum</em></strong></span> 
     </span>
     <span class='ocr_line' id='line_1_48' title="bbox 38 379 1084 434; baseline -0.011 -10"><span class='ocrx_word' id='word_1_64' title='bbox 38 388 197 432; x_wconf 86' lang='lat' dir='ltr'><strong><em>canibus,</em></strong></span> <span class='ocrx_word' id='word_1_65' title='bbox 215 397 322 434; x_wconf 87' lang='lat' dir='ltr'><strong><em>neque</em></strong></span> <span class='ocrx_word' id='word_1_66' title='bbox 339 385 547 431; x_wconf 73' lang='lat' dir='ltr'><strong><em>ntarqaritas</em></strong></span> <span class='ocrx_word' id='word_1_67' title='bbox 564 388 694 419; x_wconf 85' lang='lat' dir='ltr'><strong><em>vestras</em></strong></span> <span class='ocrx_word' id='word_1_68' title='bbox 709 387 788 416; x_wconf 84' lang='lat' dir='ltr'><strong><em>ante</em></strong></span> <span class='ocrx_word' id='word_1_69' title='bbox 804 391 926 427; x_wconf 84' lang='lat' dir='ltr'><strong><em>porcos</em></strong></span> <span class='ocrx_word' id='word_1_70' title='bbox 942 379 1084 427; x_wconf 70' lang='lat' dir='ltr'><strong><em>(Manli.</em></strong></span> 
     </span>
     <span class='ocr_line' id='line_1_49' title="bbox 37 440 1087 498; baseline -0.01 -12"><span class='ocrx_word' id='word_1_71' title='bbox 37 449 119 498; x_wconf 79' lang='lat' dir='ltr'><strong><em>vn),</em></strong></span> <span class='ocrx_word' id='word_1_72' title='bbox 155 459 201 484; x_wconf 89' lang='lat' dir='ltr'><strong><em>ne</em></strong></span> <span class='ocrx_word' id='word_1_73' title='bbox 223 447 317 484; x_wconf 82' lang='lat' dir='ltr'><strong><em>forte</em></strong></span> <span class='ocrx_word' id='word_1_74' title='bbox 333 444 546 482; x_wconf 86' lang='lat' dir='ltr'>conculcent</span> <span class='ocrx_word' id='word_1_75' title='bbox 564 454 626 480; x_wconf 89' lang='lat' dir='ltr'><strong><em>eas</em></strong></span> <span class='ocrx_word' id='word_1_76' title='bbox 656 442 808 488; x_wconf 89' lang='lat' dir='ltr'><strong><em>pedibus</em></strong></span> <span class='ocrx_word' id='word_1_77' title='bbox 822 468 831 483; x_wconf 92' lang='lat'>‚</span> <span class='ocrx_word' id='word_1_78' title='bbox 863 445 899 476; x_wconf 91' lang='lat' dir='ltr'><strong><em>et</em></strong></span> <span class='ocrx_word' id='word_1_79' title='bbox 922 440 1087 476; x_wconf 76' lang='lat' dir='ltr'><strong><em>conversi</em></strong></span> 
     </span>
     <span class='ocr_line' id='line_1_50' title="bbox 38 515 303 557; baseline -0.008 -10"><span class='ocrx_word' id='word_1_80' title='bbox 38 515 208 557; x_wconf 87' lang='lat' dir='ltr'><strong><em>rumpant</em></strong></span> <span class='ocrx_word' id='word_1_81' title='bbox 226 519 303 546; x_wconf 87' lang='lat' dir='ltr'><strong><em>vos.</em></strong></span> 
     </span>
    </p>

    <p class='ocr_par' dir='ltr' id='par_1_4' title="bbox 36 569 1088 1095">
     <span class='ocr_line' id='line_1_51' title="bbox 86 569 1088 619; baseline -0.008 -11"><span class='ocrx_word' id='word_1_82' title='bbox 86 571 203 619; x_wconf 76' lang='lat' dir='ltr'><strong><em>(Iam.)</em></strong></span> <span class='ocrx_word' id='word_1_83' title='bbox 225 569 358 607; x_wconf 87' lang='lat' dir='ltr'><strong><em>Obtulit</em></strong></span> <span class='ocrx_word' id='word_1_84' title='bbox 374 575 407 606; x_wconf 90' lang='lat' dir='ltr'><strong><em>et</em></strong></span> <span class='ocrx_word' id='word_1_85' title='bbox 423 569 568 606; x_wconf 84' lang='lat' dir='ltr'><strong><em>vitulum</em></strong></span> <span class='ocrx_word' id='word_1_86' title='bbox 587 579 648 615; x_wconf 88' lang='lat' dir='ltr'><strong><em>pro</em></strong></span> <span class='ocrx_word' id='word_1_87' title='bbox 666 573 831 615; x_wconf 88' lang='lat' dir='ltr'><strong><em>peccato,·</em></strong></span> <span class='ocrx_word' id='word_1_88' title='bbox 853 576 998 612; x_wconf 86' lang='lat' dir='ltr'><strong><em>cumque</em></strong></span> <span class='ocrx_word' id='word_1_89' title='bbox 1029 576 1088 600; x_wconf 53' lang='lat' dir='ltr'><strong><em>su*</em></strong></span> 
     </span>
     <span class='ocr_line' id='line_1_52' title="bbox 36 628 1088 679; baseline -0.008 -10"><span class='ocrx_word' id='word_1_90' title='bbox 36 644 99 679; x_wconf 87' lang='lat' dir='ltr'><strong><em>per</em></strong></span> <span class='ocrx_word' id='word_1_91' title='bbox 118 639 223 679; x_wconf 88' lang='lat' dir='ltr'><strong><em>caput</em></strong></span> <span class='ocrx_word' id='word_1_92' title='bbox 239 634 316 678; x_wconf 87' lang='lat' dir='ltr'><strong><em>ejus</em></strong></span> <span class='ocrx_word' id='word_1_93' title='bbox 346 632 539 678; x_wconf 85' lang='lat' dir='ltr'><strong><em>posuissent</em></strong></span> <span class='ocrx_word' id='word_1_94' title='bbox 556 630 675 666; x_wconf 83' lang='lat' dir='ltr'><strong><em>Aaron</em></strong></span> <span class='ocrx_word' id='word_1_95' title='bbox 693 636 723 665; x_wconf 88' lang='lat' dir='ltr'><strong><em>et</em></strong></span> <span class='ocrx_word' id='word_1_96' title='bbox 759 628 825 674; x_wconf 85' lang='lat' dir='ltr'><strong><em>filii</em></strong></span> <span class='ocrx_word' id='word_1_97' title='bbox 857 628 932 673; x_wconf 89' lang='lat' dir='ltr'><strong><em>ejus</em></strong></span> <span class='ocrx_word' id='word_1_98' title='bbox 963 637 1088 662; x_wconf 85' lang='lat' dir='ltr'><strong><em>manus</em></strong></span> 
     </span>
     <span class='ocr_line' id='line_1_53' title="bbox 37 687 1087 735; baseline -0.007 -8"><span class='ocrx_word' id='word_1_99' title='bbox 37 703 132 734; x_wconf 83' lang='lat' dir='ltr'><strong><em>suas,</em></strong></span> <span class='ocrx_word' id='word_1_100' title='bbox 154 692 345 727; x_wconf 84' lang='lat' dir='ltr'><strong><em>immolavit</em></strong></span> <span class='ocrx_word' id='word_1_101' title='bbox 366 702 460 734; x_wconf 88' lang='lat' dir='ltr'><strong><em>eum,</em></strong></span> <span class='ocrx_word' id='word_1_102' title='bbox 490 692 654 726; x_wconf 80' lang='lat' dir='ltr'><strong><em>hauriens</em></strong></span> <span class='ocrx_word' id='word_1_103' title='bbox 685 689 903 735; x_wconf 73' lang='lat' dir='ltr'><strong><em>sanquinem,</em></strong></span> <span class='ocrx_word' id='word_1_104' title='bbox 930 693 962 722; x_wconf 90' lang='lat' dir='ltr'><strong><em>et</em></strong></span> <span class='ocrx_word' id='word_1_105' title='bbox 980 687 1087 721; x_wconf 86' lang='lat' dir='ltr'><strong><em>tincto</em></strong></span> 
     </span>
     <span class='ocr_line' id='line_1_54' title="bbox 36 745 1087 798; baseline -0.008 -12"><span class='ocrx_word' id='word_1_106' title='bbox 36 752 144 798; x_wconf 77' lang='lat' dir='ltr'><strong><em>diqito</em></strong></span> <span class='ocrx_word' id='word_1_107' title='bbox 171 751 282 796; x_wconf 77' lang='lat' dir='ltr'><strong><em>teliqit</em></strong></span> <span class='ocrx_word' id='word_1_108' title='bbox 301 762 432 786; x_wconf 85' lang='lat' dir='ltr'><strong><em>cornua</em></strong></span> <span class='ocrx_word' id='word_1_109' title='bbox 451 751 574 786; x_wconf 85' lang='lat' dir='ltr'><strong><em>altaris</em></strong></span> <span class='ocrx_word' id='word_1_110' title='bbox 604 761 666 796; x_wconf 84' lang='lat' dir='ltr'><strong><em>per</em></strong></span> <span class='ocrx_word' id='word_1_111' title='bbox 695 759 841 795; x_wconf 80' lang='lat' dir='ltr'><strong><em>9yrum‚·</em></strong></span> <span class='ocrx_word' id='word_1_112' title='bbox 860 757 928 793; x_wconf 87' lang='lat' dir='ltr'><strong><em>quo</em></strong></span> <span class='ocrx_word' id='word_1_113' title='bbox 948 745 1087 790; x_wconf 74' lang='lat' dir='ltr'><strong><em>expiato</em></strong></span> 
     </span>
     <span class='ocr_line' id='line_1_55' title="bbox 36 804 1087 857; baseline -0.01 -10"><span class='ocrx_word' id='word_1_114' title='bbox 36 819 68 849; x_wconf 92' lang='lat' dir='ltr'><strong><em>et</em></strong></span> <span class='ocrx_word' id='word_1_115' title='bbox 97 812 328 856; x_wconf 76' lang='lat' dir='ltr'><strong><em>sanctificato,</em></strong></span> <span class='ocrx_word' id='word_1_116' title='bbox 346 811 438 856; x_wconf 78' lang='lat' dir='ltr'><strong><em>fudit</em></strong></span> <span class='ocrx_word' id='word_1_117' title='bbox 467 810 638 857; x_wconf 86' lang='lat' dir='ltr'><strong><em>reliquum</em></strong></span> <span class='ocrx_word' id='word_1_118' title='bbox 658 808 863 854; x_wconf 72' lang='lat' dir='ltr'><strong><em>sanquinem</em></strong></span> <span class='ocrx_word' id='word_1_119' title='bbox 886 805 931 840; x_wconf 86' lang='lat' dir='ltr'><strong><em>ad</em></strong></span> <span class='ocrx_word' id='word_1_120' title='bbox 959 804 1087 849; x_wconf 77' lang='lat' dir='ltr'><strong><em>funda-</em></strong></span> 
     </span>
     <span class='ocr_line' id='line_1_56' title="bbox 36 863 1085 917; baseline -0.01 -10"><span class='ocrx_word' id='word_1_121' title='bbox 36 879 151 909; x_wconf 85' lang='lat' dir='ltr'><strong><em>menta</em></strong></span> <span class='ocrx_word' id='word_1_122' title='bbox 183 871 274 917; x_wconf 87' lang='lat' dir='ltr'><strong><em>ejus.</em></strong></span> <span class='ocrx_word' id='word_1_123' title='bbox 298 870 444 917; x_wconf 85' lang='lat' dir='ltr'><strong><em>Adipem</em></strong></span> <span class='ocrx_word' id='word_1_124' title='bbox 475 880 608 916; x_wconf 89' lang='lat' dir='ltr'><strong><em>quoque</em></strong></span> <span class='ocrx_word' id='word_1_125' title='bbox 639 868 698 914; x_wconf 86' lang='lat' dir='ltr'><strong><em>qui</em></strong></span> <span class='ocrx_word' id='word_1_126' title='bbox 723 871 798 900; x_wconf 86' lang='lat' dir='ltr'><strong><em>erat</em></strong></span> <span class='ocrx_word' id='word_1_127' title='bbox 828 873 931 910; x_wconf 87' lang='lat' dir='ltr'><strong><em>super</em></strong></span> <span class='ocrx_word' id='word_1_128' title='bbox 949 863 1085 906; x_wconf 85' lang='lat' dir='ltr'><strong><em>vitalia,</em></strong></span> 
     </span>
     <span class='ocr_line' id='line_1_57' title="bbox 36 923 1085 977; baseline -0.01 -10"><span class='ocrx_word' id='word_1_129' title='bbox 36 932 287 977; x_wconf 84' lang='lat' dir='ltr'><strong><em>reticulumque</em></strong></span> <span class='ocrx_word' id='word_1_130' title='bbox 296 931 438 976; x_wconf 85' lang='lat' dir='ltr'><strong><em>jecoris,</em></strong></span> <span class='ocrx_word' id='word_1_131' title='bbox 466 928 619 973; x_wconf 87' lang='lat' dir='ltr'><strong><em>duosque</em></strong></span> <span class='ocrx_word' id='word_1_132' title='bbox 651 923 858 960; x_wconf 83' lang='lat' dir='ltr'><strong><em>renunculos</em></strong></span> <span class='ocrx_word' id='word_1_133' title='bbox 884 933 963 958; x_wconf 92' lang='lat' dir='ltr'><strong><em>cum</em></strong></span> <span class='ocrx_word' id='word_1_134' title='bbox 992 923 1085 957; x_wconf 88' lang='lat' dir='ltr'><strong><em>arvi-</em></strong></span> 
     </span>
     <span class='ocr_line' id='line_1_58' title="bbox 36 983 1087 1034; baseline -0.009 -7"><span class='ocrx_word' id='word_1_135' title='bbox 36 992 129 1028; x_wconf 88' lang='lat' dir='ltr'><strong><em>nulis</em></strong></span> <span class='ocrx_word' id='word_1_136' title='bbox 147 994 219 1028; x_wconf 85' lang='lat' dir='ltr'><strong><em>suis</em></strong></span> <span class='ocrx_word' id='word_1_137' title='bbox 243 991 389 1026; x_wconf 83' lang='lat' dir='ltr'><strong><em>adolevit</em></strong></span> <span class='ocrx_word' id='word_1_138' title='bbox 408 999 510 1034; x_wconf 88' lang='lat' dir='ltr'><strong><em>super</em></strong></span> <span class='ocrx_word' id='word_1_139' title='bbox 527 988 651 1030; x_wconf 87' lang='lat' dir='ltr'><strong><em>altare,</em></strong></span> <span class='ocrx_word' id='word_1_140' title='bbox 667 985 813 1021; x_wconf 88' lang='lat' dir='ltr'><strong><em>vitulum</em></strong></span> <span class='ocrx_word' id='word_1_141' title='bbox 827 996 906 1020; x_wconf 90' lang='lat' dir='ltr'><strong><em>cum</em></strong></span> <span class='ocrx_word' id='word_1_142' title='bbox 938 983 1038 1031; x_wconf 86' lang='lat' dir='ltr'><strong><em>pelle,</em></strong></span> <span class='ocrx_word' id='word_1_143' title='bbox 1054 990 1087 1019; x_wconf 90' lang='lat' dir='ltr'><strong><em>et</em></strong></span> 
     </span>
     <span class='ocr_line' id='line_1_59' title="bbox 37 1046 1086 1095; baseline -0.009 -8"><span class='ocrx_word' id='word_1_144' title='bbox 37 1062 140 1087; x_wconf 87' lang='lat' dir='ltr'><strong><em>carne</em></strong></span> <span class='ocrx_word' id='word_1_145' title='bbox 154 1057 187 1086; x_wconf 89' lang='lat' dir='ltr'><strong><em>et</em></strong></span> <span class='ocrx_word' id='word_1_146' title='bbox 202 1051 286 1095; x_wconf 84' lang='lat' dir='ltr'><strong><em>fimo</em></strong></span> <span class='ocrx_word' id='word_1_147' title='bbox 302 1059 458 1084; x_wconf 86' lang='lat' dir='ltr'><strong><em>cremans</em></strong></span> <span class='ocrx_word' id='word_1_148' title='bbox 477 1053 574 1083; x_wconf 75' lang='lat' dir='ltr'><strong><em>extra</em></strong></span> <span class='ocrx_word' id='word_1_149' title='bbox 599 1051 730 1089; x_wconf 83' lang='lat' dir='ltr'><strong><em>castra,</em></strong></span> <span class='ocrx_word' id='word_1_150' title='bbox 754 1046 843 1081; x_wconf 89' lang='lat' dir='ltr'><strong><em>sicut</em></strong></span> <span class='ocrx_word' id='word_1_151' title='bbox 874 1051 1086 1091; x_wconf 88' lang='lat' dir='ltr'><strong><em>praeceperat</em></strong></span> 
     </span>
    </p>
   </div>
   <div class='ocr_carea' id='block_1_4' title="bbox 23 1164 1089 1994">
    <p class='ocr_par' dir='ltr' id='par_1_5' title="bbox 23 1164 1089 1994">
     <span class='ocr_line' id='line_1_60' title="bbox 23 1164 1083 1214; baseline -0.008 -8"><span class='ocrx_word' id='word_1_152' title='bbox 23 1170 82 1207; x_wconf 53' lang='lat' dir='ltr'><strong><em>&lt;sit</em></strong></span> <span class='ocrx_word' id='word_1_153' title='bbox 99 1170 226 1212; x_wconf 83' lang='lat' dir='ltr'><strong><em>virtus,</em></strong></span> <span class='ocrx_word' id='word_1_154' title='bbox 247 1173 283 1205; x_wconf 87' lang='lat' dir='ltr'><strong><em>et</em></strong></span> <span class='ocrx_word' id='word_1_155' title='bbox 299 1167 477 1214; x_wconf 89' lang='lat' dir='ltr'><strong><em>quomodo</em></strong></span> <span class='ocrx_word' id='word_1_156' title='bbox 496 1166 775 1213; x_wconf 89' lang='lat' dir='ltr'><strong><em>unumquodque</em></strong></span> <span class='ocrx_word' id='word_1_157' title='bbox 793 1166 870 1212; x_wconf 84' lang='lat' dir='ltr'><strong><em>ejus</em></strong></span> <span class='ocrx_word' id='word_1_158' title='bbox 888 1164 1083 1211; x_wconf 86' lang='lat' dir='ltr'><strong><em>capitulum</em></strong></span> 
     </span>
     <span class='ocr_line' id='line_1_61' title="bbox 36 1226 1086 1274; baseline -0.004 -9"><span class='ocrx_word' id='word_1_159' title='bbox 36 1230 73 1266; x_wconf 90' lang='lat' dir='ltr'><strong><em>in</em></strong></span> <span class='ocrx_word' id='word_1_160' title='bbox 98 1227 280 1274; x_wconf 78' lang='lat' dir='ltr'><strong><em>Unigeniti</em></strong></span> <span class='ocrx_word' id='word_1_161' title='bbox 309 1227 525 1264; x_wconf 83' lang='lat' dir='ltr'><strong><em>sacrificium</em></strong></span> <span class='ocrx_word' id='word_1_162' title='bbox 545 1226 756 1272; x_wconf 78' lang='lat' dir='ltr'>accipiatur,</span> <span class='ocrx_word' id='word_1_163' title='bbox 772 1226 979 1271; x_wconf 69' lang='lat' dir='ltr'><strong><em>praecedens</em></strong></span> <span class='ocrx_word' id='word_1_164' title='bbox 1000 1236 1086 1261; x_wconf 92' lang='lat' dir='ltr'><strong><em>con-</em></strong></span> 
     </span>
     <span class='ocr_line' id='line_1_62' title="bbox 25 1286 1086 1332; baseline -0.005 -7"><span class='ocrx_word' id='word_1_165' title='bbox 25 1290 126 1326; x_wconf 47' lang='lat' dir='ltr'><strong><em>vtinet</em></strong></span> <span class='ocrx_word' id='word_1_166' title='bbox 141 1298 281 1331; x_wconf 90' lang='lat' dir='ltr'><strong><em>sermo;</em></strong></span> <span class='ocrx_word' id='word_1_167' title='bbox 304 1289 381 1324; x_wconf 83' lang='lat' dir='ltr'><strong><em>haec</em></strong></span> <span class='ocrx_word' id='word_1_168' title='bbox 395 1294 514 1324; x_wconf 87' lang='lat' dir='ltr'><strong><em>autem</em></strong></span> <span class='ocrx_word' id='word_1_169' title='bbox 533 1299 630 1324; x_wconf 91' lang='lat' dir='ltr'><strong><em>nunc</em></strong></span> <span class='ocrx_word' id='word_1_170' title='bbox 660 1287 813 1323; x_wconf 78' lang='lat' dir='ltr'><strong><em>dicimus</em></strong></span> <span class='ocrx_word' id='word_1_171' title='bbox 838 1296 918 1332; x_wconf 79' lang='lat' dir='ltr'><strong><em>quae</em></strong></span> <span class='ocrx_word' id='word_1_172' title='bbox 949 1286 1023 1322; x_wconf 86' lang='lat' dir='ltr'><strong><em>sola</em></strong></span> <span class='ocrx_word' id='word_1_173' title='bbox 1042 1286 1086 1321; x_wconf 91' lang='lat' dir='ltr'><strong><em>de</em></strong></span> 
     </span>
     <span class='ocr_line' id='line_1_63' title="bbox 36 1348 1086 1394; baseline -0.004 -8"><span class='ocrx_word' id='word_1_174' title='bbox 36 1351 220 1387; x_wconf 81' lang='lat' dir='ltr'><strong><em>sanctione</em></strong></span> <span class='ocrx_word' id='word_1_175' title='bbox 240 1351 428 1386; x_wconf 87' lang='lat' dir='ltr'><strong><em>immutata</em></strong></span> <span class='ocrx_word' id='word_1_176' title='bbox 448 1355 544 1386; x_wconf 88' lang='lat' dir='ltr'><strong><em>sunt.</em></strong></span> <span class='ocrx_word' id='word_1_177' title='bbox 564 1350 616 1385; x_wconf 88' lang='lat' dir='ltr'><strong><em>lbi</em></strong></span> <span class='ocrx_word' id='word_1_178' title='bbox 636 1350 732 1385; x_wconf 90' lang='lat' dir='ltr'><strong><em>enim</em></strong></span> <span class='ocrx_word' id='word_1_179' title='bbox 753 1350 874 1384; x_wconf 85' lang='lat' dir='ltr'>Aaron</span> <span class='ocrx_word' id='word_1_180' title='bbox 900 1348 1086 1394; x_wconf 87' lang='lat' dir='ltr'><strong><em>imponere</em></strong></span> 
     </span>
     <span class='ocr_line' id='line_1_64' title="bbox 24 1409 1086 1455; baseline -0.005 -7"><span class='ocrx_word' id='word_1_181' title='bbox 24 1423 165 1449; x_wconf 38' lang='lat' dir='ltr'><strong><em>*manus</em></strong></span> <span class='ocrx_word' id='word_1_182' title='bbox 180 1413 307 1455; x_wconf 88' lang='lat' dir='ltr'><strong><em>vitulo,</em></strong></span> <span class='ocrx_word' id='word_1_183' title='bbox 323 1413 382 1448; x_wconf 90' lang='lat' dir='ltr'><strong><em>hic</em></strong></span> <span class='ocrx_word' id='word_1_184' title='bbox 399 1417 518 1448; x_wconf 86' lang='lat' dir='ltr'><strong><em>autem</em></strong></span> <span class='ocrx_word' id='word_1_185' title='bbox 534 1418 571 1448; x_wconf 92' lang='lat' dir='ltr'><strong><em>et</em></strong></span> <span class='ocrx_word' id='word_1_186' title='bbox 590 1411 682 1447; x_wconf 83' lang='lat' dir='ltr'><strong><em>filios</em></strong></span> <span class='ocrx_word' id='word_1_187' title='bbox 717 1410 816 1455; x_wconf 79' lang='lat' dir='ltr'><strong><em>eJ&#39;us;</em></strong></span> <span class='ocrx_word' id='word_1_188' title='bbox 850 1420 923 1445; x_wconf 89' lang='lat' dir='ltr'><strong><em>non</em></strong></span> <span class='ocrx_word' id='word_1_189' title='bbox 951 1409 1086 1444; x_wconf 81' lang='lat' dir='ltr'><strong><em>trustra</em></strong></span> 
     </span>
     <span class='ocr_line' id='line_1_65' title="bbox 36 1468 1088 1515; baseline -0.006 -7"><span class='ocrx_word' id='word_1_190' title='bbox 36 1473 106 1508; x_wconf 89' lang='lat' dir='ltr'><strong><em>hoc</em></strong></span> <span class='ocrx_word' id='word_1_191' title='bbox 123 1472 340 1515; x_wconf 89' lang='lat' dir='ltr'><strong><em>custodiens,</em></strong></span> <span class='ocrx_word' id='word_1_192' title='bbox 371 1472 433 1508; x_wconf 91' lang='lat' dir='ltr'><strong><em>sed</em></strong></span> <span class='ocrx_word' id='word_1_193' title='bbox 451 1472 560 1507; x_wconf 91' lang='lat' dir='ltr'><strong><em>etiam</em></strong></span> <span class='ocrx_word' id='word_1_194' title='bbox 592 1476 721 1506; x_wconf 89' lang='lat' dir='ltr'><strong><em>unctos</em></strong></span> <span class='ocrx_word' id='word_1_195' title='bbox 749 1469 894 1514; x_wconf 77' lang='lat' dir='ltr'><strong><em>scripsit</em></strong></span> <span class='ocrx_word' id='word_1_196' title='bbox 915 1480 922 1503; x_wconf 76' lang='lat' dir='ltr'><strong><em>t</em></strong></span> <span class='ocrx_word' id='word_1_197' title='bbox 943 1468 1088 1513; x_wconf 88' lang='lat' dir='ltr'><strong><em>quando</em></strong></span> 
     </span>
     <span class='ocr_line' id='line_1_66' title="bbox 36 1528 1088 1579; baseline -0.007 -8"><span class='ocrx_word' id='word_1_198' title='bbox 36 1540 157 1571; x_wconf 88' lang='lat' dir='ltr'><strong><em>autem</em></strong></span> <span class='ocrx_word' id='word_1_199' title='bbox 177 1540 212 1569; x_wconf 88' lang='lat' dir='ltr'><strong><em>ct</em></strong></span> <span class='ocrx_word' id='word_1_200' title='bbox 230 1543 300 1569; x_wconf 92' lang='lat' dir='ltr'><strong><em>non</em></strong></span> <span class='ocrx_word' id='word_1_201' title='bbox 318 1534 486 1579; x_wconf 86' lang='lat' dir='ltr'><strong><em>ungimur</em></strong></span> <span class='ocrx_word' id='word_1_202' title='bbox 508 1538 544 1568; x_wconf 89' lang='lat' dir='ltr'><strong><em>et</em></strong></span> <span class='ocrx_word' id='word_1_203' title='bbox 560 1531 743 1568; x_wconf 80' lang='lat' dir='ltr'><strong><em>offerimur</em></strong></span> <span class='ocrx_word' id='word_1_204' title='bbox 759 1529 979 1575; x_wconf 87' lang='lat' dir='ltr'><strong><em>baptismati,</em></strong></span> <span class='ocrx_word' id='word_1_205' title='bbox 999 1528 1088 1565; x_wconf 90' lang='lat' dir='ltr'><strong><em>socii</em></strong></span> 
     </span>
     <span class='ocr_line' id='line_1_67' title="bbox 25 1590 1086 1639; baseline -0.005 -10"><span class='ocrx_word' id='word_1_206' title='bbox 25 1594 233 1634; x_wconf 64' lang='lat' dir='ltr'><strong><em>’Domintcae</em></strong></span> <span class='ocrx_word' id='word_1_207' title='bbox 255 1593 430 1630; x_wconf 84' lang='lat' dir='ltr'><strong><em>efficimur</em></strong></span> <span class='ocrx_word' id='word_1_208' title='bbox 448 1593 641 1639; x_wconf 81' lang='lat' dir='ltr'><strong><em>passionis,</em></strong></span> <span class='ocrx_word' id='word_1_209' title='bbox 661 1591 763 1637; x_wconf 87' lang='lat' dir='ltr'><strong><em>cujus</em></strong></span> <span class='ocrx_word' id='word_1_210' title='bbox 788 1591 881 1638; x_wconf 84' lang='lat' dir='ltr'><strong><em>gerit</em></strong></span> <span class='ocrx_word' id='word_1_211' title='bbox 894 1590 1086 1636; x_wconf 82' lang='lat' dir='ltr'><strong><em>imaginem</em></strong></span> 
     </span>
     <span class='ocr_line' id='line_1_68' title="bbox 38 1648 1088 1698; baseline -0.007 -9"><span class='ocrx_word' id='word_1_212' title='bbox 38 1653 213 1698; x_wconf 89' lang='lat' dir='ltr'><strong><em>baptisma</em></strong></span> <span class='ocrx_word' id='word_1_213' title='bbox 230 1663 239 1696; x_wconf 90' lang='lat'>;</span> <span class='ocrx_word' id='word_1_214' title='bbox 258 1653 353 1698; x_wconf 83' lang='lat' dir='ltr'><strong><em>quod</em></strong></span> <span class='ocrx_word' id='word_1_215' title='bbox 372 1652 479 1689; x_wconf 83' lang='lat' dir='ltr'><strong><em>ctiam</em></strong></span> <span class='ocrx_word' id='word_1_216' title='bbox 495 1652 624 1687; x_wconf 80' lang='lat' dir='ltr'>docent</span> <span class='ocrx_word' id='word_1_217' title='bbox 634 1652 713 1686; x_wconf 84' lang='lat' dir='ltr'><strong><em>haec</em></strong></span> <span class='ocrx_word' id='word_1_218' title='bbox 730 1650 831 1687; x_wconf 89' lang='lat' dir='ltr'><strong><em>Pauli</em></strong></span> <span class='ocrx_word' id='word_1_219' title='bbox 846 1650 955 1685; x_wconf 77' lang='lat' dir='ltr'><strong><em>verba</em></strong></span> <span class='ocrx_word' id='word_1_220' title='bbox 972 1660 980 1684; x_wconf 91' lang='lat'>:</span> <span class='ocrx_word' id='word_1_221' title='bbox 1002 1648 1088 1691; x_wconf 83' lang='lat' dir='ltr'><strong><em>Qui-</em></strong></span> 
     </span>
     <span class='ocr_line' id='line_1_69' title="bbox 38 1711 1087 1761; baseline -0.006 -11"><span class='ocrx_word' id='word_1_222' title='bbox 38 1725 171 1761; x_wconf 85' lang='lat' dir='ltr'><strong><em>cunque</em></strong></span> <span class='ocrx_word' id='word_1_223' title='bbox 198 1714 288 1749; x_wconf 88' lang='lat' dir='ltr'><strong><em>enim</em></strong></span> <span class='ocrx_word' id='word_1_224' title='bbox 314 1714 352 1748; x_wconf 88' lang='lat' dir='ltr'><strong><em>in</em></strong></span> <span class='ocrx_word' id='word_1_225' title='bbox 384 1712 520 1748; x_wconf 77' lang='lat' dir='ltr'><strong><em>Christo</em></strong></span> <span class='ocrx_word' id='word_1_226' title='bbox 553 1713 718 1758; x_wconf 80' lang='lat' dir='ltr'><strong><em>baptizati</em></strong></span> <span class='ocrx_word' id='word_1_227' title='bbox 748 1721 880 1753; x_wconf 87' lang='lat' dir='ltr'><strong><em>sumus,</em></strong></span> <span class='ocrx_word' id='word_1_228' title='bbox 918 1711 955 1744; x_wconf 90' lang='lat' dir='ltr'><strong><em>in</em></strong></span> <span class='ocrx_word' id='word_1_229' title='bbox 978 1715 1087 1745; x_wconf 86' lang='lat' dir='ltr'><strong><em>morte</em></strong></span> 
     </span>
     <span class='ocr_line' id='line_1_70' title="bbox 37 1772 1088 1822; baseline -0.005 -11"><span class='ocrx_word' id='word_1_230' title='bbox 37 1776 146 1822; x_wconf 85' lang='lat' dir='ltr'><strong><em>ipsius</em></strong></span> <span class='ocrx_word' id='word_1_231' title='bbox 161 1775 325 1821; x_wconf 78' lang='lat' dir='ltr'><strong><em>baptizati</em></strong></span> <span class='ocrx_word' id='word_1_232' title='bbox 354 1783 496 1809; x_wconf 85' lang='lat' dir='ltr'><strong><em>sumus:</em></strong></span> <span class='ocrx_word' id='word_1_233' title='bbox 517 1772 706 1819; x_wconf 82' lang='lat' dir='ltr'><strong><em>consepulti</em></strong></span> <span class='ocrx_word' id='word_1_234' title='bbox 736 1783 855 1808; x_wconf 87' lang='lat' dir='ltr'><strong><em>sumus</em></strong></span> <span class='ocrx_word' id='word_1_235' title='bbox 875 1782 956 1818; x_wconf 70' lang='lat' dir='ltr'><strong><em>erqo</em></strong></span> <span class='ocrx_word' id='word_1_236' title='bbox 977 1772 1007 1806; x_wconf 91' lang='lat' dir='ltr'><strong><em>ei</em></strong></span> <span class='ocrx_word' id='word_1_237' title='bbox 1028 1782 1088 1817; x_wconf 87' lang='lat' dir='ltr'><strong><em>per</em></strong></span> 
     </span>
     <span class='ocr_line' id='line_1_71' title="bbox 26 1831 1089 1882; baseline -0.005 -11"><span class='ocrx_word' id='word_1_238' title='bbox 26 1836 244 1882; x_wconf 71' lang='lat' dir='ltr'><strong><em>³bapeismum</em></strong></span> <span class='ocrx_word' id='word_1_239' title='bbox 258 1835 296 1869; x_wconf 90' lang='lat' dir='ltr'><strong><em>in</em></strong></span> <span class='ocrx_word' id='word_1_240' title='bbox 323 1839 431 1869; x_wconf 90' lang='lat' dir='ltr'><strong><em>morte</em></strong></span> <span class='ocrx_word' id='word_1_241' title='bbox 449 1833 549 1878; x_wconf 85' lang='lat' dir='ltr'><strong><em>ejus;</em></strong></span> <span class='ocrx_word' id='word_1_242' title='bbox 575 1832 780 1869; x_wconf 84' lang='lat' dir='ltr'><strong><em>necessario</em></strong></span> <span class='ocrx_word' id='word_1_243' title='bbox 801 1831 864 1867; x_wconf 90' lang='lat' dir='ltr'><strong><em>filii</em></strong></span> <span class='ocrx_word' id='word_1_244' title='bbox 890 1832 1011 1867; x_wconf 81' lang='lat' dir='ltr'><strong><em>Aaron</em></strong></span> <span class='ocrx_word' id='word_1_245' title='bbox 1031 1842 1089 1867; x_wconf 87' lang='lat' dir='ltr'><strong><em>sa-</em></strong></span> 
     </span>
     <span class='ocr_line' id='line_1_72' title="bbox 39 1893 1089 1939; baseline -0.003 -7"><span class='ocrx_word' id='word_1_246' title='bbox 39 1896 175 1933; x_wconf 82' lang='lat' dir='ltr'><strong><em>crificio</em></strong></span> <span class='ocrx_word' id='word_1_247' title='bbox 193 1905 333 1939; x_wconf 91' lang='lat' dir='ltr'><strong><em>manus,</em></strong></span> <span class='ocrx_word' id='word_1_248' title='bbox 366 1905 447 1931; x_wconf 88' lang='lat' dir='ltr'><strong><em>cum</em></strong></span> <span class='ocrx_word' id='word_1_249' title='bbox 478 1895 551 1931; x_wconf 89' lang='lat' dir='ltr'><strong><em>sint</em></strong></span> <span class='ocrx_word' id='word_1_250' title='bbox 567 1895 601 1930; x_wconf 94' lang='lat' dir='ltr'><strong><em>ei</em></strong></span> <span class='ocrx_word' id='word_1_251' title='bbox 619 1894 926 1931; x_wconf 80' lang='lat' dir='ltr'><strong><em>communicantes</em></strong></span> <span class='ocrx_word' id='word_1_252' title='bbox 943 1920 952 1937; x_wconf 91' lang='lat'>‚</span> <span class='ocrx_word' id='word_1_253' title='bbox 974 1893 1089 1939; x_wconf 92' lang='lat' dir='ltr'><strong><em>impo-</em></strong></span> 
     </span>
     <span class='ocr_line' id='line_1_73' title="bbox 26 1964 139 1994; baseline 0 0"><span class='ocrx_word' id='word_1_254' title='bbox 26 1964 139 1994; x_wconf 73' lang='lat' dir='ltr'><strong><em>vnunt.</em></strong></span> 
     </span>
    </p>
   </div>
   <div class='ocr_carea' id='block_1_5' title="bbox 26 2076 1111 3748">
    <p class='ocr_par' dir='ltr' id='par_1_6' title="bbox 26 2076 1111 3679">
     <span class='ocr_line' id='line_1_74' title="bbox 26 2076 1087 2125; baseline -0.002 -13"><span class='ocrx_word' id='word_1_255' title='bbox 26 2083 99 2125; x_wconf 62' lang='lat' dir='ltr'><strong><em>&#39;put</em></strong></span> <span class='ocrx_word' id='word_1_256' title='bbox 117 2088 195 2114; x_wconf 88' lang='lat' dir='ltr'><strong><em>cum</em></strong></span> <span class='ocrx_word' id='word_1_257' title='bbox 210 2078 451 2124; x_wconf 77' lang='lat' dir='ltr'><strong><em>imposuissent</em></strong></span> <span class='ocrx_word' id='word_1_258' title='bbox 475 2077 594 2112; x_wconf 88' lang='lat' dir='ltr'><strong><em>Aaron</em></strong></span> <span class='ocrx_word' id='word_1_259' title='bbox 613 2083 644 2112; x_wconf 95' lang='lat' dir='ltr'><strong><em>et</em></strong></span> <span class='ocrx_word' id='word_1_260' title='bbox 670 2076 734 2123; x_wconf 79' lang='lat' dir='ltr'><strong><em>{ilii</em></strong></span> <span class='ocrx_word' id='word_1_261' title='bbox 755 2077 831 2123; x_wconf 86' lang='lat' dir='ltr'><strong><em>ejus</em></strong></span> <span class='ocrx_word' id='word_1_262' title='bbox 848 2087 972 2111; x_wconf 77' lang='lat' dir='ltr'><strong><em>mames</em></strong></span> <span class='ocrx_word' id='word_1_263' title='bbox 990 2088 1087 2119; x_wconf 85' lang='lat' dir='ltr'><strong><em>suas,</em></strong></span> 
     </span>
     <span class='ocr_line' id='line_1_75' title="bbox 27 2135 1088 2182; baseline -0.003 -10"><span class='ocrx_word' id='word_1_264' title='bbox 27 2136 339 2178; x_wconf 84' lang='lat' dir='ltr'><strong><em>·immolaviteum,&#39;</em></strong></span> <span class='ocrx_word' id='word_1_265' title='bbox 368 2142 399 2171; x_wconf 88' lang='lat' dir='ltr'><strong><em>et</em></strong></span> <span class='ocrx_word' id='word_1_266' title='bbox 428 2135 518 2180; x_wconf 72' lang='lat' dir='ltr'><strong><em>fudit</em></strong></span> <span class='ocrx_word' id='word_1_267' title='bbox 543 2135 746 2182; x_wconf 77' lang='lat' dir='ltr'><strong><em>sanquinem</em></strong></span> <span class='ocrx_word' id='word_1_268' title='bbox 778 2135 852 2181; x_wconf 86' lang='lat' dir='ltr'><strong><em>ejus</em></strong></span> <span class='ocrx_word' id='word_1_269' title='bbox 872 2146 932 2181; x_wconf 83' lang='lat' dir='ltr'><strong><em>per</em></strong></span> <span class='ocrx_word' id='word_1_270' title='bbox 965 2135 1088 2170; x_wconf 88' lang='lat' dir='ltr'><strong><em>altaris</em></strong></span> 
     </span>
     <span class='ocr_line' id='line_1_76' title="bbox 42 2195 1088 2241; baseline -0.001 -11"><span class='ocrx_word' id='word_1_271' title='bbox 42 2196 251 2230; x_wconf 85' lang='lat' dir='ltr'><strong><em>circuitum:</em></strong></span> <span class='ocrx_word' id='word_1_272' title='bbox 283 2196 462 2241; x_wconf 84' lang='lat' dir='ltr'><strong><em>ipsumque</em></strong></span> <span class='ocrx_word' id='word_1_273' title='bbox 493 2196 633 2230; x_wconf 89' lang='lat' dir='ltr'><strong><em>arietem</em></strong></span> <span class='ocrx_word' id='word_1_274' title='bbox 660 2206 719 2241; x_wconf 85' lang='lat' dir='ltr'><strong><em>per</em></strong></span> <span class='ocrx_word' id='word_1_275' title='bbox 750 2195 862 2240; x_wconf 72' lang='lat' dir='ltr'><strong><em>frusta</em></strong></span> <span class='ocrx_word' id='word_1_276' title='bbox 891 2195 1088 2238; x_wconf 84' lang='lat' dir='ltr'><strong><em>concidens,</em></strong></span> 
     </span>
     <span class='ocr_line' id='line_1_77' title="bbox 28 2254 1091 2301; baseline 0 -11"><span class='ocrx_word' id='word_1_277' title='bbox 28 2261 143 2301; x_wconf 81' lang='lat' dir='ltr'><strong><em>-caput</em></strong></span> <span class='ocrx_word' id='word_1_278' title='bbox 164 2255 253 2301; x_wconf 87' lang='lat' dir='ltr'><strong><em>ejus,</em></strong></span> <span class='ocrx_word' id='word_1_279' title='bbox 282 2261 314 2290; x_wconf 92' lang='lat' dir='ltr'><strong><em>et</em></strong></span> <span class='ocrx_word' id='word_1_280' title='bbox 347 2261 457 2297; x_wconf 84' lang='lat' dir='ltr'><strong><em>artus,</em></strong></span> <span class='ocrx_word' id='word_1_281' title='bbox 487 2260 518 2290; x_wconf 86' lang='lat' dir='ltr'><strong><em>et</em></strong></span> <span class='ocrx_word' id='word_1_282' title='bbox 551 2255 687 2300; x_wconf 80' lang='lat' dir='ltr'><strong><em>adipem</em></strong></span> <span class='ocrx_word' id='word_1_283' title='bbox 721 2254 868 2290; x_wconf 84' lang='lat' dir='ltr'><strong><em>adolevit</em></strong></span> <span class='ocrx_word' id='word_1_284' title='bbox 893 2255 977 2301; x_wconf 65' lang='grc' dir='ltr'><strong><em>ἔφη’,</em></strong></span> <span class='ocrx_word' id='word_1_285' title='bbox 1013 2255 1091 2290; x_wconf 83' lang='lat' dir='ltr'><strong><em>lotis</em></strong></span> 
     </span>
     <span class='ocr_line' id='line_1_78' title="bbox 27 2314 1093 2362; baseline 0.003 -14"><span class='ocrx_word' id='word_1_286' title='bbox 27 2316 139 2360; x_wconf 75' lang='lat' dir='ltr'><strong><em>‹prius</em></strong></span> <span class='ocrx_word' id='word_1_287' title='bbox 158 2314 328 2350; x_wconf 77' lang='lat' dir='ltr'><strong><em>intestinis</em></strong></span> <span class='ocrx_word' id='word_1_288' title='bbox 355 2321 387 2350; x_wconf 90' lang='lat' dir='ltr'><strong><em>et</em></strong></span> <span class='ocrx_word' id='word_1_289' title='bbox 413 2315 580 2361; x_wconf 82' lang='lat' dir='ltr'><strong><em>pedibus,</em></strong></span> <span class='ocrx_word' id='word_1_290' title='bbox 611 2320 784 2362; x_wconf 87' lang='lat' dir='ltr'><strong><em>totumque</em></strong></span> <span class='ocrx_word' id='word_1_291' title='bbox 820 2317 924 2351; x_wconf 86' lang='lat' dir='ltr'><strong><em>simul</em></strong></span> <span class='ocrx_word' id='word_1_292' title='bbox 951 2316 1093 2352; x_wconf 83' lang='lat' dir='ltr'><strong><em>arietem</em></strong></span> 
     </span>
     <span class='ocr_line' id='line_1_79' title="bbox 30 2374 1092 2422; baseline 0.002 -13"><span class='ocrx_word' id='word_1_293' title='bbox 30 2374 192 2410; x_wconf 84' lang='lat' dir='ltr'><strong><em>·incendit</em></strong></span> <span class='ocrx_word' id='word_1_294' title='bbox 207 2386 310 2422; x_wconf 88' lang='lat' dir='ltr'><strong><em>super</em></strong></span> <span class='ocrx_word' id='word_1_295' title='bbox 327 2374 458 2418; x_wconf 83' lang='lat' dir='ltr'><strong><em>altare,</em></strong></span> <span class='ocrx_word' id='word_1_296' title='bbox 483 2386 522 2410; x_wconf 89' lang='lat' dir='ltr'><strong><em>eo</em></strong></span> <span class='ocrx_word' id='word_1_297' title='bbox 539 2375 631 2421; x_wconf 87' lang='lat' dir='ltr'><strong><em>quod</em></strong></span> <span class='ocrx_word' id='word_1_298' title='bbox 646 2381 731 2410; x_wconf 85' lang='lat' dir='ltr'><strong><em>esset</em></strong></span> <span class='ocrx_word' id='word_1_299' title='bbox 749 2375 988 2410; x_wconf 84' lang='lat' dir='ltr'><strong><em>holocaustum</em></strong></span> <span class='ocrx_word' id='word_1_300' title='bbox 1009 2387 1092 2411; x_wconf 87' lang='lat' dir='ltr'><strong><em>sua-</em></strong></span> 
     </span>
     <span class='ocr_line' id='line_1_80' title="bbox 30 2435 1093 2482; baseline 0.001 -12"><span class='ocrx_word' id='word_1_301' title='bbox 30 2435 171 2471; x_wconf 69' lang='lat' dir='ltr'><strong><em>‹vissimi</em></strong></span> <span class='ocrx_word' id='word_1_302' title='bbox 191 2435 307 2470; x_wconf 82' lang='lat' dir='ltr'><strong><em>odoris</em></strong></span> <span class='ocrx_word' id='word_1_303' title='bbox 323 2435 486 2478; x_wconf 90' lang='lat' dir='ltr'><strong><em>Domino,</em></strong></span> <span class='ocrx_word' id='word_1_304' title='bbox 498 2437 587 2470; x_wconf 85' lang='lat' dir='ltr'><strong><em>sicut</em></strong></span> <span class='ocrx_word' id='word_1_305' title='bbox 600 2441 810 2481; x_wconf 83' lang='lat' dir='ltr'><strong><em>praeceperat</em></strong></span> <span class='ocrx_word' id='word_1_306' title='bbox 823 2435 1007 2471; x_wconf 88' lang='lat' dir='ltr'><strong><em>Dominus.</em></strong></span> <span class='ocrx_word' id='word_1_307' title='bbox 1021 2435 1093 2482; x_wconf 74' lang='lat' dir='ltr'><strong><em>(Ex</em></strong></span> 
     </span>
     <span class='ocr_line' id='line_1_81' title="bbox 31 2495 1095 2543; baseline -0.003 -11"><span class='ocrx_word' id='word_1_308' title='bbox 31 2496 191 2543; x_wconf 56' lang='lat' dir='ltr'><strong><em>eodem.)</em></strong></span> <span class='ocrx_word' id='word_1_309' title='bbox 216 2496 409 2540; x_wconf 83' lang='lat' dir='ltr'><strong><em>Propterea</em></strong></span> <span class='ocrx_word' id='word_1_310' title='bbox 427 2496 486 2530; x_wconf 81' lang='lat' dir='ltr'><strong><em>lex</em></strong></span> <span class='ocrx_word' id='word_1_311' title='bbox 508 2496 746 2538; x_wconf 83' lang='lat' dir='ltr'><strong><em>sacerdotem,</em></strong></span> <span class='ocrx_word' id='word_1_312' title='bbox 762 2496 799 2531; x_wconf 93' lang='lat' dir='ltr'><strong><em>in</em></strong></span> <span class='ocrx_word' id='word_1_313' title='bbox 821 2496 944 2531; x_wconf 85' lang='lat' dir='ltr'><strong><em>multis</em></strong></span> <span class='ocrx_word' id='word_1_314' title='bbox 964 2495 1095 2540; x_wconf 86' lang='lat' dir='ltr'><strong><em>imagi-</em></strong></span> 
     </span>
     <span class='ocr_line' id='line_1_82' title="bbox 31 2554 1096 2599; baseline -0.002 -9"><span class='ocrx_word' id='word_1_315' title='bbox 31 2564 127 2590; x_wconf 76' lang='lat' dir='ltr'><strong><em>¹nem</em></strong></span> <span class='ocrx_word' id='word_1_316' title='bbox 147 2554 320 2590; x_wconf 84' lang='lat' dir='ltr'><strong><em>ferentem</em></strong></span> <span class='ocrx_word' id='word_1_317' title='bbox 351 2554 506 2595; x_wconf 89' lang='lat' dir='ltr'><strong><em>Domini,</em></strong></span> <span class='ocrx_word' id='word_1_318' title='bbox 537 2563 632 2589; x_wconf 89' lang='lat' dir='ltr'><strong><em>nunc</em></strong></span> <span class='ocrx_word' id='word_1_319' title='bbox 667 2555 819 2589; x_wconf 80' lang='lat' dir='ltr'><strong><em>vitulum</em></strong></span> <span class='ocrx_word' id='word_1_320' title='bbox 850 2564 915 2599; x_wconf 85' lang='lat' dir='ltr'><strong><em>pro</em></strong></span> <span class='ocrx_word' id='word_1_321' title='bbox 939 2554 1096 2599; x_wconf 90' lang='lat' dir='ltr'><strong><em>peccatis</em></strong></span> 
     </span>
     <span class='ocr_line' id='line_1_83' title="bbox 47 2613 1097 2659; baseline -0.001 -10"><span class='ocrx_word' id='word_1_322' title='bbox 47 2614 245 2656; x_wconf 88' lang='lat' dir='ltr'><strong><em>immolare,</em></strong></span> <span class='ocrx_word' id='word_1_323' title='bbox 265 2618 301 2648; x_wconf 90' lang='lat' dir='ltr'><strong><em>et</em></strong></span> <span class='ocrx_word' id='word_1_324' title='bbox 325 2619 427 2648; x_wconf 84' lang='lat' dir='ltr'><strong><em>extra</em></strong></span> <span class='ocrx_word' id='word_1_325' title='bbox 451 2613 724 2649; x_wconf 87' lang='lat' dir='ltr'><strong><em>tabernaculum</em></strong></span> <span class='ocrx_word' id='word_1_326' title='bbox 745 2614 938 2649; x_wconf 81' lang='lat' dir='ltr'><strong><em>incendere</em></strong></span> <span class='ocrx_word' id='word_1_327' title='bbox 961 2623 1097 2659; x_wconf 84' lang='lat' dir='ltr'><strong><em>praece-</em></strong></span> 
     </span>
     <span class='ocr_line' id='line_1_84' title="bbox 32 2674 1098 2722; baseline -0.001 -11"><span class='ocrx_word' id='word_1_328' title='bbox 32 2675 124 2722; x_wconf 38' lang='lat' dir='ltr'><strong><em>ipit:</em></strong></span> <span class='ocrx_word' id='word_1_329' title='bbox 144 2675 196 2710; x_wconf 90' lang='lat' dir='ltr'><strong><em>sic</em></strong></span> <span class='ocrx_word' id='word_1_330' title='bbox 214 2674 310 2709; x_wconf 92' lang='lat' dir='ltr'><strong><em>enim</em></strong></span> <span class='ocrx_word' id='word_1_331' title='bbox 328 2679 365 2709; x_wconf 90' lang='lat' dir='ltr'><strong><em>et</em></strong></span> <span class='ocrx_word' id='word_1_332' title='bbox 390 2674 532 2709; x_wconf 90' lang='lat' dir='ltr'><strong><em>Domini</em></strong></span> <span class='ocrx_word' id='word_1_333' title='bbox 559 2674 775 2710; x_wconf 85' lang='lat' dir='ltr'><strong><em>sacrificium</em></strong></span> <span class='ocrx_word' id='word_1_334' title='bbox 803 2675 849 2710; x_wconf 88' lang='lat' dir='ltr'><strong><em>ad</em></strong></span> <span class='ocrx_word' id='word_1_335' title='bbox 877 2674 1098 2711; x_wconf 88' lang='lat' dir='ltr'><strong><em>ablutionem</em></strong></span> 
     </span>
     <span class='ocr_line' id='line_1_85' title="bbox 34 2727 1099 2780; baseline 0.001 -11"><span class='ocrx_word' id='word_1_336' title='bbox 34 2740 184 2771; x_wconf 64' lang='lat' dir='ltr'><strong><em>enaturae</em></strong></span> <span class='ocrx_word' id='word_1_337' title='bbox 200 2739 335 2770; x_wconf 83' lang='lat' dir='ltr'><strong><em>nostrae</em></strong></span> <span class='ocrx_word' id='word_1_338' title='bbox 359 2727 588 2780; x_wconf 80' lang='lat' dir='ltr'><strong><em>peccatorum</em></strong></span> <span class='ocrx_word' id='word_1_339' title='bbox 610 2733 744 2770; x_wconf 81' lang='lat' dir='ltr'><strong><em>tactum</em></strong></span> <span class='ocrx_word' id='word_1_340' title='bbox 762 2739 829 2770; x_wconf 87' lang='lat' dir='ltr'><strong><em>est.</em></strong></span> <span class='ocrx_word' id='word_1_341' title='bbox 863 2733 964 2770; x_wconf 91' lang='lat' dir='ltr'><strong><em>Nunc</em></strong></span> <span class='ocrx_word' id='word_1_342' title='bbox 978 2739 1099 2770; x_wconf 85' lang='lat' dir='ltr'><strong><em>autem</em></strong></span> 
     </span>
     <span class='ocr_line' id='line_1_86' title="bbox 33 2786 1100 2843; baseline 0 -10"><span class='ocrx_word' id='word_1_343' title='bbox 33 2798 178 2835; x_wconf 73' lang='lat' dir='ltr'><strong><em>«iterum</em></strong></span> <span class='ocrx_word' id='word_1_344' title='bbox 191 2797 224 2833; x_wconf 90' lang='lat' dir='ltr'><strong><em>ei</em></strong></span> <span class='ocrx_word' id='word_1_345' title='bbox 239 2786 455 2833; x_wconf 80' lang='lat' dir='ltr'><strong><em>sacrificium</em></strong></span> <span class='ocrx_word' id='word_1_346' title='bbox 473 2795 570 2832; x_wconf 88' lang='lat' dir='ltr'><strong><em>aliud</em></strong></span> <span class='ocrx_word' id='word_1_347' title='bbox 589 2796 626 2831; x_wconf 92' lang='lat' dir='ltr'><strong><em>in</em></strong></span> <span class='ocrx_word' id='word_1_348' title='bbox 641 2796 853 2832; x_wconf 90' lang='lat' dir='ltr'><strong><em>holocausto</em></strong></span> <span class='ocrx_word' id='word_1_349' title='bbox 871 2796 994 2832; x_wconf 87' lang='lat' dir='ltr'><strong><em>arietis</em></strong></span> <span class='ocrx_word' id='word_1_350' title='bbox 1006 2807 1100 2843; x_wconf 80' lang='lat' dir='ltr'><strong><em>prae-</em></strong></span> 
     </span>
     <span class='ocr_line' id='line_1_87' title="bbox 33 2855 1098 2904; baseline -0.001 -11"><span class='ocrx_word' id='word_1_351' title='bbox 33 2858 143 2904; x_wconf 87' lang='lat' dir='ltr'><strong><em>·eepit</em></strong></span> <span class='ocrx_word' id='word_1_352' title='bbox 161 2856 263 2901; x_wconf 81' lang='lat' dir='ltr'><strong><em>tieri;</em></strong></span> <span class='ocrx_word' id='word_1_353' title='bbox 295 2855 490 2892; x_wconf 86' lang='lat' dir='ltr'><strong><em>crucifixus</em></strong></span> <span class='ocrx_word' id='word_1_354' title='bbox 517 2856 612 2892; x_wconf 91' lang='lat' dir='ltr'><strong><em>enim</em></strong></span> <span class='ocrx_word' id='word_1_355' title='bbox 640 2857 797 2892; x_wconf 92' lang='lat' dir='ltr'><strong><em>mundus</em></strong></span> <span class='ocrx_word' id='word_1_356' title='bbox 821 2861 858 2892; x_wconf 91' lang='lat' dir='ltr'><strong><em>et</em></strong></span> <span class='ocrx_word' id='word_1_357' title='bbox 886 2857 1098 2893; x_wconf 89' lang='lat' dir='ltr'><strong><em>renuntians</em></strong></span> 
     </span>
     <span class='ocr_line' id='line_1_88' title="bbox 35 2916 1097 2961; baseline -0.002 -7"><span class='ocrx_word' id='word_1_358' title='bbox 35 2917 183 2954; x_wconf 68' lang='lat' dir='ltr'><strong><em>imundo</em></strong></span> <span class='ocrx_word' id='word_1_359' title='bbox 197 2917 437 2959; x_wconf 88' lang='lat' dir='ltr'><strong><em>conversatio,</em></strong></span> <span class='ocrx_word' id='word_1_360' title='bbox 466 2926 545 2961; x_wconf 87' lang='lat' dir='ltr'><strong><em>quae</em></strong></span> <span class='ocrx_word' id='word_1_361' title='bbox 558 2922 614 2952; x_wconf 88' lang='lat' dir='ltr'><strong><em>est</em></strong></span> <span class='ocrx_word' id='word_1_362' title='bbox 632 2916 894 2961; x_wconf 89' lang='lat' dir='ltr'><strong><em>holocaustum,</em></strong></span> <span class='ocrx_word' id='word_1_363' title='bbox 913 2916 1097 2952; x_wconf 87' lang='lat' dir='ltr'><strong><em>Christum</em></strong></span> 
     </span>
     <span class='ocr_line' id='line_1_89' title="bbox 35 2976 1098 3024; baseline -0.002 -10"><span class='ocrx_word' id='word_1_364' title='bbox 35 2977 159 3014; x_wconf 82' lang='lat' dir='ltr'><strong><em>lbabet</em></strong></span> <span class='ocrx_word' id='word_1_365' title='bbox 172 2977 366 3024; x_wconf 78' lang='lat' dir='ltr'><strong><em>primitias,</em></strong></span> <span class='ocrx_word' id='word_1_366' title='bbox 381 2977 639 3023; x_wconf 85' lang='lat' dir='ltr'><strong><em>doctoremque</em></strong></span> <span class='ocrx_word' id='word_1_367' title='bbox 655 2981 692 3012; x_wconf 88' lang='lat' dir='ltr'><strong><em>et</em></strong></span> <span class='ocrx_word' id='word_1_368' title='bbox 704 2976 904 3023; x_wconf 86' lang='lat' dir='ltr'><strong><em>exemplum</em></strong></span> <span class='ocrx_word' id='word_1_369' title='bbox 918 2987 928 3020; x_wconf 95' lang='lat'>;</span> <span class='ocrx_word' id='word_1_370' title='bbox 951 2981 1098 3023; x_wconf 90' lang='lat' dir='ltr'><strong><em>propter</em></strong></span> 
     </span>
     <span class='ocr_line' id='line_1_90' title="bbox 34 3038 1097 3091; baseline -0.002 -15"><span class='ocrx_word' id='word_1_371' title='bbox 34 3039 147 3087; x_wconf 79' lang='lat' dir='ltr'><strong><em>tquod</em></strong></span> <span class='ocrx_word' id='word_1_372' title='bbox 162 3039 263 3091; x_wconf 63' lang='lat' dir='ltr'><strong><em>dixit,</em></strong></span> <span class='ocrx_word' id='word_1_373' title='bbox 290 3038 360 3083; x_wconf 70' lang='lat' dir='ltr'><strong><em>Qun·</em></strong></span> <span class='ocrx_word' id='word_1_374' title='bbox 378 3050 446 3075; x_wconf 91' lang='lat' dir='ltr'><strong><em>non</em></strong></span> <span class='ocrx_word' id='word_1_375' title='bbox 465 3038 590 3086; x_wconf 84' lang='lat' dir='ltr'><strong><em>accipit</em></strong></span> <span class='ocrx_word' id='word_1_376' title='bbox 618 3049 755 3074; x_wconf 83' lang='lat' dir='ltr'><strong><em>crucem</em></strong></span> <span class='ocrx_word' id='word_1_377' title='bbox 786 3045 817 3074; x_wconf 87' lang='lat' dir='ltr'><strong><em>et</em></strong></span> <span class='ocrx_word' id='word_1_378' title='bbox 846 3039 1000 3085; x_wconf 83' lang='lat' dir='ltr'><strong><em>sequitur</em></strong></span> <span class='ocrx_word' id='word_1_379' title='bbox 1029 3049 1097 3082; x_wconf 90' lang='lat' dir='ltr'><strong><em>me,</em></strong></span> 
     </span>
     <span class='ocr_line' id='line_1_91' title="bbox 35 3092 1101 3146; baseline -0.002 -9"><span class='ocrx_word' id='word_1_380' title='bbox 35 3092 122 3137; x_wconf 61' lang='lat' dir='ltr'><strong><em>affl</em></strong></span> <span class='ocrx_word' id='word_1_381' title='bbox 136 3104 186 3136; x_wconf 76' lang='lat' dir='ltr'><strong><em>est</em></strong></span> <span class='ocrx_word' id='word_1_382' title='bbox 204 3110 259 3135; x_wconf 91' lang='lat' dir='ltr'><strong><em>me</em></strong></span> <span class='ocrx_word' id='word_1_383' title='bbox 275 3099 401 3146; x_wconf 76' lang='lat' dir='ltr'><strong><em>diqnus</em></strong></span> <span class='ocrx_word' id='word_1_384' title='bbox 420 3098 561 3146; x_wconf 75' lang='lat' dir='ltr'><strong><em>(Manli.</em></strong></span> <span class='ocrx_word' id='word_1_385' title='bbox 582 3098 634 3146; x_wconf 86' lang='lat' dir='ltr'><strong><em>x),</em></strong></span> <span class='ocrx_word' id='word_1_386' title='bbox 657 3099 692 3135; x_wconf 91' lang='lat' dir='ltr'><strong><em>id</em></strong></span> <span class='ocrx_word' id='word_1_387' title='bbox 709 3104 777 3142; x_wconf 90' lang='lat' dir='ltr'><strong><em>est,</em></strong></span> <span class='ocrx_word' id='word_1_388' title='bbox 807 3099 868 3144; x_wconf 87' lang='lat' dir='ltr'><strong><em>qui</em></strong></span> <span class='ocrx_word' id='word_1_389' title='bbox 886 3101 938 3135; x_wconf 89' lang='lat' dir='ltr'><strong><em>sic</em></strong></span> <span class='ocrx_word' id='word_1_390' title='bbox 955 3109 1027 3135; x_wconf 92' lang='lat' dir='ltr'><strong><em>non</em></strong></span> <span class='ocrx_word' id='word_1_391' title='bbox 1044 3109 1101 3136; x_wconf 87' lang='lat' dir='ltr'><strong><em>re·</em></strong></span> 
     </span>
     <span class='ocr_line' id='line_1_92' title="bbox 36 3160 1100 3207; baseline -0.002 -9"><span class='ocrx_word' id='word_1_392' title='bbox 36 3160 195 3207; x_wconf 54' lang='lat' dir='ltr'><strong><em>§finiat</em></strong></span> <span class='ocrx_word' id='word_1_393' title='bbox 216 3161 350 3198; x_wconf 87' lang='lat' dir='ltr'><strong><em>mundo</em></strong></span> <span class='ocrx_word' id='word_1_394' title='bbox 367 3161 461 3197; x_wconf 88' lang='lat' dir='ltr'><strong><em>sicut</em></strong></span> <span class='ocrx_word' id='word_1_395' title='bbox 479 3171 500 3196; x_wconf 90' lang='lat' dir='ltr'><strong><em>a</em></strong></span> <span class='ocrx_word' id='word_1_396' title='bbox 518 3171 576 3196; x_wconf 88' lang='lat' dir='ltr'><strong><em>me</em></strong></span> <span class='ocrx_word' id='word_1_397' title='bbox 601 3161 635 3197; x_wconf 90' lang='lat' dir='ltr'><strong><em>ei</em></strong></span> <span class='ocrx_word' id='word_1_398' title='bbox 660 3161 831 3197; x_wconf 87' lang='lat' dir='ltr'><strong><em>traditum</em></strong></span> <span class='ocrx_word' id='word_1_399' title='bbox 856 3165 933 3205; x_wconf 90' lang='lat' dir='ltr'><strong><em>est,</em></strong></span> <span class='ocrx_word' id='word_1_400' title='bbox 959 3161 1030 3197; x_wconf 90' lang='lat' dir='ltr'><strong><em>hoc</em></strong></span> <span class='ocrx_word' id='word_1_401' title='bbox 1045 3165 1100 3197; x_wconf 90' lang='lat' dir='ltr'><strong><em>est</em></strong></span> 
     </span>
     <span class='ocr_line' id='line_1_93' title="bbox 35 3215 1101 3272; baseline -0.003 -11"><span class='ocrx_word' id='word_1_402' title='bbox 35 3215 152 3272; x_wconf 50' lang='lat' dir='ltr'><strong><em>tm</em></strong></span> <span class='ocrx_word' id='word_1_403' title='bbox 173 3231 256 3260; x_wconf 81' lang='lat' dir='ltr'><strong><em>eum</em></strong></span> <span class='ocrx_word' id='word_1_404' title='bbox 273 3222 391 3268; x_wconf 82' lang='lat' dir='ltr'><strong><em>sequi,</em></strong></span> <span class='ocrx_word' id='word_1_405' title='bbox 413 3231 487 3258; x_wconf 92' lang='lat' dir='ltr'><strong><em>non</em></strong></span> <span class='ocrx_word' id='word_1_406' title='bbox 509 3226 566 3258; x_wconf 86' lang='lat' dir='ltr'><strong><em>est</em></strong></span> <span class='ocrx_word' id='word_1_407' title='bbox 582 3231 642 3258; x_wconf 90' lang='lat' dir='ltr'><strong><em>me</em></strong></span> <span class='ocrx_word' id='word_1_408' title='bbox 667 3221 809 3269; x_wconf 84' lang='lat' dir='ltr'><strong><em>dignus.</em></strong></span> <span class='ocrx_word' id='word_1_409' title='bbox 838 3221 909 3259; x_wconf 91' lang='lat' dir='ltr'><strong><em>Sed</em></strong></span> <span class='ocrx_word' id='word_1_410' title='bbox 928 3222 1031 3268; x_wconf 91' lang='lat' dir='ltr'><strong><em>cujus</em></strong></span> <span class='ocrx_word' id='word_1_411' title='bbox 1047 3222 1101 3258; x_wconf 86' lang='lat' dir='ltr'><strong><em>rei</em></strong></span> 
     </span>
     <span class='ocr_line' id='line_1_94' title="bbox 69 3281 1103 3330; baseline -0.003 -9"><span class='ocrx_word' id='word_1_412' title='bbox 69 3317 84 3327; x_wconf 74' lang='grc'><strong><em>,,</em></strong></span> <span class='ocrx_word' id='word_1_413' title='bbox 117 3289 139 3309; x_wconf 59' lang='lat'><strong><em>‘1</em></strong></span> <span class='ocrx_word' id='word_1_414' title='bbox 196 3281 366 3319; x_wconf 83' lang='lat' dir='ltr'><strong><em>dividitur</em></strong></span> <span class='ocrx_word' id='word_1_415' title='bbox 388 3281 654 3326; x_wconf 86' lang='lat' dir='ltr'><strong><em>holocaustum,</em></strong></span> <span class='ocrx_word' id='word_1_416' title='bbox 684 3283 795 3328; x_wconf 89' lang='lat' dir='ltr'><strong><em>pedes</em></strong></span> <span class='ocrx_word' id='word_1_417' title='bbox 822 3288 941 3318; x_wconf 86' lang='lat' dir='ltr'><strong><em>autem</em></strong></span> <span class='ocrx_word' id='word_1_418' title='bbox 960 3283 1038 3330; x_wconf 83' lang='lat' dir='ltr'><strong><em>ejus</em></strong></span> <span class='ocrx_word' id='word_1_419' title='bbox 1067 3288 1103 3319; x_wconf 87' lang='lat' dir='ltr'><strong><em>et</em></strong></span> 
     </span>
     <span class='ocr_line' id='line_1_95' title="bbox 76 3332 1101 3390; baseline 0.001 -12"><span class='ocrx_word' id='word_1_420' title='bbox 76 3332 94 3337; x_wconf 60' lang='grc'>”</span> <span class='ocrx_word' id='word_1_421' title='bbox 115 3346 132 3386; x_wconf 69' lang='grc' dir='ltr'><strong><em>,Γ</em></strong></span> <span class='ocrx_word' id='word_1_422' title='bbox 167 3340 242 3386; x_wconf 83' lang='lat' dir='ltr'><strong><em>ina,</em></strong></span> <span class='ocrx_word' id='word_1_423' title='bbox 261 3342 338 3378; x_wconf 77' lang='lat' dir='ltr'><strong><em>sive</em></strong></span> <span class='ocrx_word' id='word_1_424' title='bbox 355 3341 551 3379; x_wconf 87' lang='lat' dir='ltr'><strong><em>secundum</em></strong></span> <span class='ocrx_word' id='word_1_425' title='bbox 570 3341 802 3390; x_wconf 85' lang='lat' dir='ltr'><strong><em>Septuaginta</em></strong></span> <span class='ocrx_word' id='word_1_426' title='bbox 825 3348 954 3386; x_wconf 82' lang='lat' dir='ltr'><strong><em>venter,</em></strong></span> <span class='ocrx_word' id='word_1_427' title='bbox 977 3343 1101 3379; x_wconf 89' lang='lat' dir='ltr'><strong><em>lavan-</em></strong></span> 
     </span>
     <span class='ocr_line' id='line_1_96' title="bbox 120 3400 1105 3450; baseline -0.003 -9"><span class='ocrx_word' id='word_1_428' title='bbox 120 3426 122 3433; x_wconf 44' lang='grc' dir='ltr'><em>ι</em></span> <span class='ocrx_word' id='word_1_429' title='bbox 140 3419 151 3446; x_wconf 65' lang='grc' dir='ltr'><strong><em>,ε</em></strong></span> <span class='ocrx_word' id='word_1_430' title='bbox 162 3400 411 3450; x_wconf 72' lang='lat' dir='ltr'><strong><em>interpretatio</em></strong></span> <span class='ocrx_word' id='word_1_431' title='bbox 422 3402 738 3440; x_wconf 78' lang='lat' dir='ltr'><strong><em>holocaustomatis</em></strong></span> <span class='ocrx_word' id='word_1_432' title='bbox 754 3413 835 3450; x_wconf 83' lang='lat' dir='ltr'><strong><em>quae</em></strong></span> <span class='ocrx_word' id='word_1_433' title='bbox 848 3403 885 3439; x_wconf 91' lang='lat' dir='ltr'><strong><em>in</em></strong></span> <span class='ocrx_word' id='word_1_434' title='bbox 895 3404 1000 3439; x_wconf 89' lang='lat' dir='ltr'><strong><em>initio</em></strong></span> <span class='ocrx_word' id='word_1_435' title='bbox 1022 3403 1105 3439; x_wconf 87' lang='lat' dir='ltr'><strong><em>libri</em></strong></span> 
     </span>
     <span class='ocr_line' id='line_1_97' title="bbox 124 3459 1107 3508; baseline -0.003 -9.14"><span class='ocrx_word' id='word_1_436' title='bbox 124 3459 454 3506; x_wconf 46' lang='lat' dir='ltr'><strong><em>&amp;sufficienter</em></strong></span> <span class='ocrx_word' id='word_1_437' title='bbox 464 3461 633 3508; x_wconf 82' lang='lat' dir='ltr'><strong><em>explevit.</em></strong></span> <span class='ocrx_word' id='word_1_438' title='bbox 666 3461 769 3506; x_wconf 86' lang='lat' dir='ltr'><strong><em>Quod</em></strong></span> <span class='ocrx_word' id='word_1_439' title='bbox 793 3466 911 3498; x_wconf 79' lang='lat' dir='ltr'><strong><em>autem</em></strong></span> <span class='ocrx_word' id='word_1_440' title='bbox 938 3462 1107 3497; x_wconf 85' lang='lat' dir='ltr'><strong><em>immutat</em></strong></span> 
     </span>
     <span class='ocr_line' id='line_1_98' title="bbox 196 3511 1106 3566; baseline -0.002 -9.165"><span class='ocrx_word' id='word_1_441' title='bbox 196 3511 227 3562; x_wconf 58' lang='lat' dir='ltr'><strong><em>‚Jv</em></strong></span> <span class='ocrx_word' id='word_1_442' title='bbox 252 3537 256 3548; x_wconf 57' lang='grc' dir='ltr'>ι</span> <span class='ocrx_word' id='word_1_443' title='bbox 275 3536 289 3549; x_wconf 58' lang='lat'>2</span> <span class='ocrx_word' id='word_1_444' title='bbox 330 3519 401 3557; x_wconf 81' lang='lat' dir='ltr'><strong><em>boc</em></strong></span> <span class='ocrx_word' id='word_1_445' title='bbox 413 3520 617 3558; x_wconf 79' lang='lat' dir='ltr'><strong><em>necessario</em></strong></span> <span class='ocrx_word' id='word_1_446' title='bbox 634 3521 780 3565; x_wconf 88' lang='lat' dir='ltr'><strong><em>dieitur,</em></strong></span> <span class='ocrx_word' id='word_1_447' title='bbox 795 3520 879 3566; x_wconf 84' lang='lat' dir='ltr'><strong><em>quia</em></strong></span> <span class='ocrx_word' id='word_1_448' title='bbox 892 3519 941 3556; x_wconf 86' lang='lat' dir='ltr'><strong><em>ibi</em></strong></span> <span class='ocrx_word' id='word_1_449' title='bbox 962 3518 1106 3565; x_wconf 88' lang='lat' dir='ltr'><strong><em>quidem</em></strong></span> 
     </span>
     <span class='ocr_line' id='line_1_99' title="bbox 248 3579 1109 3628; baseline -0.001 -12.084"><span class='ocrx_word' id='word_1_450' title='bbox 248 3620 254 3626; x_wconf 7' lang='lat' dir='ltr'><strong><em>,q</em></strong></span> <span class='ocrx_word' id='word_1_451' title='bbox 307 3579 527 3618; x_wconf 68' lang='lat' dir='ltr'><strong><em>mationem</em></strong></span> <span class='ocrx_word' id='word_1_452' title='bbox 559 3579 811 3628; x_wconf 78' lang='lat' dir='ltr'><strong><em>[oblationum]</em></strong></span> <span class='ocrx_word' id='word_1_453' title='bbox 835 3580 944 3624; x_wconf 85' lang='lat' dir='ltr'><strong><em>dixit,</em></strong></span> <span class='ocrx_word' id='word_1_454' title='bbox 978 3589 1109 3625; x_wconf 87' lang='lat' dir='ltr'><strong><em>eorpus</em></strong></span> 
     </span>
     <span class='ocr_line' id='line_1_100' title="bbox 256 3640 1111 3679; baseline -0.002 -1"><span class='ocrx_word' id='word_1_455' title='bbox 256 3643 262 3646; x_wconf 88' lang='lat'>&#39;</span> <span class='ocrx_word' id='word_1_456' title='bbox 332 3662 333 3666; x_wconf 65' lang='lat'><em>=</em></span> <span class='ocrx_word' id='word_1_457' title='bbox 356 3663 361 3668; x_wconf 70' lang='grc'><strong>»</strong></span> <span class='ocrx_word' id='word_1_458' title='bbox 453 3644 492 3678; x_wconf 81' lang='lat' dir='ltr'><strong><em>et</em></strong></span> <span class='ocrx_word' id='word_1_459' title='bbox 511 3641 668 3678; x_wconf 80' lang='lat' dir='ltr'><strong><em>animam</em></strong></span> <span class='ocrx_word' id='word_1_460' title='bbox 689 3641 822 3679; x_wconf 84' lang='lat' dir='ltr'><strong><em>debere</em></strong></span> <span class='ocrx_word' id='word_1_461' title='bbox 833 3641 968 3678; x_wconf 82' lang='lat' dir='ltr'><strong><em>offerri.</em></strong></span> <span class='ocrx_word' id='word_1_462' title='bbox 991 3640 1031 3676; x_wconf 91' lang='lat' dir='ltr'><strong><em>ln</em></strong></span> <span class='ocrx_word' id='word_1_463' title='bbox 1050 3650 1111 3677; x_wconf 91' lang='lat' dir='ltr'><strong><em>no-</em></strong></span> 
     </span>
    </p>

    <p class='ocr_par' dir='ltr' id='par_1_7' title="bbox 392 3701 1111 3748">
     <span class='ocr_line' id='line_1_101' title="bbox 392 3701 1111 3748; baseline 0 -10"><span class='ocrx_word' id='word_1_464' title='bbox 392 3708 401 3729; x_wconf 53' lang='lat' dir='ltr'>s</span> <span class='ocrx_word' id='word_1_465' title='bbox 427 3715 431 3729; x_wconf 72' lang='grc' dir='ltr'>ι</span> <span class='ocrx_word' id='word_1_466' title='bbox 457 3715 573 3745; x_wconf 59' lang='grc' dir='ltr'>ἰ</span> <span class='ocrx_word' id='word_1_467' title='bbox 601 3705 643 3738; x_wconf 81' lang='lat' dir='ltr'><strong><em>ut</em></strong></span> <span class='ocrx_word' id='word_1_468' title='bbox 662 3706 843 3748; x_wconf 78' lang='lat' dir='ltr'><strong><em>poteqttae</em></strong></span> <span class='ocrx_word' id='word_1_469' title='bbox 860 3701 931 3739; x_wconf 79' lang='lat' dir='ltr'><strong><em>sibi</em></strong></span> <span class='ocrx_word' id='word_1_470' title='bbox 955 3701 1111 3738; x_wconf 80' lang='lat' dir='ltr'><strong><em>invicem</em></strong></span> 
     </span>
    </p>
   </div>
   <div class='ocr_carea' id='block_1_6' title="bbox 38 135 2213 258">
    <p class='ocr_par' dir='ltr' id='par_1_8' title="bbox 38 135 2213 258">
     <span class='ocr_line' id='line_1_102' title="bbox 650 135 1642 181; baseline -0.005 -3"><span class='ocrx_word' id='word_1_471' title='bbox 650 138 986 179; x_wconf 85' lang='lat' dir='ltr'><strong><em>EXPOSlTlONES</em></strong></span> <span class='ocrx_word' id='word_1_472' title='bbox 1013 137 1058 174; x_wconf 84' lang='lat' dir='ltr'><strong><em>IN</em></strong></span> <span class='ocrx_word' id='word_1_473' title='bbox 1083 135 1347 173; x_wconf 85' lang='lat' dir='ltr'><strong>LEVITICUM.</strong></span> <span class='ocrx_word' id='word_1_474' title='bbox 1374 155 1422 162; x_wconf 91' lang='lat'><strong><em>-—-</em></strong></span> <span class='ocrx_word' id='word_1_475' title='bbox 1446 137 1532 173; x_wconf 85' lang='lat' dir='ltr'><strong><em>LlB.</em></strong></span> <span class='ocrx_word' id='word_1_476' title='bbox 1558 138 1601 174; x_wconf 87' lang='lat' dir='ltr'><strong><em>ll.</em></strong></span> <span class='ocrx_word' id='word_1_477' title='bbox 1640 179 1642 181; x_wconf 73' lang='lat'>.</span> 
     </span>
     <span class='ocr_line' id='line_1_103' title="bbox 38 197 2213 258; baseline -0.002 -12"><span class='ocrx_word' id='word_1_478' title='bbox 38 208 199 258; x_wconf 86' lang='lat' dir='ltr'><strong><em>pocritas</em></strong></span> <span class='ocrx_word' id='word_1_479' title='bbox 230 206 426 251; x_wconf 82' lang='lat' dir='ltr'><strong><em>auditores,</em></strong></span> <span class='ocrx_word' id='word_1_480' title='bbox 459 205 644 252; x_wconf 83' lang='lat' dir='ltr'><strong><em>imponant</em></strong></span> <span class='ocrx_word' id='word_1_481' title='bbox 677 207 903 249; x_wconf 84' lang='lat' dir='ltr'><strong><em>campestre,</em></strong></span> <span class='ocrx_word' id='word_1_482' title='bbox 939 205 1088 236; x_wconf 84' lang='lat' dir='ltr'><strong><em>utantur</em></strong></span> <span class='ocrx_word' id='word_1_483' title='bbox 1105 207 1140 245; x_wconf 81' lang='grc' dir='ltr'><strong>Α</strong></span> <span class='ocrx_word' id='word_1_484' title='bbox 1157 202 1242 232; x_wconf 88' lang='lat' dir='ltr'><strong><em>sunt</em></strong></span> <span class='ocrx_word' id='word_1_485' title='bbox 1266 197 1472 240; x_wconf 82' lang='lat' dir='ltr'><strong><em>contrariae,</em></strong></span> <span class='ocrx_word' id='word_1_486' title='bbox 1506 198 1703 234; x_wconf 87' lang='lat' dir='ltr'><strong><em>secundum</em></strong></span> <span class='ocrx_word' id='word_1_487' title='bbox 1732 198 1827 243; x_wconf 82' lang='lat' dir='ltr'><strong><em>quod</em></strong></span> <span class='ocrx_word' id='word_1_488' title='bbox 1841 199 1972 237; x_wconf 89' lang='lat' dir='ltr'><strong><em>Paulus</em></strong></span> <span class='ocrx_word' id='word_1_489' title='bbox 1999 202 2062 247; x_wconf 88' lang='lat' dir='ltr'><strong><em>ait,</em></strong></span> <span class='ocrx_word' id='word_1_490' title='bbox 2094 205 2213 241; x_wconf 88' lang='lat' dir='ltr'><strong><em>nomi-</em></strong></span> 
     </span>
    </p>
   </div>
   <div class='ocr_carea' id='block_1_7' title="bbox 2138 140 2211 178">
    <p class='ocr_par' dir='ltr' id='par_1_9' title="bbox 2138 140 2211 178">
     <span class='ocr_line' id='line_1_104' title="bbox 2138 140 2211 178; baseline 0.027 -2"><span class='ocrx_word' id='word_1_491' title='bbox 2138 140 2211 178; x_wconf 80' lang='lat'><strong><em>350</em></strong></span> 
     </span>
    </p>
   </div>
   <div class='ocr_carea' id='block_1_8' title="bbox 1155 255 2217 1092">
    <p class='ocr_par' dir='ltr' id='par_1_10' title="bbox 1155 255 2217 1092">
     <span class='ocr_line' id='line_1_105' title="bbox 1155 255 2214 304; baseline 0.009 -13"><span class='ocrx_word' id='word_1_492' title='bbox 1155 261 1288 291; x_wconf 90' lang='lat' dir='ltr'><strong><em>nantur</em></strong></span> <span class='ocrx_word' id='word_1_493' title='bbox 1304 267 1313 300; x_wconf 93' lang='lat'>;</span> <span class='ocrx_word' id='word_1_494' title='bbox 1336 257 1374 291; x_wconf 94' lang='lat' dir='ltr'><strong><em>in</em></strong></span> <span class='ocrx_word' id='word_1_495' title='bbox 1386 255 1531 292; x_wconf 86' lang='lat' dir='ltr'><strong><em>Christo</em></strong></span> <span class='ocrx_word' id='word_1_496' title='bbox 1547 262 1666 292; x_wconf 84' lang='lat' dir='ltr'><strong><em>autem</em></strong></span> <span class='ocrx_word' id='word_1_497' title='bbox 1682 267 1754 293; x_wconf 91' lang='lat' dir='ltr'><strong><em>non</em></strong></span> <span class='ocrx_word' id='word_1_498' title='bbox 1769 260 1853 293; x_wconf 86' lang='lat' dir='ltr'><strong><em>sunt</em></strong></span> <span class='ocrx_word' id='word_1_499' title='bbox 1873 258 2079 304; x_wconf 84' lang='lat' dir='ltr'><strong><em>divisiones,</em></strong></span> <span class='ocrx_word' id='word_1_500' title='bbox 2097 264 2214 301; x_wconf 90' lang='lat' dir='ltr'><strong><em>homi-</em></strong></span> 
     </span>
     <span class='ocr_line' id='line_1_106' title="bbox 1155 317 2209 367; baseline 0.009 -16"><span class='ocrx_word' id='word_1_501' title='bbox 1155 326 1237 351; x_wconf 89' lang='lat' dir='ltr'><strong><em>nem</em></strong></span> <span class='ocrx_word' id='word_1_502' title='bbox 1248 317 1380 362; x_wconf 88' lang='lat' dir='ltr'><strong><em>quippc</em></strong></span> <span class='ocrx_word' id='word_1_503' title='bbox 1390 317 1563 352; x_wconf 89' lang='lat' dir='ltr'><strong><em>mundum</em></strong></span> <span class='ocrx_word' id='word_1_504' title='bbox 1579 327 1599 351; x_wconf 90' lang='lat' dir='ltr'><strong><em>a</em></strong></span> <span class='ocrx_word' id='word_1_505' title='bbox 1609 321 1758 362; x_wconf 90' lang='lat' dir='ltr'><strong><em>peceato</em></strong></span> <span class='ocrx_word' id='word_1_506' title='bbox 1768 327 1914 353; x_wconf 88' lang='lat' dir='ltr'><strong><em>sumens</em></strong></span> <span class='ocrx_word' id='word_1_507' title='bbox 1923 319 2132 358; x_wconf 85' lang='lat' dir='ltr'><strong><em>incarnatus</em></strong></span> <span class='ocrx_word' id='word_1_508' title='bbox 2141 330 2209 367; x_wconf 87' lang='lat' dir='ltr'><strong><em>est,</em></strong></span> 
     </span>
     <span class='ocr_line' id='line_1_107' title="bbox 1155 364 2212 424; baseline 0.007 -13"><span class='ocrx_word' id='word_1_509' title='bbox 1155 376 1299 421; x_wconf 86' lang='lat' dir='ltr'><strong><em>quinon</em></strong></span> <span class='ocrx_word' id='word_1_510' title='bbox 1314 364 1559 413; x_wconf 72' lang='lat' dir='ltr'><strong><em>estdivisttsin</em></strong></span> <span class='ocrx_word' id='word_1_511' title='bbox 1567 379 1737 424; x_wconf 90' lang='lat' dir='ltr'><strong><em>operibus</em></strong></span> <span class='ocrx_word' id='word_1_512' title='bbox 1754 378 1887 422; x_wconf 81' lang='lat' dir='ltr'><strong><em>camis,</em></strong></span> <span class='ocrx_word' id='word_1_513' title='bbox 1898 379 2029 424; x_wconf 89' lang='lat' dir='ltr'><strong><em>quibus</em></strong></span> <span class='ocrx_word' id='word_1_514' title='bbox 2040 380 2212 418; x_wconf 87' lang='lat' dir='ltr'><strong><em>adversa-</em></strong></span> 
     </span>
     <span class='ocr_line' id='line_1_108' title="bbox 1155 438 2213 485; baseline 0.005 -13"><span class='ocrx_word' id='word_1_515' title='bbox 1155 442 1215 473; x_wconf 86' lang='lat' dir='ltr'><strong><em>tur</em></strong></span> <span class='ocrx_word' id='word_1_516' title='bbox 1234 438 1398 483; x_wconf 81' lang='lat' dir='ltr'><strong><em>spiritus,</em></strong></span> <span class='ocrx_word' id='word_1_517' title='bbox 1425 441 1572 485; x_wconf 81' lang='lat' dir='ltr'><strong><em>propter</em></strong></span> <span class='ocrx_word' id='word_1_518' title='bbox 1599 439 1695 485; x_wconf 90' lang='lat' dir='ltr'><strong><em>quod</em></strong></span> <span class='ocrx_word' id='word_1_519' title='bbox 1720 449 1788 476; x_wconf 87' lang='lat' dir='ltr'><strong><em>nec</em></strong></span> <span class='ocrx_word' id='word_1_520' title='bbox 1804 440 2020 476; x_wconf 90' lang='lat' dir='ltr'><strong><em>divisionum</em></strong></span> <span class='ocrx_word' id='word_1_521' title='bbox 2035 441 2071 476; x_wconf 93' lang='lat' dir='ltr'><strong><em>in</em></strong></span> <span class='ocrx_word' id='word_1_522' title='bbox 2096 451 2213 478; x_wconf 87' lang='lat' dir='ltr'><strong><em>eosa-</em></strong></span> 
     </span>
     <span class='ocr_line' id='line_1_109' title="bbox 1157 494 2216 547; baseline 0.004 -13"><span class='ocrx_word' id='word_1_523' title='bbox 1157 497 1296 534; x_wconf 80' lang='lat' dir='ltr'><strong><em>criiicio</em></strong></span> <span class='ocrx_word' id='word_1_524' title='bbox 1316 498 1374 533; x_wconf 89' lang='lat' dir='ltr'><strong><em>lex</em></strong></span> <span class='ocrx_word' id='word_1_525' title='bbox 1394 494 1606 534; x_wconf 80' lang='lat' dir='ltr'><strong><em>memoriam</em></strong></span> <span class='ocrx_word' id='word_1_526' title='bbox 1625 499 1724 535; x_wconf 77' lang='lat' dir='ltr'><strong><em>fecit.</em></strong></span> <span class='ocrx_word' id='word_1_527' title='bbox 1752 499 1824 535; x_wconf 92' lang='lat' dir='ltr'><strong><em>Pro</em></strong></span> <span class='ocrx_word' id='word_1_528' title='bbox 1839 509 1882 536; x_wconf 87' lang='lat' dir='ltr'><strong><em>eo</em></strong></span> <span class='ocrx_word' id='word_1_529' title='bbox 1898 505 2019 537; x_wconf 86' lang='lat' dir='ltr'><strong><em>autem</em></strong></span> <span class='ocrx_word' id='word_1_530' title='bbox 2035 501 2131 547; x_wconf 86' lang='lat' dir='ltr'><strong><em>quod</em></strong></span> <span class='ocrx_word' id='word_1_531' title='bbox 2158 502 2216 538; x_wconf 87' lang='lat' dir='ltr'><strong><em>vi-</em></strong></span> 
     </span>
     <span class='ocr_line' id='line_1_110' title="bbox 1156 559 2217 606; baseline 0.007 -12"><span class='ocrx_word' id='word_1_532' title='bbox 1156 559 1272 606; x_wconf 82' lang='lat' dir='ltr'><strong><em>tulum</em></strong></span> <span class='ocrx_word' id='word_1_533' title='bbox 1287 559 1433 605; x_wconf 90' lang='lat' dir='ltr'><strong><em>quidem</em></strong></span> <span class='ocrx_word' id='word_1_534' title='bbox 1454 561 1491 595; x_wconf 90' lang='lat' dir='ltr'><strong><em>in</em></strong></span> <span class='ocrx_word' id='word_1_535' title='bbox 1512 566 1674 606; x_wconf 89' lang='lat' dir='ltr'><strong><em>peceato,</em></strong></span> <span class='ocrx_word' id='word_1_536' title='bbox 1694 562 1845 598; x_wconf 83' lang='lat' dir='ltr'><strong><em>arietem</em></strong></span> <span class='ocrx_word' id='word_1_537' title='bbox 1859 568 1979 599; x_wconf 87' lang='lat' dir='ltr'><strong><em>autem</em></strong></span> <span class='ocrx_word' id='word_1_538' title='bbox 1995 564 2033 599; x_wconf 93' lang='lat' dir='ltr'><strong><em>in</em></strong></span> <span class='ocrx_word' id='word_1_539' title='bbox 2051 564 2217 602; x_wconf 87' lang='lat' dir='ltr'><strong><em>holocau-</em></strong></span> 
     </span>
     <span class='ocr_line' id='line_1_111' title="bbox 1157 620 2216 670; baseline 0.005 -15"><span class='ocrx_word' id='word_1_540' title='bbox 1157 624 1253 655; x_wconf 87' lang='lat' dir='ltr'><strong><em>stum</em></strong></span> <span class='ocrx_word' id='word_1_541' title='bbox 1273 620 1441 655; x_wconf 88' lang='lat' dir='ltr'><strong><em>sacerdos</em></strong></span> <span class='ocrx_word' id='word_1_542' title='bbox 1455 620 1597 664; x_wconf 87' lang='lat' dir='ltr'><strong><em>offeret,</em></strong></span> <span class='ocrx_word' id='word_1_543' title='bbox 1625 621 1693 657; x_wconf 90' lang='lat' dir='ltr'><strong><em>hoc</em></strong></span> <span class='ocrx_word' id='word_1_544' title='bbox 1708 621 1870 658; x_wconf 87' lang='lat' dir='ltr'><strong><em>absolute</em></strong></span> <span class='ocrx_word' id='word_1_545' title='bbox 1890 623 1947 658; x_wconf 85' lang='lat' dir='ltr'><strong><em>lex</em></strong></span> <span class='ocrx_word' id='word_1_546' title='bbox 1963 623 2155 670; x_wconf 84' lang='lat' dir='ltr'><strong><em>significat,</em></strong></span> <span class='ocrx_word' id='word_1_547' title='bbox 2176 630 2216 660; x_wconf 91' lang='lat' dir='ltr'><strong><em>ut</em></strong></span> 
     </span>
     <span class='ocr_line' id='line_1_112' title="bbox 1158 679 2214 734; baseline 0.005 -20"><span class='ocrx_word' id='word_1_548' title='bbox 1158 679 1242 726; x_wconf 90' lang='lat' dir='ltr'><strong><em>quia</em></strong></span> <span class='ocrx_word' id='word_1_549' title='bbox 1262 680 1489 716; x_wconf 86' lang='lat' dir='ltr'><strong><em>conversatio</em></strong></span> <span class='ocrx_word' id='word_1_550' title='bbox 1520 681 1679 733; x_wconf 81' lang='lat' dir='ltr'><strong><em>perfecta</em></strong></span> <span class='ocrx_word' id='word_1_551' title='bbox 1702 692 1767 727; x_wconf 89' lang='lat' dir='ltr'><strong><em>per</em></strong></span> <span class='ocrx_word' id='word_1_552' title='bbox 1799 682 2120 734; x_wconf 59' lang='lat' dir='ltr'><strong><em>holocapstomatis</em></strong></span> <span class='ocrx_word' id='word_1_553' title='bbox 2149 683 2214 719; x_wconf 85' lang='lat' dir='ltr'><strong><em>ob-</em></strong></span> 
     </span>
     <span class='ocr_line' id='line_1_113' title="bbox 1156 738 2214 787; baseline 0.005 -13"><span class='ocrx_word' id='word_1_554' title='bbox 1156 738 1328 775; x_wconf 87' lang='lat' dir='ltr'><strong><em>lationem</em></strong></span> <span class='ocrx_word' id='word_1_555' title='bbox 1347 741 1590 787; x_wconf 87' lang='lat' dir='ltr'><strong><em>cognoscitur,</em></strong></span> <span class='ocrx_word' id='word_1_556' title='bbox 1608 741 1702 777; x_wconf 90' lang='lat' dir='ltr'><strong><em>aries</em></strong></span> <span class='ocrx_word' id='word_1_557' title='bbox 1718 739 1977 778; x_wconf 72' lang='lat' dir='ltr'><strong><em>necessarioin</em></strong></span> <span class='ocrx_word' id='word_1_558' title='bbox 1995 743 2214 779; x_wconf 79' lang='lat' dir='ltr'><strong><em>sacrificium</em></strong></span> 
     </span>
     <span class='ocr_line' id='line_1_114' title="bbox 1156 798 2214 848; baseline 0.006 -14"><span class='ocrx_word' id='word_1_559' title='bbox 1156 798 1340 835; x_wconf 82' lang='lat' dir='ltr'><strong><em>offeratur.</em></strong></span> <span class='ocrx_word' id='word_1_560' title='bbox 1371 800 1437 836; x_wconf 90' lang='lat' dir='ltr'><strong><em>Hic</em></strong></span> <span class='ocrx_word' id='word_1_561' title='bbox 1457 801 1588 847; x_wconf 88' lang='lat' dir='ltr'><strong><em>quippe</em></strong></span> <span class='ocrx_word' id='word_1_562' title='bbox 1606 801 1774 837; x_wconf 89' lang='lat' dir='ltr'><strong><em>ducatum</em></strong></span> <span class='ocrx_word' id='word_1_563' title='bbox 1799 802 1958 848; x_wconf 83' lang='lat' dir='ltr'><strong><em>praebere</em></strong></span> <span class='ocrx_word' id='word_1_564' title='bbox 1981 804 2108 840; x_wconf 87' lang='lat' dir='ltr'><strong><em>ovibus</em></strong></span> <span class='ocrx_word' id='word_1_565' title='bbox 2125 815 2214 840; x_wconf 90' lang='lat' dir='ltr'><strong><em>eun—</em></strong></span> 
     </span>
     <span class='ocr_line' id='line_1_115' title="bbox 1155 858 2216 910; baseline 0.008 -17"><span class='ocrx_word' id='word_1_566' title='bbox 1155 858 1252 894; x_wconf 85' lang='lat' dir='ltr'><strong><em>tibus</em></strong></span> <span class='ocrx_word' id='word_1_567' title='bbox 1276 860 1311 895; x_wconf 92' lang='lat' dir='ltr'><strong><em>in</em></strong></span> <span class='ocrx_word' id='word_1_568' title='bbox 1325 870 1472 906; x_wconf 87' lang='lat' dir='ltr'><strong><em>pascua,</em></strong></span> <span class='ocrx_word' id='word_1_569' title='bbox 1494 866 1530 896; x_wconf 89' lang='lat' dir='ltr'><strong><em>et</em></strong></span> <span class='ocrx_word' id='word_1_570' title='bbox 1547 872 1754 908; x_wconf 80' lang='lat' dir='ltr'><strong><em>aggressum</em></strong></span> <span class='ocrx_word' id='word_1_571' title='bbox 1773 863 2046 910; x_wconf 79' lang='lat' dir='ltr'><strong><em>ingressumque</em></strong></span> <span class='ocrx_word' id='word_1_572' title='bbox 2060 875 2080 900; x_wconf 88' lang='lat' dir='ltr'><strong><em>a</em></strong></span> <span class='ocrx_word' id='word_1_573' title='bbox 2101 866 2216 902; x_wconf 90' lang='lat' dir='ltr'><strong><em>caulis</em></strong></span> 
     </span>
     <span class='ocr_line' id='line_1_116' title="bbox 1156 917 2216 971; baseline 0.011 -20"><span class='ocrx_word' id='word_1_574' title='bbox 1156 921 1192 951; x_wconf 88' lang='lat' dir='ltr'><strong><em>et</em></strong></span> <span class='ocrx_word' id='word_1_575' title='bbox 1217 917 1253 952; x_wconf 93' lang='lat' dir='ltr'><strong><em>in</em></strong></span> <span class='ocrx_word' id='word_1_576' title='bbox 1287 919 1409 955; x_wconf 90' lang='lat' dir='ltr'><strong><em>caulas</em></strong></span> <span class='ocrx_word' id='word_1_577' title='bbox 1428 920 1545 956; x_wconf 85' lang='lat' dir='ltr'><strong><em>solet:</em></strong></span> <span class='ocrx_word' id='word_1_578' title='bbox 1578 922 1671 957; x_wconf 90' lang='lat' dir='ltr'><strong><em>sicut</em></strong></span> <span class='ocrx_word' id='word_1_579' title='bbox 1690 927 1726 957; x_wconf 90' lang='lat' dir='ltr'><strong><em>et</em></strong></span> <span class='ocrx_word' id='word_1_580' title='bbox 1759 922 1925 960; x_wconf 86' lang='lat' dir='ltr'><strong><em>Christus</em></strong></span> <span class='ocrx_word' id='word_1_581' title='bbox 1948 926 2018 960; x_wconf 81' lang='lat' dir='ltr'><strong><em>dux</em></strong></span> <span class='ocrx_word' id='word_1_582' title='bbox 2047 926 2216 971; x_wconf 74' lang='lat' dir='ltr'><strong><em>perfectae</em></strong></span> 
     </span>
     <span class='ocr_line' id='line_1_117' title="bbox 1157 979 2217 1031; baseline 0.01 -19"><span class='ocrx_word' id='word_1_583' title='bbox 1157 979 1445 1015; x_wconf 88' lang='lat' dir='ltr'><strong><em>conversationis</em></strong></span> <span class='ocrx_word' id='word_1_584' title='bbox 1473 986 1546 1023; x_wconf 89' lang='lat' dir='ltr'><strong><em>cst;</em></strong></span> <span class='ocrx_word' id='word_1_585' title='bbox 1582 991 1602 1015; x_wconf 91' lang='lat' dir='ltr'><strong><em>a</em></strong></span> <span class='ocrx_word' id='word_1_586' title='bbox 1635 992 1706 1027; x_wconf 91' lang='lat' dir='ltr'><strong><em>quo</em></strong></span> <span class='ocrx_word' id='word_1_587' title='bbox 1730 983 1896 1020; x_wconf 88' lang='lat' dir='ltr'><strong><em>videlicet</em></strong></span> <span class='ocrx_word' id='word_1_588' title='bbox 1933 987 2085 1031; x_wconf 87' lang='lat' dir='ltr'><strong><em>sumpsit</em></strong></span> <span class='ocrx_word' id='word_1_589' title='bbox 2110 997 2217 1023; x_wconf 84' lang='lat' dir='ltr'><strong><em>exor-</em></strong></span> 
     </span>
     <span class='ocr_line' id='line_1_118' title="bbox 1156 1036 2214 1092; baseline 0.01 -20"><span class='ocrx_word' id='word_1_590' title='bbox 1156 1036 1270 1080; x_wconf 87' lang='lat' dir='ltr'><strong><em>dium,</em></strong></span> <span class='ocrx_word' id='word_1_591' title='bbox 1291 1043 1399 1083; x_wconf 85' lang='lat' dir='ltr'><strong><em>atque</em></strong></span> <span class='ocrx_word' id='word_1_592' title='bbox 1415 1038 1496 1075; x_wconf 91' lang='lat' dir='ltr'><strong><em>ideo</em></strong></span> <span class='ocrx_word' id='word_1_593' title='bbox 1518 1039 1655 1076; x_wconf 89' lang='lat' dir='ltr'><strong><em>intrare</em></strong></span> <span class='ocrx_word' id='word_1_594' title='bbox 1674 1051 1739 1086; x_wconf 92' lang='lat' dir='ltr'><strong><em>per</em></strong></span> <span class='ocrx_word' id='word_1_595' title='bbox 1756 1052 1795 1077; x_wconf 91' lang='lat' dir='ltr'><strong><em>se</em></strong></span> <span class='ocrx_word' id='word_1_596' title='bbox 1816 1048 1852 1078; x_wconf 91' lang='lat' dir='ltr'><strong><em>et</em></strong></span> <span class='ocrx_word' id='word_1_597' title='bbox 1868 1045 1967 1080; x_wconf 87' lang='lat' dir='ltr'><strong><em>exire</em></strong></span> <span class='ocrx_word' id='word_1_598' title='bbox 1981 1046 2108 1082; x_wconf 86' lang='lat' dir='ltr'><strong><em>ovibus</em></strong></span> <span class='ocrx_word' id='word_1_599' title='bbox 2122 1057 2214 1092; x_wconf 80' lang='lat' dir='ltr'><strong><em>prae-</em></strong></span> 
     </span>
    </p>
   </div>
   <div class='ocr_carea' id='block_1_9' title="bbox 34 1095 1323 1155">
    <p class='ocr_par' dir='ltr' id='par_1_11' title="bbox 34 1095 1323 1155">
     <span class='ocr_line' id='line_1_119' title="bbox 34 1095 1323 1155; baseline -0.008 -10"><span class='ocrx_word' id='word_1_600' title='bbox 34 1110 219 1146; x_wconf 86' lang='lat' dir='ltr'><strong><em>Dominus.</em></strong></span> <span class='ocrx_word' id='word_1_601' title='bbox 251 1108 324 1155; x_wconf 78' lang='lat' dir='ltr'><strong><em>(Ex</em></strong></span> <span class='ocrx_word' id='word_1_602' title='bbox 343 1106 547 1154; x_wconf 79' lang='lat' dir='ltr'><strong><em>Hesyclzio.)</em></strong></span> <span class='ocrx_word' id='word_1_603' title='bbox 567 1107 654 1150; x_wconf 63' lang='lat' dir='ltr'><strong><em>Quae</em></strong></span> <span class='ocrx_word' id='word_1_604' title='bbox 681 1105 863 1151; x_wconf 78' lang='lat' dir='ltr'><strong><em>praedictae</em></strong></span> <span class='ocrx_word' id='word_1_605' title='bbox 888 1103 1084 1140; x_wconf 82' lang='lat' dir='ltr'><strong><em>sanctionis</em></strong></span> <span class='ocrx_word' id='word_1_606' title='bbox 1103 1095 1134 1133; x_wconf 92' lang='grc' dir='ltr'><strong>Β</strong></span> <span class='ocrx_word' id='word_1_607' title='bbox 1154 1097 1323 1143; x_wconf 77' lang='lat' dir='ltr'><strong><em>cipiehat.</em></strong></span> 
     </span>
    </p>
   </div>
   <div class='ocr_carea' id='block_1_10' title="bbox 1153 1157 2220 1999">
    <p class='ocr_par' dir='ltr' id='par_1_12' title="bbox 1153 1157 2220 1999">
     <span class='ocr_line' id='line_1_120' title="bbox 1203 1157 2216 1205; baseline 0.011 -13"><span class='ocrx_word' id='word_1_608' title='bbox 1203 1157 1321 1205; x_wconf 77' lang='lat' dir='ltr'><strong><em>(Into.)</em></strong></span> <span class='ocrx_word' id='word_1_609' title='bbox 1342 1158 1476 1194; x_wconf 84' lang='lat' dir='ltr'><strong><em>Obtulit</em></strong></span> <span class='ocrx_word' id='word_1_610' title='bbox 1489 1166 1522 1195; x_wconf 88' lang='lat' dir='ltr'><strong><em>et</em></strong></span> <span class='ocrx_word' id='word_1_611' title='bbox 1537 1160 1678 1196; x_wconf 86' lang='lat' dir='ltr'><strong><em>arietem</em></strong></span> <span class='ocrx_word' id='word_1_612' title='bbox 1697 1163 1887 1198; x_wconf 85' lang='lat' dir='ltr'><strong><em>secundum</em></strong></span> <span class='ocrx_word' id='word_1_613' title='bbox 1905 1165 1942 1199; x_wconf 86' lang='lat' dir='ltr'><strong><em>in</em></strong></span> <span class='ocrx_word' id='word_1_614' title='bbox 1956 1167 2216 1204; x_wconf 85' lang='lat' dir='ltr'><strong><em>consecratione</em></strong></span> 
     </span>
     <span class='ocr_line' id='line_1_121' title="bbox 1153 1219 2215 1272; baseline 0.01 -19"><span class='ocrx_word' id='word_1_615' title='bbox 1153 1219 1387 1264; x_wconf 84' lang='lat' dir='ltr'><strong><em>sacerdotum,</em></strong></span> <span class='ocrx_word' id='word_1_616' title='bbox 1410 1228 1666 1268; x_wconf 87' lang='lat' dir='ltr'><strong><em>posueruntque</em></strong></span> <span class='ocrx_word' id='word_1_617' title='bbox 1685 1234 1789 1270; x_wconf 85' lang='lat' dir='ltr'><strong><em>super</em></strong></span> <span class='ocrx_word' id='word_1_618' title='bbox 1815 1233 1917 1271; x_wconf 81' lang='lat' dir='ltr'><strong><em>caput</em></strong></span> <span class='ocrx_word' id='word_1_619' title='bbox 1937 1227 2013 1272; x_wconf 82' lang='lat' dir='ltr'><strong><em>ejus</em></strong></span> <span class='ocrx_word' id='word_1_620' title='bbox 2034 1227 2153 1263; x_wconf 90' lang='lat' dir='ltr'><strong><em>Aaron</em></strong></span> <span class='ocrx_word' id='word_1_621' title='bbox 2185 1236 2215 1264; x_wconf 92' lang='lat' dir='ltr'><strong><em>et</em></strong></span> 
     </span>
     <span class='ocr_line' id='line_1_122' title="bbox 1154 1278 2212 1335; baseline 0.011 -22"><span class='ocrx_word' id='word_1_622' title='bbox 1154 1278 1218 1323; x_wconf 81' lang='lat' dir='ltr'><strong><em>filii</em></strong></span> <span class='ocrx_word' id='word_1_623' title='bbox 1237 1279 1312 1325; x_wconf 88' lang='lat' dir='ltr'><strong><em>ejus</em></strong></span> <span class='ocrx_word' id='word_1_624' title='bbox 1327 1292 1452 1316; x_wconf 86' lang='lat' dir='ltr'><strong><em>manus</em></strong></span> <span class='ocrx_word' id='word_1_625' title='bbox 1468 1294 1564 1318; x_wconf 85' lang='lat' dir='ltr'><strong><em>suas.</em></strong></span> <span class='ocrx_word' id='word_1_626' title='bbox 1602 1282 1712 1325; x_wconf 85' lang='lat' dir='ltr'><strong><em>Quem</em></strong></span> <span class='ocrx_word' id='word_1_627' title='bbox 1729 1295 1807 1319; x_wconf 86' lang='lat' dir='ltr'><strong><em>cum</em></strong></span> <span class='ocrx_word' id='word_1_628' title='bbox 1831 1286 2043 1322; x_wconf 85' lang='lat' dir='ltr'><strong><em>immolasset</em></strong></span> <span class='ocrx_word' id='word_1_629' title='bbox 2062 1288 2212 1335; x_wconf 77' lang='lat' dir='ltr'><strong><em>Moyses,</em></strong></span> 
     </span>
     <span class='ocr_line' id='line_1_123' title="bbox 1155 1342 2216 1389; baseline 0.011 -15"><span class='ocrx_word' id='word_1_630' title='bbox 1155 1351 1294 1376; x_wconf 87' lang='lat' dir='ltr'><strong><em>sumens</em></strong></span> <span class='ocrx_word' id='word_1_631' title='bbox 1310 1342 1352 1376; x_wconf 86' lang='lat' dir='ltr'><strong><em>de</em></strong></span> <span class='ocrx_word' id='word_1_632' title='bbox 1372 1344 1556 1389; x_wconf 77' lang='lat' dir='ltr'><strong><em>sanquine,</em></strong></span> <span class='ocrx_word' id='word_1_633' title='bbox 1585 1346 1696 1389; x_wconf 79' lang='lat' dir='ltr'><strong><em>tetiqit</em></strong></span> <span class='ocrx_word' id='word_1_634' title='bbox 1717 1353 1906 1382; x_wconf 78' lang='lat' dir='ltr'><strong><em>extremum</em></strong></span> <span class='ocrx_word' id='word_1_635' title='bbox 1936 1349 2104 1386; x_wconf 82' lang='lat' dir='ltr'><strong><em>auriculoe</em></strong></span> <span class='ocrx_word' id='word_1_636' title='bbox 2130 1351 2216 1386; x_wconf 76' lang='lat' dir='ltr'><strong><em>dex-</em></strong></span> 
     </span>
     <span class='ocr_line' id='line_1_124' title="bbox 1155 1400 2214 1451; baseline 0.011 -18"><span class='ocrx_word' id='word_1_637' title='bbox 1155 1405 1218 1433; x_wconf 85' lang='lat' dir='ltr'><strong><em>troe</em></strong></span> <span class='ocrx_word' id='word_1_638' title='bbox 1238 1400 1357 1435; x_wconf 85' lang='lat' dir='ltr'><strong><em>Aaron</em></strong></span> <span class='ocrx_word' id='word_1_639' title='bbox 1373 1408 1403 1436; x_wconf 90' lang='lat' dir='ltr'><strong><em>et</em></strong></span> <span class='ocrx_word' id='word_1_640' title='bbox 1418 1402 1575 1448; x_wconf 87' lang='lat' dir='ltr'><strong><em>pollicem</em></strong></span> <span class='ocrx_word' id='word_1_641' title='bbox 1593 1416 1719 1439; x_wconf 86' lang='lat' dir='ltr'><strong><em>manus</em></strong></span> <span class='ocrx_word' id='word_1_642' title='bbox 1738 1406 1814 1451; x_wconf 88' lang='lat' dir='ltr'><strong><em>ejus</em></strong></span> <span class='ocrx_word' id='word_1_643' title='bbox 1832 1406 1977 1451; x_wconf 76' lang='lat' dir='ltr'><strong><em>(lextroe,</em></strong></span> <span class='ocrx_word' id='word_1_644' title='bbox 2004 1409 2164 1445; x_wconf 75' lang='lat' dir='ltr'><strong><em>simililer</em></strong></span> <span class='ocrx_word' id='word_1_645' title='bbox 2182 1417 2214 1446; x_wconf 88' lang='lat' dir='ltr'><strong><em>et</em></strong></span> 
     </span>
     <span class='ocr_line' id='line_1_125' title="bbox 1155 1460 2216 1515; baseline 0.011 -21"><span class='ocrx_word' id='word_1_646' title='bbox 1155 1460 1252 1505; x_wconf 81' lang='lat' dir='ltr'><strong><em>pedis</em></strong></span> <span class='ocrx_word' id='word_1_647' title='bbox 1276 1461 1403 1498; x_wconf 70' lang='lat' dir='ltr'><strong><em>dextri.</em></strong></span> <span class='ocrx_word' id='word_1_648' title='bbox 1439 1462 1573 1499; x_wconf 81' lang='lat' dir='ltr'><strong><em>Obtulit</em></strong></span> <span class='ocrx_word' id='word_1_649' title='bbox 1587 1471 1620 1499; x_wconf 92' lang='lat' dir='ltr'><strong><em>et</em></strong></span> <span class='ocrx_word' id='word_1_650' title='bbox 1638 1466 1731 1510; x_wconf 86' lang='lat' dir='ltr'><strong><em>filios</em></strong></span> <span class='ocrx_word' id='word_1_651' title='bbox 1747 1467 1865 1503; x_wconf 86' lang='lat' dir='ltr'><strong><em>Aaron</em></strong></span> <span class='ocrx_word' id='word_1_652' title='bbox 1882 1479 1894 1503; x_wconf 90' lang='lat'><em>:</em></span> <span class='ocrx_word' id='word_1_653' title='bbox 1915 1479 2061 1515; x_wconf 85' lang='lat' dir='ltr'><strong><em>cumque</em></strong></span> <span class='ocrx_word' id='word_1_654' title='bbox 2081 1471 2123 1506; x_wconf 83' lang='lat' dir='ltr'><strong><em>de</em></strong></span> <span class='ocrx_word' id='word_1_655' title='bbox 2137 1483 2216 1506; x_wconf 86' lang='lat' dir='ltr'><strong><em>san-</em></strong></span> 
     </span>
     <span class='ocr_line' id='line_1_126' title="bbox 1154 1523 2215 1574; baseline 0.012 -18"><span class='ocrx_word' id='word_1_656' title='bbox 1154 1523 1258 1567; x_wconf 71' lang='lat' dir='ltr'><strong><em>quine</em></strong></span> <span class='ocrx_word' id='word_1_657' title='bbox 1285 1524 1402 1559; x_wconf 86' lang='lat' dir='ltr'><strong><em>arietis</em></strong></span> <span class='ocrx_word' id='word_1_658' title='bbox 1425 1526 1596 1561; x_wconf 82' lang='lat' dir='ltr'><strong><em>immolati</em></strong></span> <span class='ocrx_word' id='word_1_659' title='bbox 1630 1528 1793 1574; x_wconf 70' lang='lat' dir='ltr'><strong><em>tetiqisset</em></strong></span> <span class='ocrx_word' id='word_1_660' title='bbox 1823 1536 2014 1566; x_wconf 77' lang='lat' dir='ltr'><strong><em>extremum</em></strong></span> <span class='ocrx_word' id='word_1_661' title='bbox 2045 1533 2215 1571; x_wconf 83' lang='lat' dir='ltr'><strong><em>auriculoe</em></strong></span> 
     </span>
     <span class='ocr_line' id='line_1_127' title="bbox 1155 1585 2218 1639; baseline 0.012 -21"><span class='ocrx_word' id='word_1_662' title='bbox 1155 1585 1387 1630; x_wconf 74' lang='lat' dir='ltr'><strong><em>sinqulorum‚</em></strong></span> <span class='ocrx_word' id='word_1_663' title='bbox 1410 1587 1554 1631; x_wconf 66' lang='lat' dir='ltr'><strong><em>dextrae,</em></strong></span> <span class='ocrx_word' id='word_1_664' title='bbox 1583 1594 1615 1623; x_wconf 90' lang='lat' dir='ltr'><strong><em>et</em></strong></span> <span class='ocrx_word' id='word_1_665' title='bbox 1639 1590 1779 1635; x_wconf 83' lang='lat' dir='ltr'><strong><em>pollices</em></strong></span> <span class='ocrx_word' id='word_1_666' title='bbox 1798 1602 1924 1627; x_wconf 88' lang='lat' dir='ltr'><strong><em>manus</em></strong></span> <span class='ocrx_word' id='word_1_667' title='bbox 1947 1604 1987 1627; x_wconf 92' lang='lat' dir='ltr'><strong><em>ac</em></strong></span> <span class='ocrx_word' id='word_1_668' title='bbox 2013 1595 2109 1639; x_wconf 84' lang='lat' dir='ltr'><strong><em>pedis</em></strong></span> <span class='ocrx_word' id='word_1_669' title='bbox 2132 1595 2218 1631; x_wconf 73' lang='lat' dir='ltr'><strong><em>dex-</em></strong></span> 
     </span>
     <span class='ocr_line' id='line_1_128' title="bbox 1156 1643 2215 1696; baseline 0.011 -19"><span class='ocrx_word' id='word_1_670' title='bbox 1156 1644 1214 1685; x_wconf 84' lang='lat' dir='ltr'><strong><em>tri,</em></strong></span> <span class='ocrx_word' id='word_1_671' title='bbox 1239 1643 1410 1691; x_wconf 87' lang='lat' dir='ltr'><strong><em>reliquum</em></strong></span> <span class='ocrx_word' id='word_1_672' title='bbox 1435 1646 1528 1691; x_wconf 75' lang='lat' dir='ltr'><strong><em>fudit</em></strong></span> <span class='ocrx_word' id='word_1_673' title='bbox 1555 1658 1659 1694; x_wconf 83' lang='lat' dir='ltr'><strong><em>super</em></strong></span> <span class='ocrx_word' id='word_1_674' title='bbox 1681 1649 1792 1684; x_wconf 87' lang='lat' dir='ltr'><strong><em>altare</em></strong></span> <span class='ocrx_word' id='word_1_675' title='bbox 1809 1661 1870 1696; x_wconf 89' lang='lat' dir='ltr'><strong><em>per</em></strong></span> <span class='ocrx_word' id='word_1_676' title='bbox 1893 1652 2077 1687; x_wconf 86' lang='lat' dir='ltr'><strong><em>circuitum</em></strong></span> <span class='ocrx_word' id='word_1_677' title='bbox 2098 1662 2110 1686; x_wconf 94' lang='grc'><strong><em>.·</em></strong></span> <span class='ocrx_word' id='word_1_678' title='bbox 2135 1655 2215 1689; x_wconf 80' lang='lat' dir='ltr'><strong><em>adi-</em></strong></span> 
     </span>
     <span class='ocr_line' id='line_1_129' title="bbox 1155 1708 2218 1762; baseline 0.011 -23"><span class='ocrx_word' id='word_1_679' title='bbox 1155 1716 1230 1750; x_wconf 84' lang='lat' dir='ltr'><strong><em>pem</em></strong></span> <span class='ocrx_word' id='word_1_680' title='bbox 1251 1717 1330 1741; x_wconf 84' lang='lat' dir='ltr'><strong><em>vero</em></strong></span> <span class='ocrx_word' id='word_1_681' title='bbox 1347 1713 1378 1741; x_wconf 88' lang='lat' dir='ltr'><strong><em>et</em></strong></span> <span class='ocrx_word' id='word_1_682' title='bbox 1393 1708 1542 1743; x_wconf 86' lang='lat' dir='ltr'><strong><em>caudam</em></strong></span> <span class='ocrx_word' id='word_1_683' title='bbox 1565 1720 1764 1756; x_wconf 87' lang='lat' dir='ltr'><strong><em>omnemque</em></strong></span> <span class='ocrx_word' id='word_1_684' title='bbox 1780 1711 2023 1758; x_wconf 77' lang='lat' dir='ltr'><strong><em>pinquedinem</em></strong></span> <span class='ocrx_word' id='word_1_685' title='bbox 2044 1725 2120 1761; x_wconf 79' lang='lat' dir='ltr'><strong><em>quse</em></strong></span> <span class='ocrx_word' id='word_1_686' title='bbox 2138 1727 2218 1762; x_wconf 82' lang='lat' dir='ltr'><strong><em>ope-</em></strong></span> 
     </span>
     <span class='ocr_line' id='line_1_130' title="bbox 1156 1766 2217 1816; baseline 0.012 -18"><span class='ocrx_word' id='word_1_687' title='bbox 1156 1766 1201 1799; x_wconf 86' lang='lat' dir='ltr'><strong><em>rit</em></strong></span> <span class='ocrx_word' id='word_1_688' title='bbox 1216 1766 1379 1801; x_wconf 84' lang='lat' dir='ltr'><strong><em>intestina</em></strong></span> <span class='ocrx_word' id='word_1_689' title='bbox 1401 1768 1652 1815; x_wconf 82' lang='lat' dir='ltr'><strong><em>reticulumque</em></strong></span> <span class='ocrx_word' id='word_1_690' title='bbox 1670 1771 1814 1816; x_wconf 88' lang='lat' dir='ltr'><strong><em>jecoris,</em></strong></span> <span class='ocrx_word' id='word_1_691' title='bbox 1850 1778 1882 1806; x_wconf 87' lang='lat' dir='ltr'><strong><em>et</em></strong></span> <span class='ocrx_word' id='word_1_692' title='bbox 1901 1773 1988 1808; x_wconf 86' lang='lat' dir='ltr'><strong><em>duos</em></strong></span> <span class='ocrx_word' id='word_1_693' title='bbox 2016 1786 2112 1810; x_wconf 88' lang='lat' dir='ltr'><strong><em>renes</em></strong></span> <span class='ocrx_word' id='word_1_694' title='bbox 2138 1788 2217 1811; x_wconf 86' lang='lat' dir='ltr'><strong><em>cum</em></strong></span> 
     </span>
     <span class='ocr_line' id='line_1_131' title="bbox 1157 1825 2219 1877; baseline 0.01 -18"><span class='ocrx_word' id='word_1_695' title='bbox 1157 1825 1317 1870; x_wconf 81' lang='lat' dir='ltr'><strong><em>adipibus</em></strong></span> <span class='ocrx_word' id='word_1_696' title='bbox 1337 1827 1423 1870; x_wconf 83' lang='lat' dir='ltr'><strong><em>suis,</em></strong></span> <span class='ocrx_word' id='word_1_697' title='bbox 1437 1833 1469 1862; x_wconf 89' lang='lat' dir='ltr'><strong><em>et</em></strong></span> <span class='ocrx_word' id='word_1_698' title='bbox 1485 1840 1582 1863; x_wconf 86' lang='lat' dir='ltr'><strong><em>armo</em></strong></span> <span class='ocrx_word' id='word_1_699' title='bbox 1601 1830 1722 1865; x_wconf 66' lang='lat' dir='ltr'><strong><em>dextro</em></strong></span> <span class='ocrx_word' id='word_1_700' title='bbox 1743 1833 1929 1877; x_wconf 78' lang='lat' dir='ltr'><strong><em>separavit.</em></strong></span> <span class='ocrx_word' id='word_1_701' title='bbox 1952 1833 2089 1869; x_wconf 84' lang='lat' dir='ltr'><strong><em>Tollens</em></strong></span> <span class='ocrx_word' id='word_1_702' title='bbox 2102 1842 2219 1871; x_wconf 84' lang='lat' dir='ltr'><strong><em>autem</em></strong></span> 
     </span>
     <span class='ocr_line' id='line_1_132' title="bbox 1157 1884 2220 1941; baseline 0.011 -23"><span class='ocrx_word' id='word_1_703' title='bbox 1157 1884 1199 1919; x_wconf 84' lang='lat' dir='ltr'><strong><em>de</em></strong></span> <span class='ocrx_word' id='word_1_704' title='bbox 1218 1886 1371 1920; x_wconf 86' lang='lat' dir='ltr'><strong><em>canistro</em></strong></span> <span class='ocrx_word' id='word_1_705' title='bbox 1391 1898 1595 1932; x_wconf 77' lang='lat' dir='ltr'><strong><em>azymorum</em></strong></span> <span class='ocrx_word' id='word_1_706' title='bbox 1617 1891 1709 1935; x_wconf 89' lang='lat' dir='ltr'><strong><em>quod</em></strong></span> <span class='ocrx_word' id='word_1_707' title='bbox 1731 1897 1806 1925; x_wconf 81' lang='lat' dir='ltr'><strong><em>erat</em></strong></span> <span class='ocrx_word' id='word_1_708' title='bbox 1833 1903 1951 1927; x_wconf 88' lang='lat' dir='ltr'><strong><em>coram</em></strong></span> <span class='ocrx_word' id='word_1_709' title='bbox 1981 1893 2127 1929; x_wconf 87' lang='lat' dir='ltr'><strong><em>Domino</em></strong></span> <span class='ocrx_word' id='word_1_710' title='bbox 2157 1907 2220 1941; x_wconf 85' lang='lat' dir='ltr'><strong><em>pa-</em></strong></span> 
     </span>
     <span class='ocr_line' id='line_1_133' title="bbox 1159 1945 2218 1999; baseline 0.012 -21"><span class='ocrx_word' id='word_1_711' title='bbox 1159 1955 1235 1979; x_wconf 85' lang='lat' dir='ltr'><strong><em>nem</em></strong></span> <span class='ocrx_word' id='word_1_712' title='bbox 1256 1945 1383 1991; x_wconf 88' lang='lat' dir='ltr'><strong><em>absque</em></strong></span> <span class='ocrx_word' id='word_1_713' title='bbox 1403 1946 1573 1991; x_wconf 79' lang='lat' dir='ltr'><strong><em>fermento</em></strong></span> <span class='ocrx_word' id='word_1_714' title='bbox 1600 1955 1631 1983; x_wconf 86' lang='lat' dir='ltr'><strong><em>et</em></strong></span> <span class='ocrx_word' id='word_1_715' title='bbox 1653 1949 1860 1996; x_wconf 77' lang='lat' dir='ltr'><strong><em>collyridam</em></strong></span> <span class='ocrx_word' id='word_1_716' title='bbox 1884 1964 2104 1999; x_wconf 84' lang='lat' dir='ltr'><strong><em>conspersam</em></strong></span> <span class='ocrx_word' id='word_1_717' title='bbox 2129 1955 2218 1999; x_wconf 90' lang='lat' dir='ltr'><strong><em>oleo,</em></strong></span> 
     </span>
    </p>
   </div>
   <div class='ocr_carea' id='block_1_11' title="bbox 86 1999 2218 2063">
    <p class='ocr_par' dir='ltr' id='par_1_13' title="bbox 86 1999 2218 2063">
     <span class='ocr_line' id='line_1_134' title="bbox 86 1999 2218 2063; baseline 0.002 -9"><span class='ocrx_word' id='word_1_718' title='bbox 86 2017 219 2054; x_wconf 85' lang='lat' dir='ltr'><strong><em>Obtulit</em></strong></span> <span class='ocrx_word' id='word_1_719' title='bbox 236 2022 268 2053; x_wconf 88' lang='lat' dir='ltr'><strong><em>et</em></strong></span> <span class='ocrx_word' id='word_1_720' title='bbox 285 2017 426 2053; x_wconf 88' lang='lat' dir='ltr'><strong><em>arietem</em></strong></span> <span class='ocrx_word' id='word_1_721' title='bbox 446 2018 483 2052; x_wconf 86' lang='lat' dir='ltr'><strong><em>in</em></strong></span> <span class='ocrx_word' id='word_1_722' title='bbox 502 2016 754 2061; x_wconf 82' lang='lat' dir='ltr'><strong><em>holocaustum,</em></strong></span> <span class='ocrx_word' id='word_1_723' title='bbox 771 2027 874 2062; x_wconf 84' lang='lat' dir='ltr'><strong><em>super</em></strong></span> <span class='ocrx_word' id='word_1_724' title='bbox 900 2016 999 2063; x_wconf 82' lang='lat' dir='ltr'><strong><em>cujus</em></strong></span> <span class='ocrx_word' id='word_1_725' title='bbox 1028 2027 1089 2051; x_wconf 89' lang='lat' dir='ltr'><strong><em>ca-</em></strong></span> <span class='ocrx_word' id='word_1_726' title='bbox 1108 1999 1137 2039; x_wconf 80' lang='lat' dir='ltr'>C</span> <span class='ocrx_word' id='word_1_727' title='bbox 1159 2003 1391 2050; x_wconf 67' lang='lat' dir='ltr'><strong><em>¹⁶9‘ffl1m2‘l1‘0</em></strong></span> <span class='ocrx_word' id='word_1_728' title='bbox 1415 2007 1529 2051; x_wconf 60' lang='lat' dir='ltr'><strong><em>l’082‘2&#39;l</em></strong></span> <span class='ocrx_word' id='word_1_729' title='bbox 1550 2018 1653 2053; x_wconf 64' lang='lat' dir='ltr'><strong><em>super</em></strong></span> <span class='ocrx_word' id='word_1_730' title='bbox 1668 2009 1802 2054; x_wconf 62' lang='lat' dir='ltr'><strong><em>adipes,</em></strong></span> <span class='ocrx_word' id='word_1_731' title='bbox 1834 2018 1865 2046; x_wconf 76' lang='grc' dir='ltr'><strong><em>θῑ</em></strong></span> <span class='ocrx_word' id='word_1_732' title='bbox 1884 2023 2021 2047; x_wconf 66' lang='lat' dir='ltr'><strong><em>“rmum</em></strong></span> <span class='ocrx_word' id='word_1_733' title='bbox 2043 2015 2218 2059; x_wconf 56' lang='lat' dir='ltr'><strong><em>dextrum,</em></strong></span> 
     </span>
    </p>
   </div>
   <div class='ocr_carea' id='block_1_12' title="bbox 1159 2066 2226 3741">
    <p class='ocr_par' dir='ltr' id='par_1_14' title="bbox 1159 2066 2226 3560">
     <span class='ocr_line' id='line_1_135' title="bbox 1160 2066 2220 2122; baseline 0.013 -24"><span class='ocrx_word' id='word_1_734' title='bbox 1160 2066 1299 2100; x_wconf 87' lang='lat' dir='ltr'><strong><em>tradens</em></strong></span> <span class='ocrx_word' id='word_1_735' title='bbox 1321 2067 1424 2101; x_wconf 86' lang='lat' dir='ltr'><strong><em>simul</em></strong></span> <span class='ocrx_word' id='word_1_736' title='bbox 1451 2069 1568 2103; x_wconf 86' lang='lat' dir='ltr'><strong><em>omnia</em></strong></span> <span class='ocrx_word' id='word_1_737' title='bbox 1594 2069 1712 2105; x_wconf 87' lang='lat' dir='ltr'><strong><em>Aaron</em></strong></span> <span class='ocrx_word' id='word_1_738' title='bbox 1746 2082 1786 2105; x_wconf 89' lang='lat' dir='ltr'><strong><em>ac</em></strong></span> <span class='ocrx_word' id='word_1_739' title='bbox 1804 2072 1888 2116; x_wconf 86' lang='lat' dir='ltr'><strong><em>filiis</em></strong></span> <span class='ocrx_word' id='word_1_740' title='bbox 1916 2074 2005 2118; x_wconf 81' lang='lat' dir='ltr'><strong><em>ejus.</em></strong></span> <span class='ocrx_word' id='word_1_741' title='bbox 2033 2074 2103 2117; x_wconf 85' lang='lat' dir='ltr'><strong><em>Qui</em></strong></span> <span class='ocrx_word' id='word_1_742' title='bbox 2127 2084 2220 2122; x_wconf 83' lang='lat' dir='ltr'><strong><em>post-</em></strong></span> 
     </span>
     <span class='ocr_line' id='line_1_136' title="bbox 1159 2126 2221 2184; baseline 0.014 -25"><span class='ocrx_word' id='word_1_743' title='bbox 1159 2137 1262 2172; x_wconf 89' lang='lat' dir='ltr'><strong><em>quam</em></strong></span> <span class='ocrx_word' id='word_1_744' title='bbox 1282 2126 1442 2163; x_wconf 80' lang='lat' dir='ltr'><strong><em>laverunt</em></strong></span> <span class='ocrx_word' id='word_1_745' title='bbox 1466 2140 1507 2164; x_wconf 90' lang='lat' dir='ltr'><strong><em>ea</em></strong></span> <span class='ocrx_word' id='word_1_746' title='bbox 1537 2140 1654 2165; x_wconf 86' lang='lat' dir='ltr'><strong><em>coram</em></strong></span> <span class='ocrx_word' id='word_1_747' title='bbox 1683 2131 1848 2176; x_wconf 88' lang='lat' dir='ltr'><strong><em>Domino,</em></strong></span> <span class='ocrx_word' id='word_1_748' title='bbox 1887 2145 2029 2170; x_wconf 84' lang='lat' dir='ltr'><strong><em>rursum</em></strong></span> <span class='ocrx_word' id='word_1_749' title='bbox 2062 2145 2221 2184; x_wconf 80' lang='lat' dir='ltr'><strong><em>suscepta</em></strong></span> 
     </span>
     <span class='ocr_line' id='line_1_137' title="bbox 1160 2187 2221 2240; baseline 0.014 -20"><span class='ocrx_word' id='word_1_750' title='bbox 1160 2187 1202 2222; x_wconf 84' lang='lat' dir='ltr'><strong><em>de</em></strong></span> <span class='ocrx_word' id='word_1_751' title='bbox 1225 2188 1386 2223; x_wconf 87' lang='lat' dir='ltr'><strong><em>manibus</em></strong></span> <span class='ocrx_word' id='word_1_752' title='bbox 1408 2200 1528 2224; x_wconf 88' lang='lat' dir='ltr'><strong><em>eorum</em></strong></span> <span class='ocrx_word' id='word_1_753' title='bbox 1554 2191 1702 2227; x_wconf 81' lang='lat' dir='ltr'><strong><em>adolevit</em></strong></span> <span class='ocrx_word' id='word_1_754' title='bbox 1732 2204 1837 2239; x_wconf 83' lang='lat' dir='ltr'><strong><em>super</em></strong></span> <span class='ocrx_word' id='word_1_755' title='bbox 1868 2195 1979 2231; x_wconf 87' lang='lat' dir='ltr'><strong><em>altare</em></strong></span> <span class='ocrx_word' id='word_1_756' title='bbox 2011 2197 2221 2240; x_wconf 77' lang='lat' dir='ltr'><strong><em>holocausti.</em></strong></span> 
     </span>
     <span class='ocr_line' id='line_1_138' title="bbox 1161 2249 2223 2298; baseline 0.012 -16"><span class='ocrx_word' id='word_1_757' title='bbox 1161 2259 1199 2283; x_wconf 88' lang='lat' dir='ltr'><strong><em>eo</em></strong></span> <span class='ocrx_word' id='word_1_758' title='bbox 1218 2249 1311 2294; x_wconf 85' lang='lat' dir='ltr'><strong><em>quod</em></strong></span> <span class='ocrx_word' id='word_1_759' title='bbox 1335 2251 1606 2286; x_wconf 87' lang='lat' dir='ltr'><strong><em>consecrationis</em></strong></span> <span class='ocrx_word' id='word_1_760' title='bbox 1627 2258 1715 2287; x_wconf 88' lang='lat' dir='ltr'><strong><em>esset</em></strong></span> <span class='ocrx_word' id='word_1_761' title='bbox 1735 2253 1880 2298; x_wconf 88' lang='lat' dir='ltr'><strong><em>oblatio,</em></strong></span> <span class='ocrx_word' id='word_1_762' title='bbox 1899 2256 1936 2291; x_wconf 82' lang='lat' dir='ltr'><strong><em>in</em></strong></span> <span class='ocrx_word' id='word_1_763' title='bbox 1952 2257 2094 2292; x_wconf 79' lang='lat' dir='ltr'><strong><em>odorem</em></strong></span> <span class='ocrx_word' id='word_1_764' title='bbox 2109 2261 2223 2295; x_wconf 83' lang='lat' dir='ltr'><strong><em>suavi-</em></strong></span> 
     </span>
     <span class='ocr_line' id='line_1_139' title="bbox 1162 2308 2224 2360; baseline 0.014 -19"><span class='ocrx_word' id='word_1_765' title='bbox 1162 2308 1242 2342; x_wconf 84' lang='lat' dir='ltr'><strong><em>tatis</em></strong></span> <span class='ocrx_word' id='word_1_766' title='bbox 1260 2309 1428 2354; x_wconf 81' lang='lat' dir='ltr'><strong><em>sacrificii</em></strong></span> <span class='ocrx_word' id='word_1_767' title='bbox 1453 2310 1609 2346; x_wconf 81' lang='lat' dir='ltr'><strong><em>Domini.</em></strong></span> <span class='ocrx_word' id='word_1_768' title='bbox 1636 2311 1730 2347; x_wconf 85' lang='lat' dir='ltr'><strong><em>Tulit</em></strong></span> <span class='ocrx_word' id='word_1_769' title='bbox 1753 2320 1785 2348; x_wconf 90' lang='lat' dir='ltr'><strong><em>et</em></strong></span> <span class='ocrx_word' id='word_1_770' title='bbox 1797 2317 2050 2360; x_wconf 86' lang='lat' dir='ltr'><strong><em>pectusculum,</em></strong></span> <span class='ocrx_word' id='word_1_771' title='bbox 2085 2319 2224 2356; x_wconf 75' lang='lat' dir='ltr'><strong><em>elevans</em></strong></span> 
     </span>
     <span class='ocr_line' id='line_1_140' title="bbox 1161 2367 2222 2424; baseline 0.011 -22"><span class='ocrx_word' id='word_1_772' title='bbox 1161 2367 1250 2403; x_wconf 86' lang='lat' dir='ltr'><strong><em>illud</em></strong></span> <span class='ocrx_word' id='word_1_773' title='bbox 1269 2380 1387 2404; x_wconf 84' lang='lat' dir='ltr'><strong><em>coram</em></strong></span> <span class='ocrx_word' id='word_1_774' title='bbox 1411 2370 1576 2414; x_wconf 87' lang='lat' dir='ltr'><strong><em>Domino,</em></strong></span> <span class='ocrx_word' id='word_1_775' title='bbox 1597 2373 1639 2407; x_wconf 85' lang='lat' dir='ltr'><strong><em>de</em></strong></span> <span class='ocrx_word' id='word_1_776' title='bbox 1670 2373 1777 2409; x_wconf 84' lang='lat' dir='ltr'><strong><em>ariete</em></strong></span> <span class='ocrx_word' id='word_1_777' title='bbox 1800 2378 2071 2412; x_wconf 84' lang='lat' dir='ltr'><strong><em>consecrationis</em></strong></span> <span class='ocrx_word' id='word_1_778' title='bbox 2087 2379 2124 2413; x_wconf 89' lang='lat' dir='ltr'><strong><em>in</em></strong></span> <span class='ocrx_word' id='word_1_779' title='bbox 2137 2390 2222 2424; x_wconf 86' lang='lat' dir='ltr'><strong><em>par-</em></strong></span> 
     </span>
     <span class='ocr_line' id='line_1_141' title="bbox 1164 2431 2223 2487; baseline 0.01 -24"><span class='ocrx_word' id='word_1_780' title='bbox 1164 2435 1230 2463; x_wconf 84' lang='lat' dir='ltr'><strong><em>tem</em></strong></span> <span class='ocrx_word' id='word_1_781' title='bbox 1262 2440 1375 2473; x_wconf 85' lang='lat' dir='ltr'><strong><em>suam,</em></strong></span> <span class='ocrx_word' id='word_1_782' title='bbox 1397 2431 1486 2465; x_wconf 84' lang='lat' dir='ltr'><strong><em>sicut</em></strong></span> <span class='ocrx_word' id='word_1_783' title='bbox 1516 2433 1679 2478; x_wconf 76' lang='lat' dir='ltr'><strong><em>proecepit</em></strong></span> <span class='ocrx_word' id='word_1_784' title='bbox 1701 2435 1732 2468; x_wconf 86' lang='lat' dir='ltr'><strong><em>ei</em></strong></span> <span class='ocrx_word' id='word_1_785' title='bbox 1750 2434 1936 2470; x_wconf 82' lang='lat' dir='ltr'><strong><em>Dominus.</em></strong></span> <span class='ocrx_word' id='word_1_786' title='bbox 1973 2437 2045 2483; x_wconf 74' lang='lat' dir='ltr'><strong><em>(Ex</em></strong></span> <span class='ocrx_word' id='word_1_787' title='bbox 2070 2439 2223 2487; x_wconf 84' lang='lat' dir='ltr'><strong><em>eodem.)</em></strong></span> 
     </span>
     <span class='ocr_line' id='line_1_142' title="bbox 1162 2490 2220 2544; baseline 0.009 -20"><span class='ocrx_word' id='word_1_788' title='bbox 1162 2490 1294 2534; x_wconf 83' lang='lat' dir='ltr'><strong><em>Aperte</em></strong></span> <span class='ocrx_word' id='word_1_789' title='bbox 1322 2491 1398 2526; x_wconf 86' lang='lat' dir='ltr'><strong><em>haec</em></strong></span> <span class='ocrx_word' id='word_1_790' title='bbox 1413 2494 1551 2526; x_wconf 87' lang='lat' dir='ltr'><strong><em>sanctio</em></strong></span> <span class='ocrx_word' id='word_1_791' title='bbox 1574 2501 1714 2536; x_wconf 89' lang='lat' dir='ltr'><strong><em>eorum,</em></strong></span> <span class='ocrx_word' id='word_1_792' title='bbox 1733 2503 1813 2538; x_wconf 79' lang='lat' dir='ltr'><strong><em>quae</em></strong></span> <span class='ocrx_word' id='word_1_793' title='bbox 1841 2495 1936 2530; x_wconf 88' lang='lat' dir='ltr'><strong><em>circa</em></strong></span> <span class='ocrx_word' id='word_1_794' title='bbox 1957 2506 2023 2532; x_wconf 92' lang='lat' dir='ltr'><strong><em>nos</em></strong></span> <span class='ocrx_word' id='word_1_795' title='bbox 2052 2504 2220 2544; x_wconf 82' lang='lat' dir='ltr'><strong><em>aguntur,</em></strong></span> 
     </span>
     <span class='ocr_line' id='line_1_143' title="bbox 1163 2549 2222 2605; baseline 0.01 -21"><span class='ocrx_word' id='word_1_796' title='bbox 1163 2549 1419 2594; x_wconf 85' lang='lat' dir='ltr'><strong><em>mysteriorum</em></strong></span> <span class='ocrx_word' id='word_1_797' title='bbox 1440 2551 1588 2595; x_wconf 82' lang='lat' dir='ltr'><strong><em>exponit</em></strong></span> <span class='ocrx_word' id='word_1_798' title='bbox 1608 2552 1855 2596; x_wconf 86' lang='lat' dir='ltr'><strong><em>traditionem,</em></strong></span> <span class='ocrx_word' id='word_1_799' title='bbox 1888 2560 1924 2590; x_wconf 87' lang='lat' dir='ltr'><strong><em>et</em></strong></span> <span class='ocrx_word' id='word_1_800' title='bbox 1940 2556 2075 2601; x_wconf 87' lang='lat' dir='ltr'><strong><em>pascha</em></strong></span> <span class='ocrx_word' id='word_1_801' title='bbox 2093 2560 2222 2605; x_wconf 89' lang='lat' dir='ltr'><strong><em>mysti-</em></strong></span> 
     </span>
     <span class='ocr_line' id='line_1_144' title="bbox 1165 2610 2222 2664; baseline 0.011 -21"><span class='ocrx_word' id='word_1_802' title='bbox 1165 2618 1245 2644; x_wconf 89' lang='lat' dir='ltr'><strong><em>cum</em></strong></span> <span class='ocrx_word' id='word_1_803' title='bbox 1280 2610 1374 2654; x_wconf 84' lang='lat' dir='ltr'><strong><em>quod</em></strong></span> <span class='ocrx_word' id='word_1_804' title='bbox 1407 2610 1574 2647; x_wconf 88' lang='lat' dir='ltr'><strong><em>Christus</em></strong></span> <span class='ocrx_word' id='word_1_805' title='bbox 1607 2622 1688 2648; x_wconf 86' lang='lat' dir='ltr'><strong><em>cum</em></strong></span> <span class='ocrx_word' id='word_1_806' title='bbox 1717 2613 1901 2660; x_wconf 87' lang='lat' dir='ltr'><strong><em>discipulis</em></strong></span> <span class='ocrx_word' id='word_1_807' title='bbox 1940 2617 2016 2653; x_wconf 85' lang='lat' dir='ltr'><strong><em>suis</em></strong></span> <span class='ocrx_word' id='word_1_808' title='bbox 2048 2621 2222 2664; x_wconf 84' lang='lat' dir='ltr'><strong><em>comedit,</em></strong></span> 
     </span>
     <span class='ocr_line' id='line_1_145' title="bbox 1164 2668 2222 2722; baseline 0.013 -19"><span class='ocrx_word' id='word_1_809' title='bbox 1164 2668 1344 2715; x_wconf 83' lang='lat' dir='ltr'><strong><em>significat</em></strong></span> <span class='ocrx_word' id='word_1_810' title='bbox 1363 2682 1370 2705; x_wconf 74' lang='grc' dir='ltr'>ε</span> <span class='ocrx_word' id='word_1_811' title='bbox 1395 2672 1490 2716; x_wconf 91' lang='lat' dir='ltr'><strong><em>quod</em></strong></span> <span class='ocrx_word' id='word_1_812' title='bbox 1510 2673 1640 2708; x_wconf 83' lang='lat' dir='ltr'><strong><em>docent</em></strong></span> <span class='ocrx_word' id='word_1_813' title='bbox 1657 2683 1699 2709; x_wconf 90' lang='lat' dir='ltr'><strong><em>ea</em></strong></span> <span class='ocrx_word' id='word_1_814' title='bbox 1713 2684 1793 2719; x_wconf 73' lang='lat' dir='ltr'><strong><em>qum</em></strong></span> <span class='ocrx_word' id='word_1_815' title='bbox 1811 2685 1875 2721; x_wconf 89' lang='lat' dir='ltr'><strong><em>per</em></strong></span> <span class='ocrx_word' id='word_1_816' title='bbox 1905 2683 2026 2722; x_wconf 87' lang='lat' dir='ltr'><strong><em>partes</em></strong></span> <span class='ocrx_word' id='word_1_817' title='bbox 2047 2679 2083 2714; x_wconf 91' lang='lat' dir='ltr'><strong><em>in</em></strong></span> <span class='ocrx_word' id='word_1_818' title='bbox 2108 2682 2222 2717; x_wconf 82' lang='lat' dir='ltr'><strong><em>sacri-</em></strong></span> 
     </span>
     <span class='ocr_line' id='line_1_146' title="bbox 1164 2728 2224 2778; baseline 0.014 -15"><span class='ocrx_word' id='word_1_819' title='bbox 1164 2728 1248 2765; x_wconf 87' lang='lat' dir='ltr'><strong><em>ficio</em></strong></span> <span class='ocrx_word' id='word_1_820' title='bbox 1259 2731 1380 2776; x_wconf 84' lang='lat' dir='ltr'><strong><em>peragi</em></strong></span> <span class='ocrx_word' id='word_1_821' title='bbox 1399 2732 1669 2777; x_wconf 79' lang='lat' dir='ltr'><strong><em>praecipiuntur.</em></strong></span> <span class='ocrx_word' id='word_1_822' title='bbox 1698 2734 1771 2770; x_wconf 90' lang='lat' dir='ltr'><strong><em>Cur</em></strong></span> <span class='ocrx_word' id='word_1_823' title='bbox 1789 2742 1910 2772; x_wconf 84' lang='lat' dir='ltr'><strong><em>autem</em></strong></span> <span class='ocrx_word' id='word_1_824' title='bbox 1932 2738 2026 2774; x_wconf 86' lang='lat' dir='ltr'><strong><em>aries</em></strong></span> <span class='ocrx_word' id='word_1_825' title='bbox 2045 2742 2224 2778; x_wconf 89' lang='lat' dir='ltr'><strong><em>secundus</em></strong></span> 
     </span>
     <span class='ocr_line' id='line_1_147' title="bbox 1165 2790 2224 2848; baseline 0.012 -23"><span class='ocrx_word' id='word_1_826' title='bbox 1165 2790 1226 2826; x_wconf 90' lang='lat' dir='ltr'><strong><em>hic</em></strong></span> <span class='ocrx_word' id='word_1_827' title='bbox 1244 2801 1341 2827; x_wconf 91' lang='lat' dir='ltr'><strong><em>nunc</em></strong></span> <span class='ocrx_word' id='word_1_828' title='bbox 1358 2792 1453 2828; x_wconf 87' lang='lat' dir='ltr'><strong><em>aries</em></strong></span> <span class='ocrx_word' id='word_1_829' title='bbox 1469 2793 1703 2830; x_wconf 83' lang='lat' dir='ltr'><strong><em>nominatur?</em></strong></span> <span class='ocrx_word' id='word_1_830' title='bbox 1731 2797 1813 2841; x_wconf 87' lang='lat' dir='ltr'><strong><em>quia</em></strong></span> <span class='ocrx_word' id='word_1_831' title='bbox 1833 2797 1999 2834; x_wconf 82' lang='lat' dir='ltr'><strong><em>videlicet</em></strong></span> <span class='ocrx_word' id='word_1_832' title='bbox 2019 2801 2119 2846; x_wconf 87' lang='lat' dir='ltr'><strong><em>prius</em></strong></span> <span class='ocrx_word' id='word_1_833' title='bbox 2134 2801 2224 2848; x_wconf 80' lang='lat' dir='ltr'><strong><em>figu-</em></strong></span> 
     </span>
     <span class='ocr_line' id='line_1_148' title="bbox 1166 2855 2224 2907; baseline 0.011 -22"><span class='ocrx_word' id='word_1_834' title='bbox 1166 2855 1284 2887; x_wconf 89' lang='lat' dir='ltr'><strong><em>ratam</em></strong></span> <span class='ocrx_word' id='word_1_835' title='bbox 1314 2861 1418 2887; x_wconf 89' lang='lat' dir='ltr'><strong><em>ovem</em></strong></span> <span class='ocrx_word' id='word_1_836' title='bbox 1440 2863 1520 2888; x_wconf 92' lang='lat' dir='ltr'><strong><em>cum</em></strong></span> <span class='ocrx_word' id='word_1_837' title='bbox 1548 2855 1720 2899; x_wconf 87' lang='lat' dir='ltr'><strong><em>apostolis</em></strong></span> <span class='ocrx_word' id='word_1_838' title='bbox 1739 2866 1889 2893; x_wconf 86' lang='lat' dir='ltr'><strong><em>coenans</em></strong></span> <span class='ocrx_word' id='word_1_839' title='bbox 1914 2858 2100 2904; x_wconf 86' lang='lat' dir='ltr'><strong><em>Dominus,</em></strong></span> <span class='ocrx_word' id='word_1_840' title='bbox 2122 2870 2224 2907; x_wconf 82' lang='lat' dir='ltr'><strong><em>post-</em></strong></span> 
     </span>
     <span class='ocr_line' id='line_1_149' title="bbox 1167 2911 2222 2959; baseline 0.01 -13"><span class='ocrx_word' id='word_1_841' title='bbox 1167 2920 1210 2947; x_wconf 87' lang='lat' dir='ltr'><strong><em>ea</em></strong></span> <span class='ocrx_word' id='word_1_842' title='bbox 1230 2921 1335 2946; x_wconf 91' lang='lat' dir='ltr'><strong><em>suum</em></strong></span> <span class='ocrx_word' id='word_1_843' title='bbox 1360 2911 1489 2947; x_wconf 87' lang='lat' dir='ltr'><strong><em>obtulit</em></strong></span> <span class='ocrx_word' id='word_1_844' title='bbox 1506 2914 1737 2959; x_wconf 82' lang='lat' dir='ltr'><strong><em>sacrificium,</em></strong></span> <span class='ocrx_word' id='word_1_845' title='bbox 1760 2922 1795 2951; x_wconf 91' lang='lat' dir='ltr'><strong><em>et</em></strong></span> <span class='ocrx_word' id='word_1_846' title='bbox 1820 2918 1978 2954; x_wconf 88' lang='lat' dir='ltr'><strong><em>secundo</em></strong></span> <span class='ocrx_word' id='word_1_847' title='bbox 2008 2920 2101 2955; x_wconf 89' lang='lat' dir='ltr'><strong><em>sicut</em></strong></span> <span class='ocrx_word' id='word_1_848' title='bbox 2117 2931 2222 2957; x_wconf 89' lang='lat' dir='ltr'><strong><em>ovem</em></strong></span> 
     </span>
     <span class='ocr_line' id='line_1_150' title="bbox 1166 2971 2224 3026; baseline 0.011 -20"><span class='ocrx_word' id='word_1_849' title='bbox 1166 2971 1243 3017; x_wconf 90' lang='lat' dir='ltr'><strong><em>ipse</em></strong></span> <span class='ocrx_word' id='word_1_850' title='bbox 1268 2972 1499 3017; x_wconf 85' lang='lat' dir='ltr'><strong><em>semetipsum</em></strong></span> <span class='ocrx_word' id='word_1_851' title='bbox 1524 2975 1670 3018; x_wconf 90' lang='lat' dir='ltr'><strong><em>occidit,</em></strong></span> <span class='ocrx_word' id='word_1_852' title='bbox 1690 2978 1786 3022; x_wconf 86' lang='lat' dir='ltr'><strong><em>quod</em></strong></span> <span class='ocrx_word' id='word_1_853' title='bbox 1801 2978 2050 3015; x_wconf 89' lang='lat' dir='ltr'><strong><em>demonstrant</em></strong></span> <span class='ocrx_word' id='word_1_854' title='bbox 2068 2991 2202 3026; x_wconf 89' lang='lat' dir='ltr'><strong><em>sequen</em></strong></span> <span class='ocrx_word' id='word_1_855' title='bbox 2211 3002 2224 3008; x_wconf 59' lang='grc' dir='ltr'><strong><em>ι-</em></strong></span> 
     </span>
     <span class='ocr_line' id='line_1_151' title="bbox 1166 3031 2226 3085; baseline 0.01 -18"><span class='ocrx_word' id='word_1_856' title='bbox 1166 3033 1229 3068; x_wconf 86' lang='lat' dir='ltr'><strong><em>tia.</em></strong></span> <span class='ocrx_word' id='word_1_857' title='bbox 1257 3031 1525 3080; x_wconf 85' lang='lat' dir='ltr'><strong><em>Posueruntque</em></strong></span> <span class='ocrx_word' id='word_1_858' title='bbox 1546 3036 1666 3071; x_wconf 85' lang='lat' dir='ltr'><strong><em>Aaron</em></strong></span> <span class='ocrx_word' id='word_1_859' title='bbox 1684 3043 1715 3072; x_wconf 92' lang='lat' dir='ltr'><strong><em>et</em></strong></span> <span class='ocrx_word' id='word_1_860' title='bbox 1733 3038 1799 3082; x_wconf 83' lang='lat' dir='ltr'><strong><em>filii</em></strong></span> <span class='ocrx_word' id='word_1_861' title='bbox 1819 3039 1896 3085; x_wconf 85' lang='lat' dir='ltr'><strong><em>ejus</em></strong></span> <span class='ocrx_word' id='word_1_862' title='bbox 1920 3051 2046 3076; x_wconf 86' lang='lat' dir='ltr'><strong><em>manus</em></strong></span> <span class='ocrx_word' id='word_1_863' title='bbox 2066 3053 2151 3077; x_wconf 88' lang='lat' dir='ltr'><strong><em>suas</em></strong></span> <span class='ocrx_word' id='word_1_864' title='bbox 2166 3054 2226 3078; x_wconf 85' lang='lat' dir='ltr'><strong><em>su·-</em></strong></span> 
     </span>
     <span class='ocr_line' id='line_1_152' title="bbox 1166 3095 2222 3146; baseline 0.009 -20"><span class='ocrx_word' id='word_1_865' title='bbox 1166 3103 1227 3139; x_wconf 86' lang='lat' dir='ltr'><strong><em>per</em></strong></span> <span class='ocrx_word' id='word_1_866' title='bbox 1243 3099 1347 3139; x_wconf 85' lang='lat' dir='ltr'><strong><em>caput</em></strong></span> <span class='ocrx_word' id='word_1_867' title='bbox 1371 3095 1460 3140; x_wconf 81' lang='lat' dir='ltr'><strong><em>ejtts.</em></strong></span> <span class='ocrx_word' id='word_1_868' title='bbox 1494 3095 1603 3138; x_wconf 85' lang='lat' dir='ltr'><strong><em>Quem</em></strong></span> <span class='ocrx_word' id='word_1_869' title='bbox 1619 3107 1698 3132; x_wconf 89' lang='lat' dir='ltr'><strong><em>cum</em></strong></span> <span class='ocrx_word' id='word_1_870' title='bbox 1724 3098 1939 3134; x_wconf 86' lang='lat' dir='ltr'><strong><em>immolasset</em></strong></span> <span class='ocrx_word' id='word_1_871' title='bbox 1961 3099 2114 3146; x_wconf 82' lang='lat' dir='ltr'><strong><em>Moyses,</em></strong></span> <span class='ocrx_word' id='word_1_872' title='bbox 2151 3106 2222 3136; x_wconf 89' lang='lat' dir='ltr'><strong><em>etc.</em></strong></span> 
     </span>
     <span class='ocr_line' id='line_1_153' title="bbox 1168 3151 2226 3204; baseline 0.007 -17"><span class='ocrx_word' id='word_1_873' title='bbox 1168 3151 1378 3189; x_wconf 84' lang='lat' dir='ltr'><strong><em>Necessario</em></strong></span> <span class='ocrx_word' id='word_1_874' title='bbox 1395 3154 1501 3190; x_wconf 92' lang='lat' dir='ltr'><strong><em>simul</em></strong></span> <span class='ocrx_word' id='word_1_875' title='bbox 1529 3165 1612 3191; x_wconf 91' lang='lat' dir='ltr'><strong><em>cum</em></strong></span> <span class='ocrx_word' id='word_1_876' title='bbox 1625 3156 1746 3192; x_wconf 90' lang='lat' dir='ltr'><strong><em>Aaron</em></strong></span> <span class='ocrx_word' id='word_1_877' title='bbox 1759 3162 1795 3192; x_wconf 89' lang='lat' dir='ltr'><strong><em>et</em></strong></span> <span class='ocrx_word' id='word_1_878' title='bbox 1809 3156 1872 3192; x_wconf 84' lang='lat' dir='ltr'><strong><em>tilii</em></strong></span> <span class='ocrx_word' id='word_1_879' title='bbox 1891 3157 1969 3204; x_wconf 88' lang='lat' dir='ltr'><strong><em>ejus</em></strong></span> <span class='ocrx_word' id='word_1_880' title='bbox 1998 3168 2105 3203; x_wconf 87' lang='lat' dir='ltr'><strong><em>super</em></strong></span> <span class='ocrx_word' id='word_1_881' title='bbox 2117 3162 2226 3204; x_wconf 88' lang='lat' dir='ltr'><strong><em>caput</em></strong></span> 
     </span>
     <span class='ocr_line' id='line_1_154' title="bbox 1168 3215 2223 3263; baseline 0.003 -13"><span class='ocrx_word' id='word_1_882' title='bbox 1168 3215 1293 3252; x_wconf 86' lang='lat' dir='ltr'><strong><em>arietis</em></strong></span> <span class='ocrx_word' id='word_1_883' title='bbox 1322 3226 1450 3252; x_wconf 84' lang='lat' dir='ltr'><strong><em>manus</em></strong></span> <span class='ocrx_word' id='word_1_884' title='bbox 1478 3218 1687 3263; x_wconf 89' lang='lat' dir='ltr'><strong><em>imponunt,</em></strong></span> <span class='ocrx_word' id='word_1_885' title='bbox 1722 3217 1806 3262; x_wconf 85' lang='lat' dir='ltr'><strong><em>quia</em></strong></span> <span class='ocrx_word' id='word_1_886' title='bbox 1823 3228 2051 3254; x_wconf 91' lang='lat' dir='ltr'><strong><em>communem</em></strong></span> <span class='ocrx_word' id='word_1_887' title='bbox 2083 3227 2223 3254; x_wconf 88' lang='lat' dir='ltr'><strong><em>coenam</em></strong></span> 
     </span>
     <span class='ocr_line' id='line_1_155' title="bbox 1169 3275 2221 3323; baseline 0.004 -13"><span class='ocrx_word' id='word_1_888' title='bbox 1169 3275 1376 3313; x_wconf 83' lang='lat' dir='ltr'><strong><em>festivitatis</em></strong></span> <span class='ocrx_word' id='word_1_889' title='bbox 1399 3277 1579 3323; x_wconf 87' lang='lat' dir='ltr'><strong><em>paschalis</em></strong></span> <span class='ocrx_word' id='word_1_890' title='bbox 1615 3287 1697 3313; x_wconf 90' lang='lat' dir='ltr'><strong><em>cum</em></strong></span> <span class='ocrx_word' id='word_1_891' title='bbox 1730 3277 1804 3313; x_wconf 88' lang='lat' dir='ltr'><strong><em>suis</em></strong></span> <span class='ocrx_word' id='word_1_892' title='bbox 1839 3277 2004 3313; x_wconf 86' lang='lat' dir='ltr'><strong><em>Christus</em></strong></span> <span class='ocrx_word' id='word_1_893' title='bbox 2035 3277 2221 3322; x_wconf 90' lang='lat' dir='ltr'><strong><em>discipulis</em></strong></span> 
     </span>
     <span class='ocr_line' id='line_1_156' title="bbox 1170 3335 2222 3383; baseline 0.001 -10"><span class='ocrx_word' id='word_1_894' title='bbox 1170 3337 1384 3380; x_wconf 87' lang='lat' dir='ltr'><strong><em>celebravit;</em></strong></span> <span class='ocrx_word' id='word_1_895' title='bbox 1403 3337 1465 3373; x_wconf 90' lang='lat' dir='ltr'><strong><em>sed</em></strong></span> <span class='ocrx_word' id='word_1_896' title='bbox 1479 3336 1619 3382; x_wconf 85' lang='lat' dir='ltr'><strong><em>Moyses</em></strong></span> <span class='ocrx_word' id='word_1_897' title='bbox 1632 3335 1849 3372; x_wconf 80' lang='lat' dir='ltr'><strong><em>sacrificium</em></strong></span> <span class='ocrx_word' id='word_1_898' title='bbox 1863 3336 1931 3371; x_wconf 88' lang='lat' dir='ltr'><strong><em>hoc</em></strong></span> <span class='ocrx_word' id='word_1_899' title='bbox 1945 3335 2117 3380; x_wconf 85' lang='lat' dir='ltr'><strong><em>celebrat,</em></strong></span> <span class='ocrx_word' id='word_1_900' title='bbox 2135 3336 2222 3383; x_wconf 80' lang='lat' dir='ltr'><strong><em>quia</em></strong></span> 
     </span>
     <span class='ocr_line' id='line_1_157' title="bbox 1171 3395 2221 3443; baseline 0.003 -11"><span class='ocrx_word' id='word_1_901' title='bbox 1171 3397 1286 3443; x_wconf 80' lang='lat' dir='ltr'><strong><em>magis</em></strong></span> <span class='ocrx_word' id='word_1_902' title='bbox 1305 3398 1350 3434; x_wconf 86' lang='lat' dir='ltr'><strong><em>ab</em></strong></span> <span class='ocrx_word' id='word_1_903' title='bbox 1377 3397 1458 3432; x_wconf 84' lang='lat' dir='ltr'><strong><em>aliis</em></strong></span> <span class='ocrx_word' id='word_1_904' title='bbox 1477 3397 1554 3442; x_wconf 89' lang='lat' dir='ltr'><strong><em>ipse</em></strong></span> <span class='ocrx_word' id='word_1_905' title='bbox 1575 3395 1710 3431; x_wconf 85' lang='lat' dir='ltr'><strong><em>Christi</em></strong></span> <span class='ocrx_word' id='word_1_906' title='bbox 1734 3395 1885 3440; x_wconf 77' lang='lat' dir='ltr'><strong><em>figuram</em></strong></span> <span class='ocrx_word' id='word_1_907' title='bbox 1909 3395 2015 3442; x_wconf 78' lang='lat' dir='ltr'><strong><em>gerit.</em></strong></span> <span class='ocrx_word' id='word_1_908' title='bbox 2034 3395 2136 3434; x_wconf 84' lang='lat' dir='ltr'><strong><em>Tunc</em></strong></span> <span class='ocrx_word' id='word_1_909' title='bbox 2155 3408 2221 3435; x_wconf 80' lang='lat' dir='ltr'><strong><em>au-</em></strong></span> 
     </span>
     <span class='ocr_line' id='line_1_158' title="bbox 1172 3451 2224 3504; baseline 0.004 -13"><span class='ocrx_word' id='word_1_910' title='bbox 1172 3461 1246 3491; x_wconf 89' lang='lat' dir='ltr'><strong><em>tem</em></strong></span> <span class='ocrx_word' id='word_1_911' title='bbox 1260 3456 1415 3491; x_wconf 85' lang='lat' dir='ltr'><strong><em>maxime</em></strong></span> <span class='ocrx_word' id='word_1_912' title='bbox 1446 3454 1664 3491; x_wconf 81' lang='lat' dir='ltr'><strong><em>sacrificium</em></strong></span> <span class='ocrx_word' id='word_1_913' title='bbox 1684 3462 1790 3489; x_wconf 89' lang='lat' dir='ltr'><strong><em>suum</em></strong></span> <span class='ocrx_word' id='word_1_914' title='bbox 1812 3451 1979 3492; x_wconf 83' lang='lat' dir='ltr'><strong><em>Christus</em></strong></span> <span class='ocrx_word' id='word_1_915' title='bbox 2009 3455 2224 3504; x_wconf 83' lang='lat' dir='ltr'><strong><em>celebravit,</em></strong></span> 
     </span>
     <span class='ocr_line' id='line_1_159' title="bbox 1173 3512 2031 3560; baseline 0.002 -10"><span class='ocrx_word' id='word_1_916' title='bbox 1173 3515 1268 3550; x_wconf 90' lang='lat' dir='ltr'><strong><em>unde</em></strong></span> <span class='ocrx_word' id='word_1_917' title='bbox 1285 3519 1323 3550; x_wconf 85' lang='lat' dir='ltr'><strong><em>et</em></strong></span> <span class='ocrx_word' id='word_1_918' title='bbox 1340 3514 1427 3550; x_wconf 89' lang='lat' dir='ltr'><strong><em>illud</em></strong></span> <span class='ocrx_word' id='word_1_919' title='bbox 1443 3514 1581 3559; x_wconf 85' lang='lat' dir='ltr'><strong><em>incipit.</em></strong></span> <span class='ocrx_word' id='word_1_920' title='bbox 1602 3512 1690 3549; x_wconf 83' lang='lat' dir='ltr'><strong><em>Vide</em></strong></span> <span class='ocrx_word' id='word_1_921' title='bbox 1703 3513 1800 3549; x_wconf 85' lang='lat' dir='ltr'><strong><em>enim</em></strong></span> <span class='ocrx_word' id='word_1_922' title='bbox 1813 3514 2001 3560; x_wconf 76' lang='lat' dir='ltr'><strong><em>sequentia</em></strong></span> <span class='ocrx_word' id='word_1_923' title='bbox 2021 3527 2031 3552; x_wconf 90' lang='lat'><strong>:</strong></span> 
     </span>
    </p>

    <p class='ocr_par' dir='ltr' id='par_1_15' title="bbox 1177 3572 2226 3741">
     <span class='ocr_line' id='line_1_160' title="bbox 1224 3572 2226 3623; baseline 0.004 -13"><span class='ocrx_word' id='word_1_924' title='bbox 1224 3575 1334 3618; x_wconf 77' lang='lat' dir='ltr'><strong><em>Quem</em></strong></span> <span class='ocrx_word' id='word_1_925' title='bbox 1345 3585 1424 3609; x_wconf 84' lang='lat' dir='ltr'><strong><em>cum</em></strong></span> <span class='ocrx_word' id='word_1_926' title='bbox 1443 3573 1656 3609; x_wconf 78' lang='lat' dir='ltr'><strong><em>immolasset</em></strong></span> <span class='ocrx_word' id='word_1_927' title='bbox 1672 3572 1824 3620; x_wconf 68' lang='lat' dir='ltr'><strong><em>Moyses,</em></strong></span> <span class='ocrx_word' id='word_1_928' title='bbox 1842 3585 1981 3612; x_wconf 75' lang='lat' dir='ltr'><strong><em>sumens</em></strong></span> <span class='ocrx_word' id='word_1_929' title='bbox 1998 3575 2041 3612; x_wconf 79' lang='lat' dir='ltr'><strong><em>de</em></strong></span> <span class='ocrx_word' id='word_1_930' title='bbox 2054 3577 2226 3623; x_wconf 68' lang='lat' dir='ltr'><strong><em>sanquine</em></strong></span> 
     </span>
     <span class='ocr_line' id='line_1_161' title="bbox 1177 3632 2225 3680; baseline -0.001 -9"><span class='ocrx_word' id='word_1_931' title='bbox 1177 3635 1286 3680; x_wconf 75' lang='lat' dir='ltr'><strong><em>tetiqit</em></strong></span> <span class='ocrx_word' id='word_1_932' title='bbox 1305 3632 1682 3677; x_wconf 73' lang='lat' dir='ltr'><strong><em>extremumauriculoe</em></strong></span> <span class='ocrx_word' id='word_1_933' title='bbox 1698 3633 1832 3669; x_wconf 76' lang='lat' dir='ltr'><strong><em>dextroe</em></strong></span> <span class='ocrx_word' id='word_1_934' title='bbox 1855 3633 1989 3678; x_wconf 79' lang='lat' dir='ltr'><strong><em>Aaron,</em></strong></span> <span class='ocrx_word' id='word_1_935' title='bbox 2014 3640 2047 3670; x_wconf 84' lang='lat' dir='ltr'><strong><em>et</em></strong></span> <span class='ocrx_word' id='word_1_936' title='bbox 2062 3634 2225 3680; x_wconf 56' lang='lat' dir='ltr'><strong><em>pollicem</em></strong></span> 
     </span>
     <span class='ocr_line' id='line_1_162' title="bbox 1178 3693 2226 3741; baseline -0.002 -9"><span class='ocrx_word' id='word_1_937' title='bbox 1178 3706 1302 3732; x_wconf 80' lang='lat' dir='ltr'><strong><em>manus</em></strong></span> <span class='ocrx_word' id='word_1_938' title='bbox 1324 3695 1401 3740; x_wconf 63' lang='lat' dir='ltr'><strong><em>eius</em></strong></span> <span class='ocrx_word' id='word_1_939' title='bbox 1418 3694 1550 3730; x_wconf 67' lang='grc' dir='ltr'><em>ἀπίτω</em></span> <span class='ocrx_word' id='word_1_940' title='bbox 1565 3720 1575 3738; x_wconf 90' lang='grc'>,</span> <span class='ocrx_word' id='word_1_941' title='bbox 1610 3693 1770 3729; x_wconf 81' lang='lat' dir='ltr'><strong><em>similiter</em></strong></span> <span class='ocrx_word' id='word_1_942' title='bbox 1789 3698 1822 3730; x_wconf 81' lang='lat' dir='ltr'><strong><em>et</em></strong></span> <span class='ocrx_word' id='word_1_943' title='bbox 1838 3693 1936 3740; x_wconf 74' lang='lat' dir='ltr'><strong><em>pedis</em></strong></span> <span class='ocrx_word' id='word_1_944' title='bbox 1954 3693 2082 3731; x_wconf 74' lang='lat' dir='ltr'><strong><em>dextri.</em></strong></span> <span class='ocrx_word' id='word_1_945' title='bbox 2115 3693 2226 3741; x_wconf 65' lang='lat' dir='ltr'><strong><em>om-</em></strong></span> 
     </span>
    </p>
   </div>
   <div class='ocr_carea' id='block_1_13' title="bbox 1860 3769 1907 3808">
    <p class='ocr_par' dir='ltr' id='par_1_16' title="bbox 1860 3769 1907 3808">
     <span class='ocr_line' id='line_1_163' title="bbox 1860 3769 1907 3808; baseline 0 0"><span class='ocrx_word' id='word_1_946' title='bbox 1860 3769 1907 3808; x_wconf 86' lang='lat'><strong><em>11</em></strong></span> 
     </span>
    </p>
   </div>
  </div>
 </body>
</html>
