2540 4016
279 141 356 209 Ι1985
708 131 748 168 Β.
776 127 950 167 RABANl
973 124 1120 162 MAUR!
1147 122 1365 160 ARCHlEP.

249 234 253 237 -
279 211 388 259 'atque
406 212 442 248 in
457 206 703 255 iusiurandum
721 202 960 240 committitur
968 211 978 242 ;
1000 197 1193 244 aliquando
1210 201 1331 232 autem
1349 191 1386 236 Α

281 284 387 313 omne
407 274 593 318 peccatum
614 267 707 314 quod
731 265 774 300 ad
799 263 991 300 scientiam
1019 258 1199 306 pervenit,
1228 257 1334 303 legis-

279 335 373 373 lator
392 331 559 378 appellat,
589 328 624 365 et
652 330 839 374 propterca
867 324 912 360 ab
941 333 985 359 eo
1015 321 1148 366 ubique
1174 319 1333 366 cognitio

278 394 436 444 peccati,
456 393 530 430 sive
549 391 797 435 anteponatur,
820 385 896 421 sive
933 382 1195 425 subin-feratur,
1215 381 1333 417 modis

280 455 444 492 omnibus
472 452 637 488 delictum
669 447 810 488 dicitur,
842 450 881 480 ut
911 445 1082 481 ostendat
1110 441 1195 488 quia
1227 452 1334 478 omne

278 521 485 562 peccatum,
517 513 702 556 postquam
732 506 976 551 cognoscitur,
1004 506 1041 541 in
1071 506 1194 551 ipsum
1222 503 1334 540 delin-

279 577 400 623 quitur
424 576 545 610 Deum.
577 571 616 606 Et
644 569 723 604 ideo
751 568 952 614 appellatur
979 568 1167 609 delictum,
1199 565 1236 601 id
1264 570 1331 607 est,

279 637 492 683 πλημμέλεια.
533 631 608 667 Νοιι
627 631 722 666 enim
742 630 820 666 sine
841 640 949 666 cansa
967 629 1151 676 legislator
1171 629 1241 664 boe
1259 637 1334 661 ser-

276 707 380 734 mone
397 695 601 740 frequenter
619 692 751 734 utitur;
791 702 874 726 nam
892 696 928 727 et
947 690 1249 736 quemadmodum
1267 684 1334 720 ‹lis-

275 759 430 795 fereutes
452 754 740 791 conversationes
773 751 961 787 bominum
994 751 1030 786 iu
1057 750 1215 786 exordiis
1248 745 1333 783 libri

277 831 340 867 per
358 819 663 855 holocaustomata
687 823 722 851 et
743 814 920 851 sacrificia
946 814 1116 850 salutaria
1137 814 1333 859 designans

277 881 470 927 legislator,
497 889 565 914 non
605 877 736 913 frustra
764 876 972 922 proposuit,
998 876 1059 911 sed
1092 875 1170 909 vias
1201 875 1334 909 multas

278 948 313 978 et
338 942 464 988 januas
492 939 630 986 aperire
662 938 830 984 cupiens,
860 938 910 973 sie
936 943 972 972 et
996 937 1102 972 modo
1128 946 1198 970 non
1224 944 1332 969 unam

277 1003 445 1048 speeiem,
481 1003 541 1037 sed
574 1000 703 1036 multas
735 999 779 1035 de
815 999 1057 1034 oblationibus
1089 1007 1155 1043 pro
1183 1003 1333 1042 peccato

278 1063 441 1106 sancivit,
460 1068 499 1098 ut
522 1062 698 1108 pluriores
712 1061 836 1096 modos
857 1059 1076 1105 poenitentiae
1095 1061 1330 1104 proponeret;

278 1126 360 1172 quia
381 1135 447 1159 nec
466 1132 592 1160 omnes
610 1123 773 1158 homines
795 1131 919 1157 omnes
937 1122 1061 1156 modos
1085 1119 1231 1164 implere
1251 1129 1333 1163 pos-
1352 1111 1382 1148 Β

281 1190 377 1227 sunt,
399 1195 464 1220 nec
490 1184 606 1219 omnis
629 1183 755 1218 modus
774 1182 995 1228 poenitentiae
1017 1181 1050 1216 in
1069 1181 1164 1216 omni
1187 1185 1333 1225 pecs-ato

279 1245 465 1287 convenit;
494 1245 633 1290 quando
657 1244 750 1279 enim
772 1243 981 1289 poenitentia
1004 1252 1169 1283 saccum,
1191 1247 1227 1277 et
1243 1241 1334 1286 jeju-

279 1308 392 1350 nium,
410 1313 444 1342 et
464 1307 642 1352 lacrymas
663 1311 697 1341 et
718 1305 918 1341 orationem
939 1305 1144 1339 continuam
1160 1331 1168 1346 ,
1190 1309 1226 1338 et
1246 1302 1335 1348 vigi-

280 1369 347 1404 lias
370 1368 498 1414 exigit,
520 1367 660 1412 aliaque
686 1366 835 1408 similia,
865 1366 1057 1411 quomodo,
1078 1365 1175 1399 verbi
1204 1364 1332 1410 gratia,

280 1434 476 1471 senectute,
505 1434 565 1462 aut
586 1427 688 1462 aliter
714 1436 863 1472 corpore
888 1425 1067 1468 infirmus,
1098 1425 1201 1460 talem
1230 1434 1335 1470 agere

278 1489 529 1536 paonitentiam
554 1487 785 1534 praevalebit?
810 1486 900 1522 Num
922 1497 1007 1532 ergo
1027 1487 1085 1522 bic
1105 1491 1253 1532 propter
1283 1486 1336 1520 in-

279 1549 483 1585 firmitatem
503 1555 563 1583 aut
583 1548 729 1584 senilem
749 1552 890 1583 :etatem
907 1547 1096 1592 repellitur
1114 1557 1133 1581 a
1159 1546 1337 1592 poeniten-

280 1611 350 1645 tia?
377 1609 479 1645 Nullo
504 1610 621 1652 modo,
649 1610 758 1645 habet
778 1610 874 1644 enim
895 1609 1005 1644 alium
1026 1609 1171 1643 molum
1201 1609 1243 1643 ad
1271 1608 1338 1643 im-

279 1670 491 1716 petrandam
522 1669 771 1705 remissionem
798 1674 1041 1714 peccatorum.
1071 1669 1140 1705 Sed
1168 1669 1249 1716 quis
1279 1670 1339 1705 bic

283 1731 341 1773 sit,
363 1731 548 1776 sequentia
570 1731 830 1766 demonstrant.
857 1730 916 1766 Ait
940 1731 1033 1766 enim
1065 1741 1073 1766 ε
1108 1731 1148 1768 Si
1174 1743 1254 1777 erqo
1283 1732 1337 1766 lu'c

283 1803 351 1827 non
381 1792 527 1838 poluerit
558 1791 681 1837 offerre
709 1802 831 1837 pecus,
864 1792 983 1837 offeret
1010 1803 1071 1838 pro
1103 1798 1243 1838 peccato
1275 1802 1338 1826 suo

283 1852 373 1900 quod
395 1853 543 1898 peccavi!
566 1852 650 1886 duos
671 1858 823 1887 turtures
843 1858 902 1887 aul
922 1852 1009 1888 duos
1030 1852 1142 1898 pullos
1164 1852 1340 1887 columba-

283 1923 360 1947 rum
376 1911 537 1947 Domino.
559 1912 798 1956 Quamobrem
819 1915 1064 1949 necessarium
1086 1915 1192 1948 nimis
1211 1919 1265 1948 est
1286 1924 1341 1948 re-

283 1974 422 2009 minisci
444 1984 509 2009 nos
529 1974 612 2019 quia
636 1974 950 2019 contemplativam
970 1975 1096 2016 vitam,
1118 1980 1154 2009 et
1174 1974 1209 2008 in
1229 1974 1341 2009 medi-

283 2034 419 2069 tatione
438 2039 725 2075 conversantem,
752 2039 788 2068 et
812 2034 983 2068 mundam
1006 2039 1114 2079 atque
1139 2034 1339 2079 simplicem
1361 2021 1390 2062 C

286 2093 479 2138 significari
498 2092 563 2137 pei'·
581 2093 695 2138 pullos
712 2093 958 2128 columbarum
979 2099 1014 2129 et
1036 2100 1214 2130 turturum
1233 2105 1341 2140 supe-

287 2153 364 2188 rius
378 2153 546 2188 diximus.
564 2153 657 2199 Ergo
675 2154 734 2199 qui
756 2164 825 2188 non
844 2159 960 2199 potest
976 2165 1105 2190 vacare
1123 2156 1157 2190 in
1173 2156 1344 2192 continua

289 2214 480 2250 afflictione
495 2219 531 2249 et
544 2224 714 2254 aerumna,
733 2220 770 2249 ut
790 2225 920 2260 panem
936 2226 1038 2251 suum
1055 2227 1134 2251 cum
1150 2217 1271 2252 cinere
1285 2227 1345 2252 co-

291 2275 426 2317 medat,
444 2280 478 2309 et
496 2281 615 2320 poium
636 2285 738 2310 suum
757 2285 835 2310 cum
855 2275 939 2311 ssetu
960 2281 1134 2321 temperet
1151 2274 1264 2322 (Psal.
1281 2275 1343 2321 ci),

290 2335 431 2382 aliaque
461 2336 515 2371 liis
541 2335 669 2372 similia
691 2337 868 2383 poeniteus
893 2342 987 2383 agat,
1013 2337 1113 2373 verbi
1139 2338 1265 2383 gratia,
1290 2338 1345 2372 iu-

290 2397 460 2434 firmitate
482 2403 544 2433 aut
563 2397 631 2433 alia
651 2408 867 2444 quacunque
888 2399 1103 2434 necessitate
1128 2399 1345 2445 prohibitus,

290 2457 348 2493 hie
383 2457 452 2493 alio
488 2457 593 2493 modo
630 2468 735 2505 agere
775 2463 891 2504 potest
924 2459 1200 2505 poenitentiam,
1236 2459 1346 2495 veluti

290 2515 442 2552 offerens
469 2516 701 2563 semetipsum
735 2518 779 2553 ad
808 2519 1122 2564 contemplandum
1154 2518 1281 2561 Deum,
1311 2523 1348 2554 et

291 2578 335 2613 ad
366 2578 691 2623 perscrutationem
723 2579 811 2625 legis
843 2578 941 2624 ejus,
974 2584 1157 2627 totamque
1186 2585 1343 2617 mentem

291 2647 391 2672 suam
422 2648 637 2673 consecrans
669 2639 806 2674 coelesti
838 2642 1102 2677 conversationi
1133 2653 1153 2677 a
1190 2643 1346 2678 terrenis

292 2697 400 2731 rebus
427 2697 633 2741 plenissime
665 2709 702 2734 se
725 2700 919 2744 cohibens;
948 2713 1014 2747 per
1042 2705 1110 2739 hoc
1136 2706 1231 2740 enim
1253 2706 1285 2741 ei
1311 2710 1347 2741 ct

292 2761 520 2800 peccatorum
538 2757 702 2792 remissio
718 2763 754 2793 et
769 2758 982 2803 justificatio
999 2770 1226 2808 procuratur.
1244 2765 1347 2801 Unde

294 2827 416 2852 eorum
436 2828 515 2863 quae
533 2818 733 2855 offeruntur
749 2832 858 2856 unum
881 2824 1023 2868 quidem
1042 2835 1108 2870 pro
1128 2833 1292 2870 peccato,
1311 2828 1348 2863 id

294 2882 362 2920 est,
385 2879 429 2914 ad
449 2880 742 2916 emundationem
760 2884 911 2927 peccati.
940 2883 1101 2919 Alterum
1117 2895 1203 2921 vero
1225 2887 1259 2921 in
1282 2888 1347 2922 lio-

294 2937 509 2983 locaustum‚
526 2940 629 2986 quasi
647 2940 683 2975 in
702 2941 970 2988 crucifigentem
989 2945 1235 2990 semetipsum,
1258 2957 1346 2981 cou-

294 3000 536 3036 versationem
555 2996 611 3035 vei
629 3001 751 3044 vitam,
783 3007 820 3037 et
849 3003 1056 3048 plenissime
1086 3005 1159 3041 Deo
1185 3006 1349 3043 tradente

296 3057 515 3095 immolatur.
532 3058 665 3096 Ot'l'eret
684 3068 803 3097 autem
822 3062 898 3098 haec
917 3063 1108 3106 sacerdoti,
1125 3063 1268 3100 Christo
1285 3066 1352 3100 uti-

297 3130 386 3166 que;
419 3126 505 3157 tunc
533 3122 630 3157 enim
659 3122 877 3168 acceptabile
905 3129 961 3159 est
987 3130 1180 3172 utrumque
1206 3127 1350 3172 quando

297 3181 494 3217 secundum
524 3182 757 3219 intentionem
791 3184 1034 3228 Dominicam‚
1063 3191 1170 3231 atque
1201 3197 1243 3222 eo
1271 3198 1348 3224 me-

297 3240 418 3276 diante
435 3240 654 3287 offeruntur3
677 3243 739 3290 qui
758 3244 914 3290 primum
933 3243 1087 3281 offerens
1106 3255 1172 3291 pro
1186 3250 1350 3292 peccato,

297 3298 379 3335 ideo
394 3299 550 3346 primum
574 3312 640 3355 pro
667 3308 814 3349 peccato
833 3302 980 3348 offeret,
1001 3305 1085 3350 quia
1108 3309 1212 3341 nemo
1235 3311 1355 3352 potest

298 3358 544 3398 holocaustum
582 3361 659 3399 fleri
678 3391 689 3407 ‚
734 3363 804 3400 nisi
846 3365 948 3412 prius
991 3365 1102 3402 ruerit
1143 3377 1163 3403 a
1204 3372 1354 3414 peccato

301 3420 392 3460 liber
414 3421 576 3475 effectus.
610 3424 680 3462 Sed
714 3426 795 3473 quis
827 3425 933 3474 hujus
961 3427 1088 3464 modus
1121 3432 1178 3464 est
1206 3423 1355 3465 liberta-

302 3481 374 3518 tis?
401 3480 682 3534 Retorquebitque
711 3486 874 3526 sacerdos
904 3492 1008 3535 captu
1039 3488 1116 3536 ejus
1146 3487 1192 3524 ad
1220 3490 1350 3536 pinnu—

305 3539 355 3578 ἀι
379 3540 430 3581 ita
465 3548 500 3580 ut
536 3544 623 3582 collo
655 3546 784 3584 haereat
819 3555 854 3585 et
882 3561 952 3586 non
987 3541 1124 3598 penitus
1161 3550 1353 3599 abrumpit*

304 3611 373 3639 mr.
410 3602 480 3644 Per
509 3603 648 3647 collum
683 3608 779 3658 quod
810 3605 905 3647 LXX
935 3608 1147 3669 spondulum
1176 3607 1354 3659 iuterpre-

306 3667 373 3714 tati
407 3673 492 3710 sunt
507 3695 519 3718 ‚
555 3674 669 3709 totum
703 3682 835 3726 corpus
873 3663 1108 3723 intelligitur,
1146 3670 1250 3725 quia
1270 3664 1354 3712 colli

307 3725 476 3784 timus·
499 3731 638 3783 enim
658 3737 699 3778 α
722 3731 1067 3787 mummio
1089 3733 1254 3798 somatis
1281 3736 1352 3794 ea,

1364 2920 1400 2959 D

1393 120 1604 160 MOGUNT.
1631 118 1827 158 OPERUM
1852 117 1972 156 PARS
1997 116 2025 153 1.
2389 116 2459 154 284

1401 195 1492 240 Quia
1518 206 1605 242 ergo
1631 190 1722 231 solet
1751 198 1860 240 caput
1887 203 1955 239 pro
1985 195 2106 227 mente
2135 191 2252 238 accipi
2277 191 2314 228 in
2339 188 2460 230 divina

1403 252 1590 302 Scriptura
1615 264 1682 302 pro
1704 265 1748 292 eo
1776 253 1871 300 quod
1898 262 1999 288 mens
2030 251 2273 299 principatum
2299 258 2397 291 tenet
2421 250 2462 292 iu

1401 317 1560 361 homine,
1582 317 1676 353 unde
1703 321 1740 352 et
1763 313 1876 351 David
1899 312 2051 348 Domino
2068 312 2238 349 dicebat:
2261 312 2315 350 Tu
2331 315 2463 351 emrt-

1403 378 1531 414 tutasti
1557 378 1672 424 capita
1696 377 1889 411 draconum
1917 384 2021 420 super
2044 384 2154 420 aquas
2180 372 2295 422 (Psat.
2315 374 2462 423 mum),

1401 449 1558 479 mentem
1585 441 1770 482 videlicet,
1793 438 1878 474 dum
1905 447 2000 484 aqua
2023 435 2253 484 baptismatis
2279 439 2463 476 remissio-—

1401 512 1485 539 nem
1500 503 1698 548 praebente,
1724 511 1826 537 mens
1847 496 1980 535 diaboli
2003 499 2216 542 conteritur,
2238 499 2464 546 retorquebit-

1400 575 1466 610 que
1484 570 1588 610 caput
1606 564 1683 609 ejus
1708 563 1755 598 ad
1771 561 1958 609 pinnulas‚·
1978 561 2054 596 vnit
2070 570 2135 597 nos
2152 571 2224 597 non
2244 561 2382 597 servire
2401 571 2465 598 ne-

1401 634 1470 669 que
1485 624 1643 668 compati
1662 624 1817 669 corpori,
1836 623 1898 658 sed
1918 621 2083 668 abrumpi
2109 622 2167 657 vel
2194 622 2409 668 retorqueri,
2425 626 2465 659 ut

1401 693 1472 719 non
1493 695 1536 719 ex
1557 694 1661 730 aequo
1680 690 1856 730 repugnet
1879 684 1948 731 legi
1970 683 2102 719 mentis
2118 684 2174 719 lex
2202 685 2363 730 peceati,
2384 693 2466 730 quae

1401 745 1662 781 consuetudine
1687 744 1860 791 peccandi
1882 746 1916 780 in
1939 746 2110 781 membris
2129 745 2267 781 habitat
2287 747 2463 791 corporis,

1402 817 1519 852 neque
1546 807 1726 852 captivum
1758 807 1865 842 ducat
1892 806 2095 850 bominem,
2127 806 2219 842 sicut
2248 806 2383 842 Paulus
2415 806 2467 842 ait

1404 867 1521 915 (Rom.
1543 867 1625 915 vn).
1646 867 1736 911 Quia
1758 873 1878 903 autem
1900 878 1970 903 non
1991 868 2166 904 debemus
2180 878 2222 903 ex
2245 874 2320 903 toto
2334 878 2466 913 corpus

1404 930 1577 971 aversari,
1600 939 1666 964 nec
1682 934 1888 964 creaturam
1906 929 1990 964 illud
2010 929 2140 965 diaboli
2157 930 2351 971 aestimare,
2374 930 2467 964 sieut

1403 991 1549 1035 quidam
1569 996 1718 1036 putant,
1746 991 1807 1026 sed
1833 991 1986 1026 subdere
2011 991 2097 1027 illud
2122 991 2255 1032 menti,
2277 997 2467 1037 propterea

1403 1061 1474 1086 non
1504 1053 1675 1097 praecepit
1695 1057 1804 1097 caput
1829 1063 1847 1086 a
1877 1051 1968 1087 eollo
1997 1053 2178 1097 separari,
2207 1053 2314 1089 unius
2338 1054 2468 1099 quippe

1403 1111 1564 1157 ejusdem
1581 1117 1664 1149 sunt
1682 1119 1837 1159 utraque
1850 1119 2030 1149 creatura.
2052 1113 2122 1149 Sed
2140 1115 2327 1160 sequentia
2348 1115 2470 1149 videa-

1401 1185 1484 1211 mus
1502 1187 1509 1210 :
1528 1175 1574 1210 Et
1601 1181 1757 1222 asperget
1775 1175 1818 1209 de
1833 1174 2004 1220 sanquine
2019 1173 2115 1209 illius
2137 1175 2303 1219 parietem
2323 1174 2470 1217 altaris:

1401 1235 1571 1282 quidquid
1602 1241 1719 1269 autem
1749 1234 1920 1280 reliquum
1948 1234 2074 1279 suerit,
2098 1233 2203 1279 saciet
2225 1233 2398 1268 distiIIare
2424 1233 2470 1269 ad

1403 1296 1636 1342 fundamenta
1657 1295 1747 1341 ejus,
1769 1295 1851 1341 quia
1870 1305 1933 1340 pro
1950 1299 2091 1340 peccato
2110 1299 2174 1329 ese.
2201 1293 2326 1330 Paries
2346 1294 2472 1331 altaris
2519 1331 2523 1334 ,

1402 1369 1534 1404 eorpus
1555 1357 1691 1394 Christi
1715 1357 1943 1403 intelligitur,
1968 1357 2012 1393 de
2041 1367 2111 1403 quo
2133 1357 2208 1403 ipse
2233 1356 2400 1392 Christus
2419 1356 2472 1392 di-

1403 1419 1511 1455 cebat
1532 1430 1540 1453 :
1566 1417 1696 1454 Solvite
1722 1417 1885 1464 templum
1907 1418 1971 1452 laeoc
1991 1423 2022 1451 et
2047 1417 2082 1452 in
2111 1417 2223 1452 tribus
2244 1416 2365 1451 diebus
2383 1416 2471 1452 (edi-

1403 1480 1516 1527 ficabo
1544 1479 1633 1514 illud
1665 1478 1786 1526 (Joan.
1821 1478 1887 1526 ιι),
1919 1478 2193 1514 fundamentum
2225 1482 2344 1512 autem
2377 1475 2470 1521 ejus,

1405 1543 1493 1584 sive,
1527 1546 1567 1576 ut
1595 1540 1692 1576 Lxx
1721 1540 1951 1586 interpretati
1985 1544 2081 1581 sunt,
2113 1539 2237 1581 basim,
2270 1538 2368 1574 basis
2395 1538 2474 1582 ejus

1405 1603 1640 1649 Evangelium
1659 1607 1737 1644 est;
1767 1611 1854 1647 ergo
1882 1602 2081 1636 secundum
2102 1600 2338 1636 intentionem
2363 1601 2475 1637 sacri-

1405 1664 1478 1700 ficii
1497 1662 1633 1699 Christi
1661 1668 1697 1699 et
1716 1662 1933 1709 evangelicae
1952 1662 2126 1698 doctrinas=
2150 1661 2253 1708 jubet
2275 1662 2383 1698 etiam
2404 1663 2475 1702 hoc

1405 1735 1471 1770 pro
1489 1725 1647 1770 peccatis
1661 1724 1880 1760 sacrificium
1897 1722 2033 1766 offerri,
2051 1729 2199 1770 propter
2212 1723 2309 1768 quod
2323 1722 2474 1766 addidit,

1406 1789 1488 1834 quia
1508 1798 1569 1834 pro
1594 1793 1735 1833 peccato
1753 1792 1815 1822 est.
1842 1785 1937 1821 Nihil
1959 1786 2092 1831 quippe
2111 1786 2163 1821 sic
2186 1796 2205 1821 a
2227 1784 2386 1831 peccatis
2404 1783 2475 1819 eri-

1406 1860 1504 1895 pere,
1533 1849 1837 1895 quemadmodum
1861 1847 1997 1884 Christi
2026 1847 2180 1883 imitatio
2209 1852 2246 1883 et
2272 1846 2475 1883 obedientia

1409 1911 1625 1958 evangelicae
1643 1909 1927 1958 praedicationis,
1946 1913 2077 1955 potest.
2101 1908 2167 1944 Cui
2188 1908 2269 1954 quis
2288 1907 2474 1950 obediens,

1410 1972 1561 2007 alterum
1582 1972 1740 2008 adolebit
1761 1971 2036 2013 holocaustum,
2059 1975 2097 2004 ut
2122 1969 2200 2015 fieri
2219 1967 2325 2011 solet,
2353 1967 2388 2003 id
2408 1972 2474 2011 est,
2528 2016 2529 2021 1

1411 2034 1711 2078 quemadmodum
1728 2038 1870 2079 oportet
1885 2031 2135 2068 holocaustum
2155 2029 2253 2073 tieri;
2272 2030 2367 2075 quod
2380 2027 2477 2064 Lxx

1410 2093 1516 2139 plane
1533 2095 1725 2130 secundnm
1745 2096 1809 2130 hoc
1830 2094 1953 2137 edunt,
1977 2093 2013 2129 id
2030 2097 2099 2136 est,
2120 2092 2229 2128 saciet
2248 2096 2369 2127 autem
2388 2100 2479 2137 quo-

1413 2154 1519 2189 modo
1555 2154 1672 2189 debet.
1703 2155 1852 2200 Oportet
1882 2155 2014 2201 quippe
2042 2163 2125 2190 eum
2163 2153 2224 2199 qut
2255 2157 2411 2199 patrem,
2441 2155 2479 2187 et
2528 2197 2530 2201 ι

1414 2222 1583 2259 matrem,
1604 2222 1640 2251 et
1658 2215 1803 2260 fratres,
1823 2223 1858 2254 et
1877 2219 1999 2253 omnia
2018 2216 2204 2254 saecularia
2223 2215 2359 2257 renuit,
2377 2213 2480 2250 holo-

1415 2282 1580 2313 caustum
1603 2278 1701 2321 lieri,
1727 2279 1756 2314 si
1781 2279 1889 2315 modo
1908 2280 1983 2314 vult
2011 2290 2092 2315 esse
2119 2276 2342 2324 acceptabile
2369 2281 2405 2312 et
2425 2275 2480 2311 in·
2527 2295 2530 2297 ·

1415 2338 1599 2384 telligibile
1627 2339 1890 2376 holocaustum.
1920 2340 2004 2376 Haec
2025 2341 2055 2376 si
2075 2340 2206 2383 saciat,
2235 2339 2266 2376 is
2294 2337 2386 2386 [qui]
2407 2347 2479 2373 non

1414 2405 1535 2446 potest
1563 2391 1745 2446 praedictis
1778 2402 1891 2438 nodis
1922 2402 2175 2447 poenitentiam
2205 2411 2326 2445 agere,
2359 2401 2396 2436 id
2426 2403 2481 2436 est

1414 2461 1559 2509 vigiliis,
1584 2468 1619 2496 et
1635 2472 1753 2504 sacco,
1770 2467 1806 2498 et
1827 2462 1907 2497 aliis
1926 2461 2103 2497 similibus
2126 2460 2395 2503 afflictionibus,
2418 2470 2477 2495 roo
2519 2473 2523 2475 “

1415 2522 1576 2569 qubieque
1601 2534 1664 2569 pro
1684 2534 1722 2557 eo
1743 2522 1906 2557 sacerdos
1929 2521 2176 2568 intelligibilis,
2196 2526 2228 2556 et
2253 2531 2316 2567 pro
2339 2526 2490 2567 peccato·
2521 2513 2528 2516 ⁷

1415 2582 1491 2629 ejus
1511 2588 1545 2618 et
1561 2583 1758 2618 dimittetur
1775 2583 1820 2617 ei.
1842 2581 2075 2618 Admirabilis
2093 2581 2197 2616 valde
2213 2590 2300 2626 ergo
2315 2579 2412 2615 Deus
2426 2582 2482 2615 est
2522 2594 2527 2595 ff

1415 2645 1522 2691 hujus
1546 2645 1640 2679 lator
1666 2644 1775 2690 legis,
1797 2644 1860 2690 qui
1882 2644 2026 2679 veniam
2054 2648 2094 2679 ut
2119 2650 2203 2689 pote
2228 2642 2388 2679 clemens
2416 2642 2482 2678 im·
2515 2638 2523 2682 ᾗ

1414 2705 1601 2741 becillitati
1630 2706 1772 2751 generis
1791 2705 1937 2740 immani
1958 2705 2105 2747 tribuit,
2125 2709 2163 2740 et.
2181 2704 2326 2744 modum
2346 2703 2483 2749 reperit
2515 2706 2523 2713 ⁷·

1416 2776 1481 2811 per
1500 2775 1608 2811 quem
1629 2775 1699 2800 non
1728 2765 1870 2800 minora
1890 2765 2062 2810 consequi
2083 2763 2308 2800 infirmantes
2326 2762 2480 2808 possint.

1417 2826 1541 2862 Potest
1577 2827 1621 2861 de
1658 2825 1800 2871 prolato
1831 2825 2062 2870 juramento,
2097 2830 2133 2861 et
2165 2834 2231 2871 per
2264 2824 2480 2860 oblivionem
2509 2814 2514 2819 ’

1417 2885 1566 2926 omisso,
1578 2887 1615 2919 et
1625 2883 1670 2919 de
1679 2883 1860 2920 oblatione
1871 2895 1935 2930 per
1944 2885 2013 2921 hoc.
2023 2895 2124 2932 agnae
2133 2884 2210 2921 sive
2218 2891 2336 2931 caprae
2343 2881 2387 2920 de
2397 2891 2482 2931 gre·
2491 2874 2522 2923 r

1418 2945 1521 2990 gibus
1538 2944 1613 2979 sive
1634 2943 1815 2980 oblatione
1834 2950 2020 2982 turturum
2042 2946 2098 2983 vel
2117 2945 2389 2988 columbarum,
2418 2937 2506 2981 ali-vi

1419 3009 1475 3038 ter
1487 3002 1590 3047 juxta
1610 3005 1783 3040 moralem
1799 3006 2022 3042 intellectum
2039 3007 2179 3044 sentiri.
2198 3005 2271 3055 (Ex
2283 3003 2481 3054 Greqorio.)
2494 3020 2507 3053 .'

1418 3062 1669 3100 Juramentum
1694 3065 1859 3110 proferre
1878 3072 1933 3102 est
1952 3074 2036 3104 voto
2054 3076 2122 3104 nos
2145 3067 2276 3104 divinat
2295 3065 2487 3103 servituti

1419 3124 1578 3171 alligare,
1605 3131 1641 3162 et
1659 3137 1743 3162 cum
1768 3127 1863 3162 bona
1883 3137 1992 3173 opera
2017 3128 2278 3175 promittimus,
2299 3128 2392 3164 bene

1419 3186 1540 3224 facere
1567 3188 1798 3234 spondemus.
1827 3188 1916 3224 Cum
1943 3201 2030 3227 vero
2057 3191 2315 3228 abstinentiam
2341 3188 2464 3226 crucia

1422 3253 1571 3295 tumque
1601 3249 1722 3285 carnis
1752 3256 1885 3286 nostra}
1910 3261 2096 3296 vovemus,
2127 3251 2220 3290 male
2247 3250 2291 3289 ad
2319 3252 2483 3298 proesen

1421 3318 1489 3344 nos
1509 3309 1613 3344 nobis
1633 3319 1784 3354 parcere
1805 3309 1992 3357 juramus;
2019 3313 2084 3350 sed
2107 3314 2195 3359 quia
2213 3311 2334 3350 nullus
2356 3313 2395 3349 ln
2411 3312 2481 3350 hu»

1420 3492 1572 3551 peccato
1591 3496 1721 3534 agnam
1748 3487 1879 3526 offerre
1903 3492 1980 3529 sive
2006 3499 2157 3539 capram
2185 3493 2363 3541 praecipit-i
2400 3502 2433 3542 '⁵3
2456 3510 2458 3520 ·

1422 3548 1520 3585 enim
1543 3556 1610 3596 per
1625 3553 1777 3599 agnam,
1796 3548 1866 3586 nisi
1894 3552 2020 3589 activae
2036 3554 2120 3591 vitae
2136 3552 2382 3593 innocentius·
2412 3558 2447 3590 ,κ

1422 3614 1490 3659 per
1504 3614 1675 3659 capram,
1695 3614 1777 3659 quae
1794 3610 1834 3648 in
1852 3615 2003 3651 summis
2021 3624 2117 3664 ωερε
2134 3614 2299 3657 extrem
2377 3625 2384 3635 ·
2406 3623 2408 3625 ·
2429 3641 2440 3662 ·.
2458 3650 2462 3655 ,Α

1424 3667 1515 3710 dens
1529 3666 1681 3720 rupibus
1698 3670 1871 3719 pascitur,
1889 3673 1962 3710 nist
1979 3672 2349 3724 contemplativam
2454 3671 2460 3678 '

1395 3749 1411 3782 ··.,
1424 3722 1511 3776 tuit
1526 3731 1596 3791 Qui
1609 3735 1698 3796 crgo
1711 3736 1754 3772 se
1765 3732 1944 3798 wusptctt
1955 3737 2136 3795 promissa
2150 3741 2204 3778 nc,
2233 3778 2244 3784 ,
2261 3760 2274 3782 ;,
2295 3740 2313 3787 χ
2430 3733 2451 3738 ”
