2540 4016
861 110 882 120 ιν

75 269 166 305 riam
182 274 218 304 et
233 262 414 308 decorem.
445 264 548 316 Quod
569 283 656 311 vero
677 277 841 323 sequitur
857 291 866 315 ι
885 279 1014 318 Facies
1031 289 1064 319 et
1084 284 1131 330 se-

74 329 222 365 minalia
248 329 352 373 linea,
371 338 411 368 ut
434 327 592 380 operiant
621 346 761 372 carnem
790 341 1018 386 turpitudinis
1042 355 1130 388 suoe,

73 400 95 423 a
112 390 251 426 renibus
266 395 375 440 usque
393 391 440 428 ad
459 392 605 438 femina,
631 396 663 431 et
686 404 829 434 utentur
843 401 893 436 eis
910 401 1031 439 Aaron
1045 411 1076 439 et
1090 405 1132 450 fi-

71 443 112 483 lii
132 450 209 495 ejus
229 477 238 494 ,
258 442 397 497 quando
421 446 662 499 inqredientur
687 459 950 497 tabernaculum
976 465 1129 501 testimo-

70 509 133 551 nii,
155 510 207 544 vel
219 503 358 557 quando
373 515 650 562 appropinquant
666 519 713 554 ad
731 519 856 565 altare,
876 529 913 558 ut
934 525 1130 562 ministrent

68 566 105 602 in
120 571 334 611 sanctuario,
354 583 396 608 ne
414 573 609 619 iniquitatis
630 579 680 614 rei
698 582 909 618 moriantur.
935 585 990 620 Ad
1010 594 1129 623 utros-

67 638 137 672 que
155 620 260 666 simul
280 635 316 667 et
335 626 456 670 Aaron
475 625 610 673 scilicet
628 643 664 674 et
678 639 770 676 filios
794 641 884 687 ejus,
905 645 998 680 sicut
1017 647 1127 701 etiam

65 687 145 733 ipsa
165 690 276 727 verba
290 693 479 732 manifeste
496 697 664 743 probant,
682 702 855 746 pertinet,
873 705 996 751 sicque
1017 707 1069 751 fit,
1089 714 1126 744 ut

61 742 183 784 Aaron
203 750 281 796 ipse
301 755 442 792 cunctis
465 767 544 802 quae
564 768 894 800 commemorantur
914 771 996 802 octo
1017 769 1125 825 vesti-

59 805 128 844 bus
154 808 350 848 induatur:
372 811 600 855 feminalibus
616 814 783 857 videlicet
799 822 916 878 lineis,
939 827 1060 862 tunica
1082 828 1124 885 li-

59 876 145 910 nea,
180 871 301 906 tunica
332 873 579 921 hyacinthina,
613 879 912 926 superhumerali,
940 886 1119 932 rationali,

57 926 189 973 balteo,
225 932 329 978 tiara,
357 938 475 982 petalo
498 949 619 975 aureo.
648 934 730 977 Filii
752 953 837 979 vero
861 946 939 991 ejus
966 954 1121 993 quatuor

58 993 179 1027 tamen
194 1003 237 1028 ex
253 995 329 1038 his,
346 990 381 1032 id
399 1002 474 1040 est,
497 995 739 1047 feminalibus,
760 997 855 1042 linea
873 1001 996 1046 stricta
1011 1039 1020 1055 ,
1042 1013 1114 1048 cin-

55 1050 140 1094 gulo
157 1049 192 1087 e‘t
214 1051 306 1089 'tiara
329 1055 489 1093 utantur.
527 1051 660 1098 Verum
678 1065 762 1109 quia
780 1067 823 1103 de
843 1071 983 1107 caeteris
1008 1083 1116 1120 supra

54 1111 247 1147 tractatum
278 1118 345 1158 est,
378 1115 559 1155 seminalia
591 1121 669 1158 haec
698 1135 776 1170 quae
807 1129 851 1163 ad
883 1132 1115 1175 operiendam

53 1177 200 1206 carnem
227 1175 457 1219 turpitudinis
477 1178 555 1215 lieri
577 1183 808 1230 mandantur,
833 1189 929 1226 illam
951 1194 1118 1231 castimo-

52 1230 122 1267 niae
148 1234 366 1281 portionem,
394 1250 474 1286 quae
495 1242 541 1278 ab
564 1246 724 1290 appetitu
753 1251 889 1296 copula}
921 1254 1117 1302 conjugalis

51 1291 207 1336 cohibet,
229 1297 373 1342 proprie
391 1292 575 1348 designat;
597 1305 675 1342 sine
699 1319 767 1354 qua
789 1320 896 1348 nemo
919 1315 974 1350 vel
995 1327 1115 1354 sacer-

51 1346 187 1389 dotium
206 1358 406 1403 suscipere,
433 1362 489 1398 vel
511 1365 555 1399 ad
581 1359 707 1404 altaris
729 1376 848 1415 potest
875 1374 1114 1414 ministerium

50 1417 269 1460 consecrari,
288 1419 322 1454 id
343 1427 411 1464 est,
438 1423 467 1458 si
489 1435 560 1460 non
580 1433 642 1463 aut
660 1429 761 1476 virgo
778 1437 1031 1480 permanserit,
1053 1446 1115 1475 aut

48 1479 187 1520 contra,
211 1489 356 1517 uxoreae
377 1482 643 1529 conjunctionis
667 1489 805 1528 foedera
823 1495 983 1533 solverit.
1010 1499 1113 1543 Quod

46 1535 214 1573 videlicet
230 1550 341 1584 genus
359 1540 516 1588 virtutis,
538 1548 623 1584 nulli
651 1561 714 1596 per
731 1552 929 1609 legem-Dei
949 1568 1112 1596 necessa-

48 1593 104 1629 rio
122 1595 341 1643 impositum,
362 1602 423 1637 sed
442 1605 642 1643 voluntaria
666 1616 721 1646 est
747 1613 935 1652 devotione
958 1617 1109 1656 Domino

46 1655 284 1702 offerendum,
317 1661 458 1701 dicente
489 1666 566 1712 ipso
595 1670 638 1706 de
665 1671 734 1709 hoc
755 1687 763 1709 :
783 1674 865 1711 Non
900 1689 1017 1715 omnes
1050 1693 1110 1718 ca-

44 1713 145 1759 piunt
160 1717 298 1755 verbum
314 1722 407 1758 istud
424 1716 567 1768 (Macen.
589 1729 679 1777 xlx).
706 1731 760 1768 Ad
780 1738 887 1780 quam
905 1743 1027 1777 tamen
1046 1742 1108 1779 be-

43 1775 151 1822 nigna
181 1789 264 1815 mox
294 1782 546 1823 exhortatione
565 1798 626 1825 eos
646 1793 706 1836 qui
726 1797 865 1838 possint
886 1799 1029 1845 invitat,
1054 1804 1107 1839 di-

43 1846 129 1874 ceus
147 1850 155 1873 t
173 1839 243 1883 Qui
254 1849 365 1888 potest
383 1857 504 1893 capere
520 1851 647 1895 capiat.
676 1853 720 1889 Et
734 1857 841 1901 paulo
853 1867 935 1906 post
951 1863 1103 1908 eisdem,

29 1897 102 1943 =qui
127 1899 181 1934 vel
205 1912 354 1940 uxorem
384 1905 439 1942 vel
462 1908 552 1946 alios
577 1921 750 1959 cognatos
775 1922 810 1953 et
835 1914 1104 1967 implicamenta

29 1959 164 1995 *mundi
186 1960 292 2007 hujus
308 1991 316 2006 ,
344 1972 492 2013 propter
514 1971 631 2016 ipsum
658 1973 865 2022 reliquerit,
895 1985 1103 2030 centuplum

27 2020 225 2062 ,promittat
242 2023 277 2058 in
293 2024 360 2061 hac
379 2027 452 2063 vita
470 2033 657 2075 praemium
670 2063 678 2077 ‚
704 2043 740 2073 et
756 2038 790 2073 in
812 2036 942 2079 saeculo
962 2044 1096 2091 futuro,

29 2078 147 2114 witam
163 2086 345 2120 aeternam.
376 2085 477 2125 Unde
499 2098 598 2129 certe
613 2097 728 2140 gratia
746 2094 1003 2150 distinctionis,
1023 2119 1096 2145 non

27 2136 179 2184 *Moyses
205 2142 273 2179 hoc
292 2144 504 2187 indumento
528 2155 661 2192 vestire
686 2157 807 2196 Aaron
835 2169 871 2199 et
901 2160 993 2203 filios
1020 2168 1095 2214 ejus

24 2197 193 2244 fliubetur,
220 2204 312 2240 sicut
331 2207 375 2243 de
394 2209 574 2254 prioribus
598 2213 683 2254 dicit
702 2232 709 2254 :
733 2217 929 2272 Vestiesque
948 2229 1002 2265 liis
1020 2242 1095 2266 om-

25 2259 136 2295 mibus
155 2260 274 2299 Aaron
297 2266 442 2311 fratrem
467 2278 564 2309 tuum
582 2282 614 2311 et
629 2278 721 2322 filios
746 2283 821 2328 ejus
841 2297 919 2323 cum
939 2300 993 2333 eo,
1013 2292 1090 2336 sed,

25 2314 175 2364 lF'acies,
201 2323 329 2369 inquit,
354 2328 535 2372 yeminalia
558 2333 663 2381 linea,
691 2346 727 2375 ut
753 2345 911 2389 operiant
936 2360 1089 2387 carnem.

22 2378 116 2424 llpsi,
132 2381 260 2429 inquit,
282 2389 445 2432 operiant
462 2403 610 2432 carnem
625 2400 855 2447 turpitudinis
874 2418 959 2453 suae,
982 2417 1022 2447 ut
1039 2412 1091 2448 fe-

22 2441 176 2478 ·minalia
194 2447 352 2491 pontifici
364 2478 372 2493 ‚
390 2456 426 2487 et
441 2453 522 2491 liliis
540 2457 616 2503 ejus
631 2457 744 2500 facies
763 2478 771 2500 ε
791 2472 826 2502 ιιι
842 2472 1019 2510 castitatis
1034 2486 1090 2511 re-

0 2487 2 2544 ,
23 2501 146 2546 ‚ulam
167 2504 311 2544 docebis
327 2537 336 2551 ,
358 2516 395 2547 tu
414 2513 665 2556 abstinendum
683 2523 728 2559 ab
744 2536 878 2565 uxoreo
899 2534 1088 2578 complexu

0 2597 2 2604 ,
27 2561 82 2596 eis
109 2565 169 2607 qui
202 2568 404 2606 sacerdotio
430 2574 541 2611 functi
569 2587 665 2624 sunt,
694 2584 890 2624 intimabis.
917 2590 1009 2628 Nulli
1038 2599 1089 2629 ta-

0 2639 3 2674 '1
40 2631 112 2656 nen
130 2624 278 2661 violenti
299 2628 502 2674 hujusmodi
522 2640 750 2678 continentIae
762 2644 889 2692 jugum
909 2643 1083 2697 impones.

0 2708 4 2733 Ι
31 2679 100 2716 ¹§ed
130 2684 332 2732 quicunque
358 2695 564 2732 sacerdotes
595 2697 687 2744 lieri,
716 2713 757 2739 ac
784 2707 986 2747 ministerio
1009 2717 1085 2750 ser-

0 2762 4 2794 Ι
36 2740 102 2776 lire
116 2742 238 2782 altaris
254 2747 390 2793 volunt,
412 2752 479 2798 ipsi
499 2766 561 2791 sua
579 2762 705 2804 sponte
724 2775 874 2803 uxorum
892 2767 985 2807 servi
1003 2784 1084 2812 esse

3 2800 213 2849 desistant.
251 2807 343 2850 Quid
369 2812 428 2847 ubi
453 2815 684 2865 perfecerint,
713 2830 748 2860 et
776 2836 943 2875 suscepto
970 2836 1082 2871 semel

46 2919 147 2961 liaris
169 2926 246 2964 fore
263 2935 505 2980 consentiunt,
528 2939 641 2976 aderit
660 2943 717 2980 lex
735 2946 867 2993 divina,
888 2962 966 2998 quae
983 2955 1078 2992 velut
1093 2976 1130 3015 D

51 2979 190 3023 terum
206 2986 276 3026 illis
292 2991 452 3032 habitum
473 3001 721 3041 sacerdotibus
742 3017 939 3056 congruum
960 3014 1074 3062 impo-

46 3047 124 3088 tens,
142 3051 322 3094 quomodo
338 3054 458 3094 vivere
476 3060 531 3096 vel
550 3062 680 3101 docere
702 3067 870 3116 debeant,
890 3075 1074 3115 abundant

58 3105 175 3144 Stmae.

32 3180 36 3181 ⁷
60 3154 221 3216 tamque
247 3170 373 3213 laveris
406 3177 551 3218 Patrem
581 3196 660 3222 cum
688 3187 773 3235 filiis
803 3200 908 3240 aqua,

58 3219 135 3264 ’ἰὴ
160 3235 367 3274 vestimentis
388 3241 475 3284 suis,
504 3242 541 3278 id
561 3246 624 3289 est,
642 3246 735 3285 linea
755 3259 787 3287 et
807 3251 939 3302 tunica,

49 3308 52 3311 ,
96 3308 102 3316 ⁴
124 3294 304 3339 memmei
314 3300 578 3350 rationaliquo'd
587 3311 799 3359 constrinqes
814 3314 939 3363 balteo,

26 3342 31 3344 ’
59 3338 61 3342 ⁴
91 3362 97 3370 ·
150 3355 226 3388 ram
251 3349 288 3391 ἰὴ
308 3363 412 3404 caput
433 3362 531 3407 ejus,
556 3370 588 3400 et
605 3365 773 3408 luminam
791 3383 949 3413 sanctam

32 3449 37 3452 η
175 3416 207 3446 et
225 3413 341 3451 oleum
367 3420 541 3458 unctionis
566 3422 690 3470 fundes
719 3433 823 3479 super
846 3445 948 3484 caput
976 3441 1066 3487 ejus,

8 3459 9 3516 J
72 3484 77 3498 a
104 3463 106 3467 ’
122 3459 199 3505 m
217 3473 287 3509 ritu
310 3475 581 3519 consecrabitur.
609 3475 721 3525 Filios
738 3502 873 3540 quoque
890 3491 986 3534 ‘illias
1006 3512 1068 3547 ap-

6 3554 8 3557 .
57 3519 238 3586 ww}
264 3528 390 3572 Mae&
423 3537 550 3578 mutet&
579 3535 694 3592 lineis,
730 3547 912 3600 etnyesque
937 3549 1064 3603 baltea,

36 3630 42 3638 ι
148 3607 162 3639 ι,
183 3632 186 3634 ,
284 3594 335 3642 ,et
351 3591 480 3637 ffle‘ros
498 3602 590 3649 ejas,
609 3604 642 3642 et
664 3605 820 3656 impones·
840 3614 890 3651 eis
916 3619 1062 3666 mitras,-

25 3652 171 3708 *ἒ
189 3633 407 3693 &rme
433 3659 502 3697 mei
532 3659 697 3712 *etaim
725 3677 892 3720 perpetua
926 3677 1058 3725 (Emit.

38 3716 47 3751 j
96 3717 99 3722 ·
123 3705 135 3716 ”
207 3731 376 3772 ‹Ji-“was
390 3713 526 3760 item
541 3716 770 3771 feminam
785 3741 807 3772 a
825 3731 947 3786 Μοῒέἓ
965 3745 1059 3782 acci-

38 3759 41 3763 ’
199 3793 201 3795 -
320 3812 331 3823 „
363 3772 540 3822 ΑΜ
560 3777 870 3844 Ἀιῦὶῦϋὼἥὲῦί,
899 3782 1058 3848 quedfse

947 3193 1069 3237 indues

960 3265 992 3294 et
1009 3272 1070 3297 su-

958 3327 991 3355 et
1008 3333 1071 3368 po-

966 3379 1069 3428 super

81 3591 83 3593 .
171 3594 174 3598 ,
222 3588 278 3604 ,(-

240 3610 263 3622 *-

33 3905 112 4016 ἑά

711 188 1048 240 commun
1071 197 1118 242 m
1145 183 1352 245 minanti.
1381 229 1428 236 -
1453 201 1542 248 Lm.
1570 204 1630 252 iv.

2191 214 2261 273 aliti

1149 277 1184 326 Α
1200 285 1269 324 hoc
1292 299 1426 335 genere
1452 291 1660 331 ‘vestimenti
1686 296 1764 342 ipse
1788 300 1890 346 prius
1907 289 2029 342 Aaron
2047 315 2083 345 et
2099 289 2165 350 tilii
2186 316 2265 362 ejus

1203 349 1408 395 induerant,
1427 359 1464 390 et
1478 355 1530 391 sic
1545 356 1590 391 ad
1603 368 1752 396 manum
1769 360 1883 409 Moysi
1902 363 2060 411 lavandi,
2078 371 2264 423 induendi,

1200 411 1372 456 ungendi,
1391 420 1427 450 et
1445 420 1680 456 consecrandi
1698 421 1893 460 intrabant.
1920 426 1988 464 Ubi
2005 435 2042 465 et
2057 431 2126 468 hoc
2139 443 2264 476 notan-

1201 471 1300 515 dum,
1327 475 1423 518 quod
1454 485 1734 519 consecraturus
1761 494 1834 548 eos·
1852 485 2006 536 moyses,
2033 491 2152 537 primo
2178 495 2267 536 lavit

1200 542 1308 578 aqua,
1328 539 1364 570 et
1381 535 1434 571 sic
1451 533 1614 576 habitum
1634 541 1707 579 illis
1721 546 1816 582 sacri
1833 549 1969 594 gradus
1985 550 2138 598 imponit
2155 567 2164 591 :
2181 559 2267 603 quia

1198 595 1370 631 nimirum
1390 608 1541 636 necesse
1557 608 1615 638 est
1632 610 1671 640 ut
1693 607 1756 651 qui
1778 609 1822 644 ad
1848 610 2006 649 officium
2029 615 2158 655 altaris
2178 630 2265 666 pro-

1198 659 1398 696 movendus
1417 666 1488 705 est,
1511 663 1710 709 maioribus
1725 679 1764 705 se
1784 670 1889 709 solito
1913 673 2059 714 fluentis
2081 679 2263 728 lacryma-

1197 727 1276 752 rum
1292 719 1368 755 sive
1381 726 1683 770 compunctionis,
1701 734 1863 777 tempore
1877 734 2114 777 dedicationis
2124 743 2261 790 abluat,

1197 783 1236 814 ut
1254 789 1324 825 quo
1346 784 1515 820 mundior
1538 789 1582 823 ad
1601 790 1751 834 gradum
1779 790 2028 843 accipiendum
2047 808 2258 852 accesserit,

1196 848 1239 873 eo
1270 840 1466 886 perfectius
1493 855 1681 893 acceptum
1714 863 1953 895 consummet.
1994 862 2144 902 Indutus
2174 878 2260 906 vero

1194 899 1308 935 sacris
1326 903 1485 940 vestibus
1503 909 1679 953 pontifex,
1702 923 1785 949 mox
1805 915 1886 952 oleo
1907 921 2087 961 unctionis
2107 927 2259 972 profun-

1193 955 1302 1000 ditur,
1321 964 1361 994 ut
1379 971 1443 1005 per
1460 966 1615 1007 gratiam
1630 968 1787 1015 Spiritus
1803 978 1918 1013 sancti
1935 987 2161 1023 consecratio
2173 997 2258 1033 per-

1191 1015 1349 1063 ficiatur,
1369 1031 1439 1058 non
1460 1018 1555 1069 quod
1575 1038 1616 1063 ea
1635 1040 1714 1075 quae
1732 1038 1918 1078 praemissa
1939 1050 2024 1078 sunt
2044 1045 2255 1088 indumenta

1189 1077 1377 1124 virtutum,
1401 1084 1538 1131 absque
1562 1091 1680 1135 gratia
1710 1092 1774 1130 Dei
1802 1099 1982 1142 possimus
2004 1104 2160 1151 habere,
2192 1113 2256 1149 sed

1188 1139 1272 1184 quia
1299 1143 1414 1189 majus
1434 1156 1580 1185 necesse
1609 1157 1663 1187 est
1688 1156 1859 1194 auxilium
1880 1163 2007 1206 gratiae
2027 1167 2209 1207 tribuatur
2232 1184 2253 1209 a

1187 1198 1354 1246 Domino,
1373 1204 1433 1240 ubi
1452 1209 1532 1252 quis
1547 1211 1603 1246 vel
1624 1214 1794 1258 maj0rem
1814 1226 2065 1264 conscenderit
2085 1233 2251 1280 gradum,

1185 1259 1240 1295 vel
1259 1262 1498 1306 plurimorum
1519 1268 1629 1307 fucrit
1647 1276 1813 1321 regimini
1832 1283 2016 1326 praelatus.
2043 1288 2251 1332 Notandum

1184 1320 1322 1358 interea
1338 1327 1433 1370 quod
1452 1338 1533 1365 cum
1553 1331 1590 1367 in
1606 1333 1673 1370 hoc
1692 1335 1784 1374 libro
1801 1340 1930 1387 Exodi,
1954 1346 2074 1386 Aaron
2090 1359 2173 1390 octo
2190 1367 2252 1393 ve-

1183 1380 1298 1418 stibus
1313 1383 1517 1425 induendus
1529 1400 1727 1440 asseratur,
1743 1399 1886 1438 videtur
1900 1404 1936 1439 in
1953 1406 2112 1448 Levitico
2127 1416 2249 1453 addita

1182 1447 1218 1476 et
1248 1444 1402 1481 notitia:
1421 1448 1563 1487 balteus
1589 1454 1755 1493 videlicet
1779 1471 1850 1506 quo
1874 1463 1967 1502 linea
1991 1468 2100 1508 fuerit
2124 1478 2249 1514 tunica

1181 1506 1265 1537 ante
1294 1503 1458 1543 indutam
1484 1509 1754 1553 hyacinthinam
1787 1526 1994 1566 praecincta.
2029 1531 2090 1570 Sic
2111 1539 2247 1575 etenim

1179 1562 1352 1607 scriptum
1371 1573 1427 1602 est
1448 1578 1458 1603 :
1478 1567 1634 1618 Cumque
1657 1575 1795 1615 lavisset
1811 1593 1882 1627 eos,
1902 1589 2032 1625 vestivit
2047 1596 2246 1641 pontificem

1177 1622 1347 1659 subucula
1375 1625 1466 1679 linea
1480 1656 1488 1671 ‚
1517 1634 1701 1681 accinyens
1720 1650 1798 1676 eunt
1821 1643 1947 1690 balteo,
1969 1657 2002 1684 et
2022 1652 2170 1692 induens
2190 1665 2245 1693 tu-

1177 1681 1291 1717 nicam
1312 1684 1589 1736 hyacinthinam,
1619 1703 1651 1731 et
1675 1699 1824 1747 desuper
1859 1706 2040 1747 humerale
2062 1715 2243 1766 imposuit,

1174 1743 1268 1787 quod
1295 1745 1468 1793 stringens
1492 1752 1654 1798 cinqulo,
1682 1764 1812 1806 aptavit
1846 1769 2027 1808 rationali.

1173 1805 1425 1855 modocunque
1444 1812 1514 1850 hoc
1541 1814 1675 1855 factum
1699 1822 1822 1870 fuerit,
1851 1838 1950 1874 patet
1978 1838 2170 1878 manifeste
2195 1855 2239 1882 ex

1173 1864 1226 1898 eis
1244 1876 1322 1910 quae
1337 1871 1528 1915 explanata
1549 1884 1645 1921 sunt,
1671 1881 1785 1928 figura
1801 1891 1950 1928 vestitus
1971 1894 2236 1942 intellectualis,

1173 1921 1307 1961 Verum
1337 1930 1421 1973 quia
1455 1933 1498 1969 de
1532 1936 1655 1975 habitu
1684 1947 1899 1986 sacerdotali
1924 1963 2116 2000 sequentes
2142 1963 2237 2002 dicta

1169 1990 1326 2031 patrum,
1343 1989 1502 2029 breviter
1515 1996 1583 2033 ista
1600 2006 1892 2055 perstrinximus,
1914 2020 2113 2057 notandum
2132 2032 2236 2069 puta-

1170 2047 1288 2086 vimus
1302 2055 1337 2085 et
1352 2051 1433 2097 hoc,
1452 2058 1538 2102 quid
1556 2068 1711 2105 quatuor
1729 2067 1779 2104 illi
1795 2071 1936 2111 colores
1952 2078 2075 2116 eximii
2093 2083 2137 2119 de
2154 2086 2233 2130 qui-

1118 2073 1147 2123 c
1166 2109 1236 2146 bus
1250 2111 1367 2149 factus
1390 2121 1458 2161 est,
1485 2120 1633 2159 totidem
1653 2126 1841 2168 elementis
1860 2144 2016 2184 congrua
2042 2151 2231 2191 compara-

1166 2170 1263 2209 tione
1281 2184 1438 2224 aptatur,
1459 2181 1589 2228 byssus
1617 2187 1694 2223 sive
1721 2189 1850 2238 linum,
1876 2202 1982 2236 terrae
2005 2205 2102 2249 quod
2118 2215 2163 2243 ex
2185 2217 2230 2246 ea

1163 2243 1376 2284 nascuntur,
1395 2253 1568 2290 purpura,
1590 2250 1709 2295 aquis,
1729 2256 1824 2299 quod
1841 2267 1886 2294 ex
1900 2263 2050 2301 marinis
2071 2270 2230 2318 conchy-

1162 2292 1220 2330 liis
1238 2298 1409 2346 tingatur‚
1432 2305 1649 2352 hyacinthus
1677 2318 1711 2348 et
1739 2325 1879 2362 coccus,
1906 2323 1981 2358 aeri
2008 2331 2044 2362 et
2068 2328 2155 2375 igni,
2180 2333 2227 2369 oh

1161 2356 1294 2394 coloris
1323 2363 1612 2416 similitudinem,
1635 2384 1838 2426 coccusque
1863 2382 1973 2422 fuerit
1994 2389 2049 2425 bis
2077 2392 2223 2438 tinctus,

1160 2423 1203 2451 eo
1226 2421 1319 2462 quod
1347 2422 1439 2469 ignis
1466 2432 1609 2474 gemina
1641 2436 1687 2471 sit
1713 2439 1845 2478 virtute
1869 2448 2225 2493 praeditus21ucendi

1158 2475 1323 2514 videlicet
1339 2486 1375 2516 et
1391 2483 1593 2525 incedendi.
1625 2493 1806 2543 Aiuntque
1833 2502 1998 2550 Hebraei,
2028 2512 2113 2555 quia
2141 2514 2222 2553 ideo

1155 2536 1318 2580 pontifex
1343 2544 1503 2581 omnium
1530 2548 1680 2595 liguram
1703 2556 1964 2600 elementorum
1996 2567 2033 2602 in
2059 2580 2125 2607 suo
2155 2574 2220 2610 ha-

1155 2596 1231 2632 bitu
1256 2606 1464 2649 gestaverit,
1494 2611 1578 2655 quia
1603 2624 1676 2651 non
1702 2618 1817 2656 solum
1842 2633 1909 2669 pro
1933 2627 2062 2674 lsrael,
2092 2635 2156 2670 sed
2181 2643 2221 2674 et

1153 2667 1219 2703 pro
1247 2664 1345 2698 omni
1373 2670 1508 2706 mundo
1530 2673 1743 2724 immolans,
1770 2693 1899 2729 rogare
1922 2689 2096 2731 debuerat
2114 2709 2121 2731 τ
2138 2701 2217 2745 qui-

1152 2716 1220 2753 bus
1238 2731 1304 2757 nos
1323 2734 1394 2761 non
1423 2728 1620 2778 incongrue
1645 2737 1740 2776 forte
1764 2744 1896 2782 addere
1924 2750 2098 2798 valemus,
2129 2759 2215 2803 quid

1151 2776 1189 2812 in
1214 2791 1285 2817 uno
1306 2794 1448 2833 quoque
1472 2792 1674 2842 hominum,
1698 2801 1812 2848 figura
1838 2810 1997 2847 omnium
2018 2815 2214 2857 elemento-

1150 2845 1229 2876 rum
1244 2848 1468 2886 continetur:
1481 2852 1577 2900 lgnis
1593 2858 1627 2893 in
1648 2860 1780 2907 calore,
1797 2869 1892 2906 aeris
1906 2870 1941 2906 in
1955 2872 2083 2920 halitu,
2099 2889 2213 2926 aqua-

1148 2914 1227 2940 rum
1244 2906 1279 2941 in
1299 2908 1464 2955 humore,
1484 2919 1588 2952 terrae
1602 2919 1638 2954 iu
1655 2921 1733 2967 ipsa
1747 2926 1934 2967 soliditate·
1948 2937 2207 2979 membrorum.

1150 2964 1251 3002 Unde
1274 2975 1311 3005 et
1337 2981 1356 3005 a
1387 2973 1607 3024 physiologis
1629 2980 1753 3020 Graece
1782 2988 1890 3026 homo
1911 2995 2155 3046 μικρόκοσμος,
2174 3004 2211 3040 id

1146 3030 1201 3059 est
1231 3028 1350 3065 minor
1377 3036 1531 3072 mundus
1562 3048 1722 3079 vocatur.
1761 3047 1852 3091 Quid
1871 3058 1907 3088 et
1929 3056 1960 3090 si
1986 3066 2116 3097 aurum
2137 3073 2208 3111 quo

1144 3083 1182 3119 in
1208 3088 1332 3124 eodem
1354 3091 1491 3137 habitu,
1506 3096 1610 3142 juxta
1628 3101 1722 3141 hanc
1737 3106 2008 3158 intelligentiam
2028 3120 2206 3166 significet

1144 3147 1288 3190 quaeris,
1311 3151 1561 3194 rationabilem
1585 3159 1622 3195 in
1648 3172 1692 3198 eo
1722 3165 1876 3208 interius
1902 3174 2059 3214 hominis
2090 3181 2204 3219 virtu-

1143 3209 1215 3249 tem
1245 3208 1427 3257 intellige:
1449 3218 1543 3254 unde
1567 3227 1603 3257 et
1626 3223 1663 3260 in
1695 3235 1738 3262 eo
1771 3233 1916 3277 proprie
1939 3242 2102 3272 sanctum
2130 3239 2202 3277 Do—

1141 3267 1228 3303 mini
1249 3271 1420 3317 scriptum
1439 3283 1507 3322 est,
1533 3282 1617 3327 quia
1635 3296 1706 3322 non
1731 3289 1800 3325 nisi
1827 3301 1893 3336 per
1914 3295 2019 3338 hanc,
2047 3298 2200 3345 quisque

1138 3326 1183 3362 ad
1199 3331 1439 3375 cognitionem
1458 3339 1511 3374 sui
1530 3344 1726 3382 conditoris
1749 3352 1923 3388 ascendit.
1957 3354 2049 3390 Hinc
2061 3359 2196 3396 etenim

1138 3387 1224 3424 dicit
1247 3390 1441 3438 Apostolus
1464 3399 1537 3436 :In
1563 3402 1726 3440 interiore
1747 3408 1886 3445 homine
1911 3412 2071 3452 habitare
2098 3417 2197 3457 Chri·

1135 3455 1227 3486 stum
1255 3464 1320 3500 per
1341 3455 1447 3501 fidem
1475 3460 1514 3495 in
1539 3463 1700 3500 cordibus
1726 3469 1855 3505 nostris
1884 3469 2027 3519 (Ephes.
2051 3478 2121 3526 ιιι).
2146 3481 2194 3520 Et

1134 3498 1217 3547 ideo
1239 3514 1344 3550 nobis
1370 3518 1547 3565 scriptura
1572 3523 1779 3567 pontificem
1807 3528 1948 3570 Veteris
1971 3534 2194 3580 Testamenti

1132 3570 1186 3606 sic
1210 3572 1377 3610 vestitum
1397 3579 1592 3623 respondit,
1615 3588 1654 3617 ut
1672 3584 1764 3622 sciat
1781 3592 1896 3628 nostri
1913 3599 2190 3647 temporispon'*

1132 3622 1219 3666 tifex
1244 3641 1311 3677 pro
1341 3631 1417 3671 toto
1447 3646 1487 3673 se
1512 3649 1646 3685 genere
1671 3643 1852 3694 humano,
1876 3656 2035 3695 maxime
2064 3666 2188 3702 nutem

1128 3700 1195 3736 pro
1210 3691 1263 3727 eis
1285 3693 1347 3738 qui
1367 3705 1612 3743 cognoverunt
1637 3705 1839 3754 veritatem,
1862 3713 2080 3765 signumque
2099 3720 2185 3764 fidoi

1126 3740 1223 3786 illius
1240 3750 1278 3787 in
1293 3742 1414 3791 fronte
1432 3763 1590 3805 portant,
1608 3762 1834 3816 intercedere
1849 3772 1993 3829 debere,
2012 3776 2184 3826 Apum

1126 3800 1342 3851 admonente
1371 3826 1414 3853 ac
1439 3817 1580 3860 dicente
1599 3836 1608 3860 :
1628 3815 1779 3872 Obsecro
1803 3832 1911 3879 igitur
1929 3838 2082 3884 primum
2106 3854 2181 3883 om-

1136 1186 1168 1225 B
