2540 4016
63 243 67 246 ,
123 202 194 240 595

594 201 952 240 ENARRATIONES
975 201 1024 239 IN
1048 203 1228 242 LIBRUM
1252 201 1566 241 NUMERORIJM.
1591 225 1640 233 —-
1661 206 1748 243 LlB.
1773 209 1802 244 1.

2233 219 2305 255 59⁴

123 278 160 314 in
179 283 336 325 utroque
369 288 456 316 sexu
487 283 523 314 et
539 277 638 314 omni
674 282 780 314 aetate
799 287 927 314 curam
953 286 1097 323 gerens,
1122 289 1181 315 se-
1197 282 1234 321 A
1249 279 1359 316 etiam
1380 278 1561 315 virulenta
1576 280 1754 316 vitiorum
1765 281 1900 327 jacula,
1919 294 2050 332 eorpus
2070 299 2175 327 suum
2195 293 2306 329 casti-

122 338 278 374 cundum
298 338 518 375 voluntatem
539 338 603 373 Dei
623 337 808 384 regiminis
831 337 997 373 ordinem
1016 338 1087 374 rite
1100 348 1178 374 ser-

121 410 207 436 vare
236 401 349 437 novit.
372 399 417 435 ln
451 400 543 436 tribu
569 410 706 447 quoque
743 397 888 435 Simeon
913 399 1074 446 princeps
1101 406 1178 435 erat

121 459 294 498 Gamaliel
311 461 408 508 filias
429 461 653 498 surisaddai.
671 461 718 497 Et
732 461 821 508 quid
838 461 875 496 in
900 460 1085 505 simeone,
1107 462 1171 508 qui

121 521 383 568 interpretatur
414 521 597 558 exauditio
619 548 628 565 ‚
657 522 730 558 nisi
767 522 910 559 devotio
933 523 1106 559 Ecclesiae
1130 525 1175 560 de

119 583 286 628 gentihus
313 583 538 629 exprimitur,
572 583 615 619 de
634 594 706 630 qua
736 584 911 621 Dominus
941 594 1006 630 per
1023 586 1178 631 prophe-

118 648 192 677 tam
206 642 296 677 dixit
313 653 322 676 :
341 640 500 688 Populus
525 655 628 690 quem
647 655 718 679 non
741 645 886 691 coqnovi
913 645 1052 681 servivit
1073 646 1174 689 milti,

116 705 155 738 in
182 703 306 738 auditu
324 704 421 738 auris
453 704 601 740 obedivit
633 705 747 741 mihi?
771 705 887 752 (Psal.
921 706 1090 751 xvn.)1n
1108 707 1177 743 hac

116 773 202 810 ergo
220 763 424 799 dominatur
434 763 624 809 Gainaliel,
642 766 678 801 id
695 772 763 808 est,
775 777 846 812 pax
863 776 943 802 mea
961 767 1070 809 Deus,
1093 777 1175 803 cum

115 823 335 869 Redemptor
348 829 483 866 noster,
506 825 567 870 qui
600 825 796 861 secundum
815 824 1027 870 Apostolum
1042 830 1092 859 est
1105 836 1175 870 pax

115 890 234 919 nostra
263 889 295 918 et
323 883 404 929 fecit
440 890 589 931 utraque
618 895 727 919 unum
757 884 902 930 (Epltes.
919 882 975 930 11),
1017 888 1053 918 et
1068 883 1174 928 juxta

113 944 214 980 lsaiae
231 945 455 986 vaticinium,
477 943 768 990 multiplicabitur
783 943 859 988 ejus
893 943 1080 988 imperium
1100 969 1109 986 ,
1141 949 1174 979 et

112 1005 209 1051 pacis
227 1016 296 1040 non
314 1005 379 1039 erit
409 1004 490 1048 finis
510 1003 602 1048 (Isa.
621 1002 685 1048 ix),
706 1002 807 1047 signa
828 1002 997 1047 potentiae
1013 1012 1087 1037 suae
1108 1012 1173 1048 per

112 1066 270 1101 fidelium
297 1073 405 1099 voces
431 1068 466 1099 et
489 1073 598 1108 opera
623 1064 658 1098 in
679 1073 721 1098 ea
740 1063 913 1108 {quotidie
933 1064 1170 1100 demonstret.

109 1126 196 1161 Item
211 1125 248 1159 in
270 1123 439 1160 Simeone
452 1123 670 1169 generaliter
685 1123 803 1159 omnis
819 1123 1065 1159 obedientium
1082 1125 1171 1160 ordo

1247 340 1379 387 gando,
1396 340 1433 375 in
1464 339 1677 386 semetipsos
1703 340 1911 378 interficere
1936 347 2079 391 satagit,
2109 353 2308 389 secundum

1246 399 1334 435 illud
1353 399 1590 446 apostolieum
1603 412 1611 436 ι
1623 399 1781 446 Casape,
1803 400 1938 446 inquit,
1951 413 2200 449 corpusmeum
2215 417 2248 447 et
2267 413 2308 448 in

1245 460 1445 496 servitutem
1455 461 1653 508 subiqo:ne
1670 461 1760 507 [orte
1777 460 1858 497 aliis
1872 463 2085 508 praedicans,
2104 467 2178 512 ipse
2191 451 2310 516 repro-

1245 519 1309 555 bas
1327 520 1487 556 inveniar
1503 521 1537 568 (1
1553 521 1635 557 Gor.
1658 520 1724 568 lx).
1745 521 1792 558 In
1807 521 1900 557 tribu
1917 522 2086 559 Issachar
2106 525 2309 566 Nathanael

1244 579 1340 625 filius
1363 580 1460 617 Saar
1489 583 1649 629 princeps
1670 582 1751 628 suit.
1786 582 1954 619 Issaehar
1985 594 2139 629 merces,
2172 587 2308 626 Natha-

1244 640 1326 676 nael
1343 641 1439 677 Deus
1458 651 1561 677 meus
1577 668 1586 683 ‚
1606 646 1647 677 ut
1666 641 1795 678 domus
1814 642 1894 686 Dei,
1916 647 1953 678 et
1972 642 2068 679 Suar
2084 645 2236 690 pusillus
2249 648 2306 684 in-

1244 707 1478 748 terpretatur.
1501 702 1597 755 Ergo
1622 704 1684 749 qui
1715 704 2003 742 reminiscuntur
2018 707 2137 753 pretio
2169 712 2311 756 sangui·

1244 761 1301 797 nis
1318 761 1455 798 Christi
1473 773 1511 798 se
1536 756 1757 810 redem‘ptos,
1784 770 1822 801 et
1846 765 1882 801 in
1910 766 2017 803 bonis
2037 768 2178 804 actibus
2195 770 2253 815 pie
2273 782 2311 808 se

1243 828 1431 866 exercent,
1451 828 1492 858 ut
1508 824 1715 860 mercedem
1733 826 1769 860 in
1788 826 1956 872 supernis
1971 827 2163 873 accipiant,
2185 839 2311 866 eorum

1243 884 1414 930 princeps
1432 890 1487 920 est
1517 884 1718 921 Nathanael
1752 885 1848 922 filius
1889 886 2007 923 Suar:
2031 889 2115 934 quia
2132 889 2309 929 Dominus

1244 943 1426 986 Christus,
1454 945 1515 990 qui
1530 955 1596 991 per
1625 946 1887 983 incarnationis
1916 947 2224 994 dispensationem
2245 962 2311 997 pu-

1244 1002 1345 1037 sillus
1365 1003 1460 1039 inter
1489 1005 1657 1040 homines
1686 1006 1866 1051 apparuit,
1905 1008 2074 1055 princeps
2109 1010 2310 1048 electorum

1244 1062 1404 1097 omnium
1429 1073 1510 1099 esse
1527 1065 1810 1108 demonstratur,
1834 1068 1980 1112 quando
1997 1069 2075 1115 ipse
2091 1070 2127 1105 in
2144 1072 2203 1107 via
2221 1073 2306 1114 dux,

1243 1127 1278 1157 et
1303 1122 1339 1157 in
1363 1124 1600 1168 perventione
1623 1125 1699 1160 vita
1718 1126 1931 1163 beatissima
1950 1134 1986 1163 et
2005 1139 2147 1166 merces
2170 1131 2307 1168 felicis-

109 1186 283 1232 signatur.
300 1184 437 1221 Horum
456 1194 541 1230 ergo
557 1184 726 1230 princeps
739 1189 795 1219 est
812 1183 1000 1227 Gamaiiel,
1020 1184 1081 1229 qui
1102 1185 1171 1220 La·
1189 1188 1220 1227 Β
1241 1184 1331 1219 sima
1351 1195 1499 1220 suorum
1518 1191 1585 1221 est.
1609 1186 1699 1221 ltem
1723 1186 1891 1223 Issachar
1911 1199 1983 1224 non
2011 1190 2209 1238 incongrue
2230 1204 2306 1228 mo-

108 1249 182 1283 tine
200 1253 346 1283 resonat
366 1247 572 1283 retribuens
594 1246 681 1281 mihi
706 1247 815 1289 Deus,
833 1246 904 1289 vel,
930 1252 1093 1293 utsupra
1110 1258 1169 1293 po-

107 1309 258 1350 suimus,
279 1318 349 1354 pasc
367 1319 442 1343 mea
468 1307 561 1342 Deus
583 1306 780 1353 :filiusque
802 1312 857 1342 est
878 1306 1105 1351 Surisaddai‚
1134 1308 1170 1344 id

109 1376 165 1405 est
185 1397 194 1412 ‚
214 1369 435 1405 continentis
457 1369 502 1404 ah
536 1379 588 1411 re,
620 1379 702 1404 cum
725 1369 784 1404 ille
804 1370 867 1414 qui
895 1368 1033 1414 justam
1061 1370 1170 1405 retri-

105 1430 288 1465 butionem
327 1429 390 1464 Dei
417 1439 503 1474 erga
535 1439 661 1464 omnes
687 1429 836 1474 cogitat,
877 1429 988 1464 corde
1016 1429 1169 1475 pacifico

106 1490 336 1535 tranquillam
360 1491 472 1525 vitam
506 1500 628 1536 agens,
669 1500 778 1535 quam
810 1490 999 1525 humilitas
1032 1500 1117 1525 vera
1133 1496 1169 1525 et

106 1551 214 1585 timor
234 1550 298 1585 Dei
314 1556 501 1597 generant,
535 1551 571 1585 in
591 1555 688 1586 coetu
708 1549 869 1585 fidelium
888 1550 987 1585 omni
1016 1559 1168 1585 venera-

106 1612 203 1646 tione
226 1611 355 1657 dignus
381 1617 548 1657 apparet3
572 1612 668 1656 quia,
688 1611 791 1655 juxta
817 1611 990 1647 Veritatis
1025 1622 1165 1654 vocem,

106 1673 228 1707 Omnis
244 1673 303 1718 qui
319 1683 354 1707 se
364 1672 508 1711 exaltat,
522 1672 768 1708 humiliabitur
782 1684 794 1715 ;
813 1679 845 1708 et
860 1673 970 1719 quise
985 1672 1165 1715 humiliat,

103 1733 315 1769 craltabitar
334 1733 434 1780 (Lac.
458 1734 548 1779 xiv).
569 1733 673 1769 Tales
695 1743 780 1780 ergo
814 1742 959 1768 omnem
992 1733 1166 1768 intentio-

108 1806 190 1831 nem
215 1805 319 1831 suam
338 1796 383 1830 ad
403 1795 478 1830 Deo
502 1795 718 1840 placendum
743 1800 959 1830 convertunt
985 1821 992 1838 ,
1013 1794 1166 1840 ejusque

105 1856 312 1903 magisterio
340 1856 539 1891 seeundum
574 1856 608 1891 id
641 1857 736 1901 quod
756 1856 791 1890 in
822 1856 1019 1901 Scripturis
1051 1856 1166 1891 sacris

103 1919 319 1960 continetur,
346 1928 475 1963 parere
492 1928 531 1954 se
558 1917 774 1953 fiducialiter
788 1918 1019 1962 promittunt,
1042 1918 1164 1953 dieen-

104 1984 156 2015 tes
193 1989 274 2014 eum
307 1978 514 2024 Propheta:
534 1978 587 2012 Ad
615 1984 646 2012 te
673 1978 780 2013 levavi
812 1978 930 2013 oculos
960 1989 1070 2021 meos,
1103 1980 1164 2025 qui

102 2041 239 2076 habitas
261 2042 296 2075 in
317 2039 423 2075 coelis.
448 2040 538 2075 Ecce
555 2040 645 2074 sicut
662 2039 755 2074 oculi
782 2052 959 2076 servorum
986 2041 1022 2076 in
1049 2041 1161 2076 mani-

1240 1246 1439 1281 naehorum
1467 1252 1607 1292 protest
1631 1248 1837 1294 exprimere
1859 1260 2055 1295 personam
2076 1265 2084 1287 ε
2109 1254 2170 1299 qui
2188 1256 2306 1290 omni-

1239 1308 1307 1344 hus
1328 1309 1453 1343 mundi
1476 1309 1633 1356 negotiis
1649 1310 1795 1355 penitus
1813 1312 1959 1356 spretis,
1984 1312 2079 1349 dono
2093 1314 2155 1350 Dei
2176 1326 2303 1361 regen—

1241 1374 1289 1411 te,
1320 1369 1388 1404 hoc
1415 1375 1470 1404 est
1506 1368 1645 1415 Spiritu
1680 1375 1807 1406 sancto
1827 1376 2061 1418 protegente,
2100 1377 2306 1411 mercedem

1238 1428 1421 1464 coelestem
1446 1429 1611 1465 districta
1641 1430 1715 1466 vita
1738 1441 1780 1466 ac
1800 1433 2045 1469 coarctatione
2077 1434 2299 1481 voluptatum

1239 1496 1426 1535 quaerunt;
1448 1495 1484 1525 et
1505 1500 1656 1536 pompas
1687 1492 1812 1527 mundi
1832 1495 2045 1539 spernendo,
2072 1506 2114 1532 ea
2140 1507 2219 1542 quae
2237 1497 2304 1532 hu-

1238 1548 1336 1583 milia
1351 1555 1459 1595 atque
1470 1550 1640 1596 despecta
1651 1561 1773 1587 coram
1790 1552 1997 1590 hominibus
2015 1561 2100 1591 sunt
2115 1556 2302 1603 eligentes,

1236 1609 1310 1646 Deo
1330 1611 1396 1647 sihi
1412 1611 1564 1648 interius
1578 1613 1722 1658 plaeere
1740 1615 1900 1659 eupiunt,
1918 1615 1960 1651 In
1978 1617 2070 1652 tribu
2091 1630 2226 1665 qnoque
2235 1619 2304 1654 Za—

1237 1672 1342 1708 bulon
1361 1674 1521 1721 princeps
1539 1681 1613 1710 erat
1636 1675 1740 1710 Eliab
1765 1675 1862 1720 filias
1878 1676 2018 1712 Helom.
2039 1678 2198 1714 Zabulon
2211 1707 2219 1722 ‚
2241 1682 2303 1725 qui

1236 1733 1498 1779 interpretatur
1515 1733 1763 1770 habitaculum
1774 1734 2013 1779 fortitudinis,
2029 1737 2230 1783 principem
2245 1739 2305 1774 ha-

1235 1795 1295 1829 het
1314 1794 1430 1837 Eliah,
1450 1795 1511 1840 qui
1532 1796 1794 1841 interpretatur
1816 1796 1910 1832 Deus
1928 1807 2033 1834 meus
2058 1806 2176 1844 pater,
2194 1804 2230 1835 et
2249 1805 2305 1835 est

1235 1855 1330 1891 lilius
1340 1855 1480 1898 Helom,
1492 1856 1526 1891 id
1539 1861 1607 1898 est,
1618 1867 1773 1902 quercus
1786 1869 1793 1891 :
1807 1857 1891 1902 quia
1902 1857 2064 1893 Ecclesia
2073 1864 2211 1901 sancta,
2223 1870 2304 1905 ‹111ae

1233 1916 1477 1952 habitaculum
1499 1916 1719 1954 fortitudinis
1738 1924 1835 1954 reete
1853 1919 1922 1955 dici
1939 1924 2073 1965 potest,
2092 1920 2162 1957 hoe
2180 1926 2235 1957 est
2250 1920 2304 1955 in-

1234 1976 1332 2011 victa
1359 1977 1577 2022 perdurans,
1599 1979 1644 2013 ah
1675 1979 1857 2016 haereticis
1877 1986 1913 2016 et
1937 1982 2182 2018 schismaticis
2208 1981 2302 2017 filios

1237 2047 1322 2073 suos
1342 2042 1509 2083 potenter
1526 2038 1686 2075 defendit
1713 2051 1754 2076 ac
1776 2042 1948 2087 protegit,
1968 2042 2171 2088 principem
2191 2043 2302 2078 habet

103 2102 165 2136 bas
185 2101 408 2137 dominorum
423 2112 582 2144 suorum,
603 2107 632 2136 et
648 2101 738 2136 sicut
758 2101 850 2136 oculi
866 2101 1006 2137 ancillae
1033 2102 1071 2137 in
1088 2113 1164 2137 ma-
1185 2087 1214 2129 C
1237 2110 1345 2145 super
1360 2110 1398 2136 se
1417 2101 1553 2143 Deum;
1577 2101 1639 2147 qui
1659 2102 1768 2138 Pater
1787 2109 1843 2138 est
1861 2103 2034 2146 fidelium,
2058 2109 2095 2140 et
2111 2104 2302 2150 sempiter-

104 2163 203 2198 m'bas
219 2163 468 2205 άοηιὶηιεειια),
486 2163 534 2198 ita
548 2162 760 2198 oculinostri
781 2163 825 2198 ad
838 2163 1030 2198 Dominum
1050 2162 1163 2198 Deum

105 2228 274 2266 nostrum,
312 2223 420 2258 donec
441 2224 648 2258 misereatur
680 2224 791 2258 nostri
820 2223 934 2270 (Psal.
961 2222 1089 2270 cxxii).
1117 2223 1163 2258 In

104 2284 194 2319 tribu
214 2283 310 2318 Jada
346 2284 504 2330 princeps
523 2290 598 2319 erat
628 2283 778 2320 Naason
809 2283 905 2329 filias
947 2284 1159 2319 Aminadab.

103 2344 212 2380 Judas
229 2355 327 2390 ergo,
347 2347 391 2380 de
410 2355 482 2390 quo
499 2354 602 2391 reges
619 2345 830 2380 oriebantur
844 2350 879 2379 et
904 2344 1164 2390 interpretatur

103 2405 281 2441 consessio
301 2406 375 2441 sive
401 2405 572 2450 laudatio,
606 2406 777 2452 populum
804 2406 1095 2442 ecclesiasticum
1116 2405 1165 2441 si-

102 2467 268 2513 gnifieat;
301 2467 402 2513 cujus
428 2468 550 2515 populi
587 2474 694 2515 caput
716 2475 772 2505 est
792 2469 848 2506 leo
867 2470 910 2505 de
938 2470 1034 2506 trihu
1054 2468 1161 2510 Juda,

103 2528 204 2562 radix
225 2528 348 2570 David,
376 2529 451 2574 ipse
469 2529 606 2565 scilieet
627 2530 800 2565 Dominus
812 2528 990 2564 Christus.
1008 2528 1053 2563 Et
1070 2529 1163 2564 hene

104 2587 162 2622 ille
180 2589 332 2633 populus
347 2589 526 2624 consessio
541 2591 618 2625 sive
635 2590 794 2624 laudatio
814 2594 1057 2634 nuncupatur,
1076 2589 1162 2633 quia

105 2659 188 2684 vera
209 2650 389 2686 confessio
413 2660 526 2686 sacrae
545 2650 626 2685 [idei
647 2650 714 2685 suit
728 2650 896 2691 laudatio,
916 2650 951 2685 id
971 2655 1041 2691 est,
1060 2656 1162 2685 recta

102 2709 312 2753 praedicatio
332 2719 402 2743 non
422 2708 490 2744 nisi
512 2708 546 2744 in
563 2709 722 2744 Ecclesia
739 2708 915 2744 catholica
930 2713 998 2744 est.
1019 2707 1162 2744 Naason

103 2781 202 2816 ergo,
220 2771 279 2816 qui
302 2771 560 2816 interpretatur
575 2771 805 2816 serpentinus
818 2770 875 2806 vel
901 2771 1107 2815 augurium,
1126 2775 1163 2805 et

102 2837 158 2867 est
178 2832 271 2867 iilius
291 2831 508 2874 Aminadah,
530 2832 649 2878 populi
677 2831 845 2868 videlieet
863 2832 1067 2876 spontanei,
1088 2840 1163 2866 me-

103 2895 172 2930 rito
196 2895 271 2940 ipse
309 2894 476 2929 Salvator
496 2893 708 2939 intelligitur
724 2920 733 2936 ,
753 2893 797 2929 de
824 2892 1054 2939 patriarchis,
1087 2892 1162 2927 Deo

103 2955 226 3000 utique
242 2955 382 2990 devotis
407 2953 563 2994 famulis,
580 2953 790 2999 progenitus
811 2980 820 2996 ,
844 2953 904 2998 qui
921 2963 986 2998 per
1004 2958 1161 2988 mortem

1234 2171 1280 2196 na
1304 2167 1484 2207 potestate
1505 2162 1626 2197 omnia
1645 2163 1805 2208 disponit
1835 2169 1943 2208 atque
1968 2164 2112 2200 ordinat
2137 2172 2173 2201 et
2189 2164 2297 2211 regit.

1232 2221 1349 2258 Aliter
1367 2222 1528 2258 Zabulon
1546 2224 1758 2268 patientium
1774 2224 1925 2270 figuram
1944 2225 2148 2271 exprimere
2166 2230 2300 2271 potest,

1235 2283 1296 2329 qui
1317 2283 1362 2319 ad
1378 2283 1499 2318 omnia
1511 2294 1590 2330 quac
1606 2284 1676 2320 sihi
1694 2285 1904 2331 irrogantur
1919 2286 2082 2328 adversa,
2099 2286 2299 2322 munimine

1233 2343 1408 2378 virtutum
1438 2344 1668 2388 circumdati,
1702 2345 1826 2381 invicti
1860 2351 2108 2391 perseverant.
2138 2345 2300 2389 Quorum

1232 2405 1402 2450 princeps
1422 2412 1478 2442 est
1499 2407 1596 2442 solus
1611 2408 1721 2451 Deus,
1740 2408 1825 2454 quia
1840 2409 1918 2444 sine
1927 2408 2108 2454 ejusdono
2118 2408 2207 2443 nihil
2215 2419 2301 2454 pos-

1234 2470 1318 2500 sunt
1338 2475 1458 2510 agere,
1473 2467 1534 2501 sed
1553 2467 1672 2502 omnia
1688 2478 1753 2512 per
1764 2467 1842 2513 ejus
1850 2469 2003 2514 gratiam
2021 2473 2167 2513 sperant
2185 2478 2223 2504 se
2239 2479 2301 2504 su-

1232 2536 1359 2571 perare
1368 2536 1488 2572 posse,
1501 2527 1662 2563 dicentes
1671 2528 2041 2574 cumAp0s10102Qais
2052 2539 2114 2563 nos
2122 2528 2301 2574 separabit

1232 2598 1253 2621 a
1263 2587 1432 2621 charitate
1444 2586 1506 2621 Dei
1518 2587 1534 2621 ?
1544 2587 1724 2622 tribulatio
1736 2589 1751 2622 ?
1761 2599 1805 2622 aa
1822 2588 1985 2634 anqustia
1996 2588 2066 2623 ?an
2074 2588 2268 2634 persecutio
2280 2588 2298 2622 ?

1233 2646 1479 2691 amsamesMn
1497 2648 1637 2683 nuditas
1651 2648 1924 2695 ?anpericulam
1938 2648 2159 2695 ?anqlatlitts
2176 2647 2295 2695 (Rom.

1231 2706 1334 2753 vnl);
1353 2712 1389 2742 et
1410 2707 1504 2743 idem
1525 2720 1532 2742 :
1555 2706 1679 2743 Certus
1701 2719 1778 2743 sam
1807 2708 1899 2744 enim
1930 2709 2013 2754 qaia
2038 2719 2147 2755 neque
2178 2719 2288 2750 mors,

1233 2779 1341 2814 neque
1360 2769 1445 2811 vita,
1486 2780 1594 2815 neque
1623 2768 1752 2815 anqeli,
1777 2780 1884 2815 neque
1916 2769 2147 2815 principatus,
2182 2780 2292 2815 neque

1233 2828 1416 2874 fortitudo,
1441 2841 1550 2876 neque
1564 2830 1750 2872 instantia,
1771 2840 1879 2876 neque
1895 2829 2028 2875 sutura,
2052 2840 2160 2876 neque
2176 2829 2298 2865 altitu-

1233 2889 1291 2932 (lo,
1309 2901 1417 2936 neque
1438 2890 1671 2936 profundum,
1690 2901 1798 2936 neque
1821 2895 1983 2925 creatura
1998 2890 2069 2924 alia
2084 2889 2210 2936 poterit
2227 2900 2289 2924 nos

1233 2961 1397 2996 separare
1426 2962 1447 2985 a
1478 2950 1649 2985 charitate
1679 2950 1745 2986 Dei
1773 2962 1851 2996 quw
1887 2956 1937 2986 est
1971 2951 2009 2985 in
2034 2949 2174 2985 Christo
2205 2949 2292 2984 Jesa

102 3016 281 3052 destruxit
308 3026 391 3052 eum
411 3016 472 3061 qni
493 3015 602 3051 habet
632 3015 761 3051 mortis
791 3015 995 3060 imperium,
1033 3014 1069 3050 id
1088 3019 1157 3056 est,
1178 2992 1213 3032 D
1232 3011 1374 3059 (Ibid.).
1392 3010 1569 3046 Filiorum
1589 3017 1706 3047 autem
1725 3011 1854 3057 Ioseph
1875 3011 1917 3046 de
1927 3010 2113 3057 Ephraim,
2131 3010 2292 3056 princeps

102 3078 299 3114 diabolum.
329 3078 419 3113 Nam
439 3078 476 3113 in
513 3083 679 3124 serpente
697 3105 706 3120 ‚
726 3077 821 3113 unde
840 3077 998 3123 primum
1030 3076 1159 3112 mortis

101 3148 225 3180 eausa,
266 3138 335 3174 hoc
366 3144 421 3174 est
446 3143 646 3185 peecatum,
668 3139 704 3174 in
728 3137 970 3184 protoplastos
991 3142 1161 3183 parentes

102 3203 245 3234 nostros
271 3199 474 3245 processit,
510 3209 609 3235 mors
627 3199 704 3245 ipsa
731 3198 883 3245 figurata
911 3204 979 3234 est.
997 3198 1161 3243 Denique

102 3268 199 3295 mors
210 3258 345 3295 Christi
365 3265 402 3295 et
419 3264 554 3295 sanetae
572 3259 691 3295 erucis
709 3259 922 3306 mysterium
939 3259 983 3294 ad
1004 3258 1158 3294 salutern

100 3319 327 3355 credentium
347 3325 551 3366 praeparata
568 3325 663 3356 sunt.
676 3319 779 3356 Unde
787 3325 824 3356 et
841 3320 917 3365 ipse
932 3319 1107 3355 Dominus
1123 3319 1160 3354 in

100 3379 294 3426 Evangelio
317 3381 394 3417 ait:
417 3379 518 3417 Sicut
550 3380 688 3427 Moyses
717 3380 882 3418 exaltavit
908 3387 1101 3428 serpentem
1122 3381 1160 3415 in

101 3439 250 3484 deserto,
271 3441 322 3476 ita
337 3440 490 3477 exaltari
512 3447 646 3488 oportet
665 3441 780 3487 filiam
799 3441 965 3484 hominis,
986 3448 1022 3476 ut
1045 3440 1159 3476 omnis

100 3499 160 3546 qui
176 3500 284 3538 credit
295 3502 335 3538 in
350 3502 465 3549 ipsum
479 3513 550 3539 non
568 3508 696 3549 pereat,
716 3502 777 3538 sed
794 3501 919 3538 babeat
933 3503 1040 3538 vitam
1056 3509 1159 3536 ceter-

101 3570 183 3598 nam
216 3561 338 3611 (Ioan.
358 3562 429 3611 111).
450 3563 606 3600 Possunt
637 3569 675 3600 et
702 3562 803 3599 Iudae
833 3563 980 3599 nomine
1016 3562 1157 3598 censeri

101 3631 229 3661 munes
251 3623 314 3669 qui
336 3628 436 3661 recte
471 3624 642 3660 invocant
667 3623 811 3660 Domini
843 3632 977 3659 nomen
1000 3648 1010 3665 ,
1029 3631 1097 3657 nec
1121 3622 1158 3656 in

102 3681 214 3721 'otho
243 3683 462 3722 dissentiunt
490 3695 512 3721 a
527 3695 655 3722 norma
685 3683 768 3722 fidei
786 3683 988 3720 catholicae.
1020 3682 1160 3719 Horum

103 3743 234 3782 merito
249 3745 392 3794 Nasson
421 3748 588 3794 princeps
611 3752 668 3784 est
683 3774 695 3790 ,
727 3748 765 3784 id
801 3752 870 3791 est,
909 3746 970 3783 ille
1001 3745 1063 3792 qui
1086 3754 1159 3781 non

103 3803 223 3846 solum
250 3803 332 3859 aliis
363 3803 595 3854 praedicando
621 3809 879 3846 documentum
905 3808 1056 3854 prabet,
1096 3805 1161 3843 sed

1230 3077 1306 3107 erat
1325 3071 1509 3114 Elisama,
1540 3070 1637 3116 filius
1660 3071 1840 3106 Ammiutt.
1864 3069 1998 3116 Joseph
2028 3071 2290 3116 interpretatur

1230 3138 1478 3180 augmentum,
1493 3133 1665 3179 Ephraim
1685 3132 1836 3179 frugifer
1851 3132 1926 3169 sive
1936 3142 2116 3174 crescens,
2133 3131 2291 3166 Elisama

1230 3194 1326 3230 Deus
1344 3204 1446 3230 meus
1466 3195 1631 3238 audiens,
1653 3199 1689 3230 et
1713 3193 1855 3234 Amiud,
1877 3192 2030 3238 populus
2054 3200 2156 3226 meus
2175 3189 2290 3235 incly-

1229 3259 1302 3291 tus.
1319 3255 1413 3299 Quid
1431 3255 1611 3302 significat
1636 3253 1769 3298 Joseph
1785 3279 1794 3294 ‚
1811 3261 1856 3287 ex
1874 3261 1946 3296 quo
1964 3251 2043 3285 duae
2066 3249 2182 3284 tribus
2199 3254 2289 3284 orta:

1230 3322 1328 3359 sunt,
1345 3316 1415 3352 nisi
1433 3316 1713 3361 Redemptorem
1729 3316 1906 3352 nostrum,
1926 3310 1987 3354 qui
2004 3309 2157 3344 duorum
2177 3318 2290 3354 popu-

1228 3376 1345 3412 lorum
1363 3381 1468 3421 pater
1497 3380 1553 3410 est
1575 3386 1582 3408 :
1605 3373 1689 3418 quia
1719 3368 1903 3416 angularis
1929 3367 2021 3413 lapis
2047 3366 2165 3404 sactus
2196 3367 2287 3403 duos

1227 3438 1385 3484 parietes
1417 3446 1437 3470 e
1463 3435 1607 3470 diverso
1633 3432 1820 3468 venientes
1854 3430 1890 3464 in
1924 3428 2119 3475 semetipso
2138 3426 2288 3473 conjun-

1228 3498 1308 3541 xit;
1330 3496 1391 3532 ubi
1405 3494 1578 3540 Ephraim
1592 3492 1710 3527 minor
1727 3494 1833 3526 aetate
1841 3489 2082 3536 primogenito
2101 3487 2283 3531 Manasse,

1228 3556 1342 3602 patris
1379 3554 1528 3600 judicio,
1565 3550 1780 3594 antefertur,
1816 3549 1901 3595 quia
1932 3549 2087 3596 populus
2122 3548 2284 3596 gentilis,

1226 3618 1287 3663 qui
1329 3622 1411 3663 post
1449 3612 1755 3651 resurrectionem
1796 3610 1932 3648 Christi
1963 3616 2000 3647 et
2034 3610 2282 3646 ascensionem

1227 3677 1304 3723 ejus
1336 3677 1373 3712 in
1405 3675 1532 3719 coelos,
1552 3673 1598 3710 ad
1638 3673 1747 3710 fidem
1765 3671 1951 3716 confluxit,
1991 3671 2075 3708 fidei
2115 3671 2283 3708 ubertate

1227 3737 1502 3784 multiplicatus,
1525 3734 1656 3782 populo
1680 3732 1830 3770 ludaico
1851 3731 2056 3779 praefertur.
2092 3731 2193 3768 Unde
2211 3730 2283 3766 Do-

1228 3801 1348 3838 minus
1374 3799 1412 3836 in
1434 3796 1643 3845 Evangelio,
1661 3795 1813 3833 laudans
1827 3793 2052 3832 centurionis
2063 3791 2188 3836 fldem,
2201 3791 2252 3827 ait
2270 3801 2281 3827 t
