2540 4016
707 194 746 230 B.
773 190 944 229 RABANI
970 190 1119 229 MAURI
1147 189 1361 228 ARcmEP.

1389 187 1598 226 MOGUNT.
1627 187 1816 226 OPERUM
1841 187 1961 224 PARS
1983 186 2010 223 1.
2366 191 2436 229 nt»

287 273 391 310 inodo
408 270 593 306 exinanivit
611 268 825 314 semetipsum
856 265 971 313 (Phil.
993 265 1064 314 ul),
1094 271 1130 302 et
1157 267 1195 301 in
1224 265 1324 300 coelis
1341 266 1377 304 A
1393 265 1451 300 sit.
1471 264 1547 302 Hoc
1572 266 1668 301 enim
1686 266 1805 301 Aaron
1834 266 2092 310 interpretatur
2107 289 2117 305 ,
2146 262 2204 298 hic
2233 263 2437 310 ingrediens

288 330 429 366 mansit.
451 329 584 364 Horum
600 328 692 364 enim
711 326 796 361 fides
815 325 980 369 salutem,
999 325 1197 371 periculum
1219 323 1324 360 affert

284 390 477 436 inquisitio.
496 390 570 425 Hoc
586 398 669 434 ergo
687 386 747 431 qui
774 384 908 428 credit,
940 390 976 420 et
994 395 1064 420 non
1085 384 1228 430 quaerit,
1250 394 1322 420 non

283 449 467 491 morietur,
488 449 568 494 quia
589 448 623 481 in
641 445 739 486 nube,
762 444 899 489 inquit,
929 444 1100 489 apparebo
1119 455 1223 490 super
1243 454 1323 479 ora-

283 508 410 551 culum,
431 509 504 544 sive
518 504 814 554 propitiatorium.
833 503 935 539 Nube
951 514 1079 539 rursus
1099 504 1321 540 Dominicam

282 580 422 605 carnem
436 575 472 604 et
482 567 722 613 evangelicum
737 565 890 611 appellat
901 565 1071 608 verbum3
1086 565 1210 601 eadem
1226 566 1322 601 enim

281 629 399 665 multis
416 632 517 663 vocat
534 627 748 669 nominibus,
776 635 842 662 nec
859 631 915 662 est
931 626 1136 673 tautologia,
1155 628 1217 662 sed
1235 637 1322 672 ope-

280 689 426 725 rationis
448 699 567 724 rerum
589 698 668 733 quae
690 687 938 734 significantur
969 694 1051 733 apta
1083 688 1254 733 imponit,
1288 691 1325 722 et

280 749 457 786 distribuit
474 749 629 784 nomina.
654 749 856 794 Aliquando
874 749 969 784 enim
986 748 1149 784 velamen
1176 758 1322 784 carnem

279 811 378 853 dicit,
394 815 632 857 tegumentum
649 810 741 846 hanc
757 819 835 846 esse
851 809 1047 845 divinitatis
1062 809 1194 844 Christi
1212 808 1322 854 signi-

280 871 414 914 ficans;
440 871 626 916 aliquando
644 876 763 906 autem
789 880 910 905 arcam
937 870 1116 905 hominem
1137 869 1321 911 videlicet,

281 941 383 975 quem
406 931 478 977 ipse
493 931 661 966 Dominus
679 940 860 976 exponens
879 929 1009 965 Judaeis
1023 958 1031 972 ‚
1056 929 1164 964 dixit:
1195 927 1324 964 Solvite

279 991 437 1036 (emplum
456 991 533 1034 hoc,
554 998 586 1026 et
600 992 637 1026 in
654 991 762 1026 tribus
783 991 901 1025 diebus
923 990 1078 1025 excitabo
1099 988 1185 1023 illud
1203 987 1322 1035 (Joan.

280 1052 331 1098 ιι).
355 1052 454 1095 Quod
482 1052 612 1087 Judaeis
643 1053 889 1098 ignorantibus
914 1057 951 1086 et
981 1051 1204 1086 dicentibus:
1230 1049 1325 1092 Qua-

280 1113 440 1158 draqima
461 1118 491 1147 et
508 1124 567 1147 sex
586 1114 686 1147 annis
704 1113 915 1158 (edificatum
934 1119 983 1147 est
1008 1111 1170 1157 templum
1189 1111 1251 1146 hoc
1264 1138 1273 1153 ,
1293 1117 1325 1146 et

279 1173 314 1207 in
346 1172 453 1206 tribus
485 1173 603 1207 diebus
624 1174 788 1208 excitabis
817 1173 935 1207 illud?
961 1172 1178 1218 evangelista
1205 1172 1326 1216 expla-
1343 1159 1374 1197 Β

280 1231 390 1273 navit,
413 1232 560 1267 dicens:
583 1231 648 1267 Ille
677 1238 790 1267 autem
808 1233 941 1267 dicebat
962 1232 1004 1267 de
1019 1231 1143 1276 templo
1171 1233 1323 1277 corporis

279 1292 345 1325 sui.
367 1291 565 1336 Aliquando
582 1302 666 1327 vero
690 1293 841 1335 nubem,
864 1294 947 1338 quia
972 1293 1076 1328 nubis
1097 1303 1226 1338 corpus
1242 1292 1323 1338 qui-

280 1353 359 1388 dem
384 1359 437 1388 cst
452 1380 461 1396 ‚
489 1355 550 1389 sed
580 1355 749 1389 mundum
774 1360 809 1390 ct
830 1356 1101 1390 subsistentiam
1122 1366 1165 1390 ex
1189 1355 1324 1400 Spiritu

279 1421 401 1450 sancto
422 1416 608 1451 habentem
627 1428 635 1459 ;
665 1427 709 1452 ex
730 1417 912 1463 spiritibus
933 1418 1042 1459 enim,
1063 1418 1096 1452 id
1117 1422 1172 1453 est
1187 1417 1320 1460 ventis,

278 1476 390 1511 nubes
408 1477 616 1512 subsistunt.
639 1477 788 1522 Propter
808 1479 903 1523 quod
923 1477 998 1522 ejus
1018 1478 1269 1521 subtilitatem,
1289 1484 1325 1514 et

279 1534 470 1579 levitatem,
484 1542 589 1582 atque
606 1537 815 1573 munditiam
831 1538 939 1573 Isaias
954 1539 1146 1574 ostendens
1162 1539 1322 1575 dicebat:

280 1595 368 1630 Ecce
390 1596 554 1631 Dominus
571 1598 725 1632 ascendit
743 1609 845 1644 super
866 1598 989 1633 nubem
1009 1598 1113 1634 levem
1128 1626 1136 1641 ,
1163 1605 1194 1633 et
1213 1600 1326 1645 ingre-

280 1656 392 1691 dietur
402 1657 604 1703 AEqyptum,
617 1664 647 1693 et
665 1660 964 1694 commovebuntur
978 1659 1165 1694 simulacra
1181 1660 1326 1706 AEyypti

281 1715 368 1760 (Isa.
388 1714 437 1761 v).
454 1716 589 1752 Nubem
607 1718 770 1753 similiter
785 1729 854 1753 non
872 1719 1066 1765 incongrue
1080 1720 1326 1764 evangelicum

282 1777 498 1821 appellamus
514 1779 660 1813 verbum
673 1806 681 1821 ,
709 1780 790 1824 quia
815 1790 890 1815 mos
909 1785 963 1815 est
984 1781 1112 1816 divinae
1132 1780 1328 1827 Scripturae

283 1837 394 1871 sancti
415 1836 570 1882 Spiritus
587 1839 783 1874 doctrinam
802 1841 930 1875 nubem
951 1841 1150 1886 appellare,
1175 1842 1268 1876 unde
1292 1846 1329 1876 et

282 1896 420 1931 vineam
435 1895 636 1933 Judaeorum
657 1899 747 1934 sicut
760 1900 1018 1936 infructuosam
1034 1901 1211 1943 auferens,
1234 1902 1329 1937 dice-

281 1956 359 1991 bat:
381 1956 554 1992 Mandabo
575 1959 721 1994 nubibus
746 1971 786 1995 ne
809 1961 929 2006 pluant
950 1972 1055 2006 super
1084 1972 1160 1995 eam
1184 1962 1328 1996 imbrem

282 2014 497 2063 (lsa.v).1n
524 2018 592 2053 hac
622 2028 706 2064 ergo
737 2020 831 2054 nube
865 2020 957 2054 Deus
984 2025 1058 2054 tam
1084 2021 1121 2055 in
1142 2020 1327 2056 Dominica

282 2086 390 2111 earne
408 2087 513 2121 quam
539 2077 575 2112 in
596 2079 801 2125 evangelica
822 2080 1075 2124 praedicatione
1101 2081 1325 2123 insinuatur,
1347 2060 1376 2100 C

284 2140 319 2169 et
339 2135 427 2169 nihil
446 2136 596 2180 amplius
625 2147 824 2181 quaeramus
842 2148 907 2173 nos
927 2141 985 2184 qui
1017 2140 1150 2184 aliquid
1182 2140 1225 2175 de
1256 2140 1329 2175 Deo

285 2195 438 2230 scrutari
463 2196 648 2239 volumus,
677 2198 738 2233 sed
771 2204 941 2242 quantum
973 2200 1076 2234 nobis
1103 2201 1330 2246 evangelicus

285 2264 403 2290 sermo
424 2256 543 2298 tradit,
565 2262 697 2302 quanta
715 2267 758 2293 cx
772 2257 956 2294 Dominica
974 2268 1082 2294 carne
1098 2260 1328 2305 percipimus.

288 2313 458 2359 Sequitur
476 2328 483 2350 :
515 2315 669 2351 Vitulum
688 2318 807 2363 offeret
824 2329 885 2364 pro
905 2325 1057 2364 peccalo,
1077 2325 1108 2353 et
1128 2321 1270 2354 arietem
1294 2321 1331 2355 in

285 2373 534 2410 holocaustum.
570 2375 700 2411 Tunica
727 2377 817 2413 linea
844 2379 1027 2421 vestietur,
1052 2385 1084 2413 et
1111 2378 1331 2424 seminalibus

284 2434 382 2470 lineis
401 2436 592 2471 verecunda
612 2437 749 2473 celabit.
772 2438 972 2485 Accinqitur
993 2450 1080 2474 zona
1101 2438 1206 2481 linea,
1222 2439 1329 2484 cyda-

286 2495 348 2529 rim
364 2495 489 2531 lineam
505 2498 678 2543 imponent
695 2499 819 2544 capiti:
840 2500 913 2534 lm’c
932 2500 1023 2534 enim
1038 2500 1238 2534 vestimenta
1251 2505 1331 2535 sunt

284 2562 417 2599 sancta,
441 2558 563 2603 quibus
583 2560 715 2594 cunctis
735 2571 812 2594 cum
835 2559 925 2595 lotus
943 2560 1046 2606 suerit
1063 2561 1239 2596 induetur.
1261 2560 1332 2607 (Ea)

286 2616 432 2664 eodem.)
458 2617 667 2654 Admirabili
693 2621 818 2657 ordine
837 2621 946 2656 etiam
969 2632 1062 2657 nunc
1085 2622 1268 2668 legislator
1287 2622 1332 2658 ad

286 2685 326 2711 ea
342 2687 420 2721 quae
433 2677 559 2721 ,iuvare
572 2686 766 2724 possuntet
779 2681 878 2716 utilia
894 2691 973 2718 esse
988 2683 1187 2728 legentibus
1200 2683 1328 2729 legem,

287 2741 323 2770 et
352 2737 413 2781 qui
441 2738 646 2773 thesaurum
670 2742 894 2776 reconditum
924 2743 957 2777 in
989 2754 1029 2778 ca
1059 2749 1332 2788 perscrutantur

288 2797 413 2831 utitur.
433 2797 520 2832 Cum
539 2799 634 2833 enim
658 2799 807 2841 dixisset
826 2811 895 2836 non
915 2801 1024 2837 licere
1049 2804 1146 2837 omni
1166 2804 1273 2846 hora,
1295 2804 1332 2839 id

289 2861 343 2892 est
360 2867 431 2893 non
449 2858 635 2901 continue,
655 2860 691 2894 id
708 2865 783 2903 est,
812 2860 888 2896 sine
911 2862 1176 2899 intermissione
1193 2864 1332 2909 ingredi

289 2916 326 2949 in
347 2914 478 2951 Sancta
496 2923 713 2959 sanctorum,
737 2928 781 2953 ne
800 2918 892 2955 forte
909 2920 986 2956 sine
1010 2926 1106 2956 metu
1126 2926 1162 2956 ει
1179 2922 1331 2958 circum-

292 2975 475 3019 spectione
498 2976 542 3011 ad
559 2986 601 3011 ea
621 2986 700 3021 quae
724 2977 841 3012 divina
874 2984 956 3014 sunt
986 2989 1245 3024 praesumamus
1272 2988 1333 3018 aut
1348 2959 1384 2997 D

290 3035 522 3079 accedamus,
554 3047 619 3072 nec
643 3036 815 3081 maiorem
838 3040 1158 3083 perscrutationem
1187 3042 1333 3078 omnino

288 3095 485 3141 prohibuit,
506 3097 567 3132 sed
590 3098 731 3141 quaudo
747 3107 813 3132 nos
830 3098 911 3140 hoc,
937 3104 998 3133 aut
1020 3100 1218 3143 quomodo,
1231 3100 1334 3144 jubet

289 3155 367 3190 uti?
383 3156 523 3200 quando
541 3157 779 3202 nosmetipsos
796 3158 1063 3203 perfecerimus,
1080 3160 1155 3195 sive
1169 3170 1332 3196 consum—

291 3215 529 3259 maverimus,
551 3217 850 3261 quemadmodum
872 3228 969 3254 nunc
987 3218 1155 3262 tradidit,
1188 3220 1224 3255 id
1254 3227 1331 3264 est,

290 3285 362 3310 non
373 3276 596 3323 ingrediatur
608 3277 726 3314 Aaron
738 3278 775 3313 in
792 3284 930 3322 sancta,
939 3278 1010 3314 nisi
1028 3278 1106 3315 haec
1119 3278 1256 3315 fecerit.
1268 3279 1334 3316 Hic

291 3337 446 3372 ostendit
470 3337 553 3382 quia
578 3348 651 3374 non
674 3338 789 3375 solum
811 3349 882 3374 non
910 3338 1140 3385 frequenter,
1175 3340 1239 3375 sed
1268 3349 1336 3375 nec

291 3396 436 3431 omnino
453 3405 524 3433 non
540 3397 676 3444 ingredi
689 3398 724 3434 in
743 3398 986 3434 sublimiorem
1001 3398 1161 3435 divinam
1176 3402 1336 3435 contem-

294 3455 485 3500 plationem
502 3459 683 3505 praecepit,
698 3468 806 3504 quam
821 3464 858 3495 ει
871 3458 1062 3506 appellavit
1075 3459 1334 3502 sanctuarium,

294 3520 436 3571 utpote
452 3525 530 3560 quae
550 3517 592 3552 de
611 3518 683 3554 Deo
698 3524 765 3562 εει,
784 3519 845 3565 qui
865 3518 1021 3556 Sanctus
1037 3524 1245 3556 sanctorum
1264 3524 1334 3562 est,

294 3579 331 3610 et
349 3584 429 3611 eum
449 3577 509 3622 qui
526 3577 618 3614 bene
634 3588 677 3614 ea
691 3581 804 3617 utitur
820 3581 1034 3626 sanctificat,
1053 3581 1118 3618 sed
1133 3581 1196 3628 qui
1214 3581 1338 3628 utique

295 3633 414 3672 Aaron
432 3642 508 3680 est,
527 3637 563 3674 id
587 3643 643 3675 est
660 3640 768 3676 altam
784 3632 1096 3678 conversationem
1111 3636 1276 3686 habens3
1301 3646 1338 3679 et

297 3695 412 3740 quiin
427 3702 564 3736 tantum
582 3709 773 3748 provectus
790 3709 860 3748 est,
884 3705 1080 3742 ascendens
1103 3705 1151 3742 ad
1163 3704 1230 3742 Dei
1253 3715 1338 3742 san-

300 3753 560 3804 cunctamen,
577 3762 743 3816 naeieut
762 3762 884 3801 divina
902 3772 1002 3810 arca,
1018 3766 1238 3812 mpondere
1254 3773 1340 3812 1¹⁰⁶-

1389 324 1538 360 vitulum
1570 323 1696 361 offeret
1723 335 1789 371 pro
1819 328 1988 370 peccato,
2007 322 2174 358 videlicet
2201 323 2236 358 in
2262 325 2438 363 sacrificio

1389 385 1589 432 ingreditur
1607 386 1741 422 Christi
1758 398 1766 420 :
1793 385 1854 430 qui
1879 384 1964 429 quia
1982 393 2054 419 non
2071 383 2185 419 solum
2201 394 2267 430 pro
2282 387 2440 431 peccatis

1388 449 1523 482 nostris
1549 446 1755 481 immolatus
1783 448 1851 486 est,
1881 444 1943 478 sed
1964 448 2002 479 et
2028 443 2139 479 vitam
2165 444 2269 481 nobis
2293 449 2440 492 praestat

1388 505 1606 551 perfectam,
1634 510 1707 540 tam
1737 505 1774 539 in
1805 508 2037 548 peccatorum
2059 504 2163 539 nohis
2179 505 2440 543 ahsolutionem

1389 576 1497 610 quam
1513 566 1686 601 virtutum
1711 563 1991 610 perfectionem,
2022 563 2086 600 Dei
2112 565 2327 601 sacrificium
2353 576 2439 603 con-

1389 626 1521 671 quirit,
1549 631 1585 662 et
1612 625 1770 671 apponit.
1803 625 1911 661 Addit
1938 625 2145 672 legislator:
2173 626 2219 661 Ει
2240 627 2381 662 arietem
2403 627 2441 663 ἰὴ

1388 686 1642 729 holocaustum,
1664 686 1758 722 LXX
1778 691 1898 722 autem
1917 686 2121 735 ediderunt,
2141 687 2183 723 de
2201 687 2308 723 vitulo
2324 699 2367 723 ea:
2383 688 2442 723 bo-

1390 748 1480 783 bus:
1505 747 1589 793 quia
1610 747 1775 784 Christus
1795 757 1837 782 ex
1856 748 1971 784 bobus
1986 748 2056 784 illis
2071 750 2322 794 operatoribus
2335 749 2442 793 justi-

1390 809 1448 844 tiae
1466 809 1662 844 secundum
1683 819 1827 844 carnem
1847 808 1963 844 factus
1979 814 2057 851 εει,
2077 810 2178 845 verbi
2197 810 2309 856 gratia
2329 809 2443 845 Abra-

1390 869 1495 910 ham,
1525 868 1646 910 Isaac,
1678 869 1801 911 Jacob,
1823 869 1948 904 David.
1975 868 2065 904 Nam
2085 869 2194 906 boves
2212 869 2269 904 lex
2289 879 2351 905 eos
2379 869 2440 915 qui

1386 927 1564 973 justitiam
1587 934 1781 975 operantur
1798 930 1911 971 novit,
1927 929 2009 974 quia
2030 930 2126 969 enim
2141 929 2236 965 aries
2254 939 2297 965 ex
2315 938 2445 976 genere

1391 989 1511 1024 ovium
1525 994 1593 1033 est,
1611 995 1857 1025 verumtamen
1874 995 1927 1025 est
1943 990 2160 1035 praecipuus,
2177 995 2213 1025 et
2227 990 2344 1036 gregis
2359 990 2442 1031 dux,

1393 1055 1489 1084 recte
1507 1049 1687 1093 significat
1711 1049 1906 1092 Christum,
1933 1050 1992 1094 qui
2021 1055 2076 1085 est
2098 1060 2140 1085 ex
2162 1060 2280 1085 massa
2307 1056 2445 1092 nostra,

1393 1111 1455 1145 sed
1475 1111 1676 1156 praecipuus
1698 1117 1734 1147 et
1754 1111 1932 1147 excellens
1953 1121 2019 1146 nos
2033 1137 2042 1153 ,
2070 1115 2106 1145 et
2126 1111 2197 1146 dux
2216 1111 2359 1156 generis
2377 1111 2446 1145 hu-

1394 1172 1490 1207 mani
1510 1177 1617 1217 atque
1634 1181 1698 1208 tex
1725 1176 1792 1207 εει.
1814 1171 1853 1206 In
1872 1172 1959 1212 hoc,
1981 1170 2017 1206 id
2044 1176 2099 1206 est
2120 1171 2157 1205 in
2185 1170 2351 1212 Christo,
2371 1170 2448 1205 vult
2534 1169 2540 1218 f

1392 1241 1458 1267 nos
1479 1231 1618 1276 ingredi
1634 1231 1670 1266 in
1689 1236 1832 1273 sancta;
1851 1230 1993 1265 initium
2014 1230 2110 1265 enim
2127 1230 2170 1267 de
2190 1229 2264 1264 Deo
2280 1229 2449 1274 loquendi

1393 1292 1559 1327 Christus
1579 1298 1634 1327 εει
1655 1296 1691 1327 ει
1708 1290 1786 1337 ejus
1805 1292 1938 1337 passio,
1955 1301 2034 1336 quae
2055 1291 2082 1326 si
2109 1300 2180 1325 non
2201 1296 2280 1326 acta
2302 1289 2448 1332 fuisset,

1394 1358 1429 1388 et
1449 1358 1521 1388 tam
1538 1363 1759 1399 paganorum
1782 1362 1848 1388 nos
1865 1362 1988 1387 errore
2002 1379 2010 1394 ,
2028 1362 2135 1396 quam
2151 1350 2196 1385 ab
2211 1351 2338 1386 umbra
2361 1350 2450 1396 legis

1393 1421 1429 1450 et
1445 1415 1598 1461 caligine
1617 1415 1820 1456 liberasset,
1845 1424 1913 1449 nos
1944 1413 1988 1448 de
2013 1413 2131 1448 Patris
2150 1413 2333 1447 divinitate
2352 1410 2449 1457 loqui

1393 1475 1828 1520 minimepotuissemus:
1857 1473 1969 1508 Nemo
1997 1473 2087 1507 enim
2119 1472 2182 1507 scic
2212 1470 2354 1506 Patrem
2383 1470 2450 1505 nisi

1395 1534 1535 1570 Filius:
1561 1541 1592 1570 et
1607 1536 1663 1570 cui
1678 1535 1823 1570 voluerit
1852 1533 1968 1569 Filius
1987 1533 2137 1568 revelare
2166 1531 2273 1577 (Luc.
2294 1531 2350 1578 x).
2379 1530 2451 1567 Sed

1395 1597 1558 1642 quisquis
1594 1597 1637 1632 de
1661 1597 1733 1631 Deo
1762 1595 1947 1631 locuturus
1970 1600 2026 1631 est
2047 1599 2083 1629 et
2102 1594 2233 1629 intueri
2252 1593 2386 1636 Deum,
2414 1593 2450 1628 in

1396 1663 1569 1702 quantum
1588 1657 1758 1703 possibile
1778 1661 1835 1693 est
1859 1656 2087 1699 hominibus,
2105 1655 2201 1698 vult,
2223 1664 2372 1690 neccsse
2396 1659 2452 1690 est

1395 1724 1434 1754 ut
1452 1719 1619 1754 omnibus
1633 1718 1826 1754 virtutibus
1839 1722 2011 1754 armetur.
2028 1717 2182 1752 Attende
2197 1721 2233 1752 et
2246 1717 2314 1752 hoc
2327 1726 2435 1761 quem
2534 1742 2540 1759 ,

1397 1780 1589 1815 admodum
1616 1779 1847 1826 approbavit;
1871 1779 2022 1814 virtutes
2048 1778 2142 1813 enim
2169 1782 2323 1822 quatuor
2340 1785 2450 1823 genem

1398 1842 1493 1877 rales
1516 1848 1620 1885 sunt,
1645 1841 1807 1886 justitia,
1839 1841 2000 1883 castitas,
2032 1840 2228 1880 fortitudo,
2260 1839 2449 1884 sapientia.

1397 1900 1605 1946 Propterea,
1623 1901 1753 1946 inquit,
1775 1901 1891 1935 tunica
1906 1899 1997 1934 linea
2015 1899 2194 1940 induetur,
2215 1898 2251 1934 id
2266 1903 2332 1940 cst,
2346 1896 2452 1942 justi-

1398 1961 1500 2004 tiam,
1525 1962 1619 1997 unde
1638 1962 1811 2006 scriptum
1830 1966 1908 1996 est:
1946 1959 2151 1995 Sacerdotes
2181 1959 2231 1994 lui
2257 1958 2452 1993 induantur
2534 1980 2540 2010 3

1393 2022 1566 2067 justitiam
1582 2021 1696 2069 (psal.
1707 2022 1844 2059 cxxxii.
1855 2021 2025 2057 Inductur
2039 2027 2076 2055 et
2089 2018 2316 2056 feminalibus
2330 2017 2436 2054 lineis
2441 2043 2453 2062 ,

1399 2084 1467 2118 hoc
1495 2088 1562 2124 cst,
1585 2084 1764 2126 castitate,
1790 2084 1965 2119 vestietur
1991 2092 2095 2124 zona,
2117 2091 2180 2126 per
2200 2089 2327 2115 zonam
2354 2079 2451 2114 enim
2530 2015 2540 2168 1

1399 2143 1571 2179 fortitudo
1597 2144 1821 2188 intelligitur.
1858 2145 1960 2180 Unde
1990 2144 2034 2179 ad
2055 2142 2121 2178 Job
2142 2142 2313 2177 Dominus
2338 2139 2450 2175 dicit:
2534 2170 2540 2187 4

1398 2204 1546 2248 Accinqe
1564 2204 1653 2237 sicut
1670 2205 1721 2238 vir
1747 2204 1878 2239 lumbos
1896 2216 1977 2240 suos
1999 2204 2093 2250 (1012,
2115 2201 2282 2248 xxxviii).
2301 2201 2370 2236 Per
2387 2211 2451 2247 cy-

1399 2262 1514 2297 darim
1534 2272 1687 2307 quoque,
1706 2274 1785 2308 quae
1807 2264 2054 2300 indumentum
2076 2263 2203 2309 capitis
2223 2267 2292 2304 εει,
2318 2259 2450 2296 ἰιιιεΙΙί-

1399 2323 1493 2368 gitur
1507 2322 1622 2358 modis
1636 2323 1801 2359 omnibus
1817 2325 1991 2369 sapientia
2004 2335 2013 2367 ;
2030 2323 2165 2359 namin
2180 2322 2296 2368 capite
2312 2321 2453 2367 sapien-

1400 2382 1457 2417 tiae
1475 2391 1555 2417 esse
1578 2392 1753 2428 organum
1773 2394 1844 2418 non
1859 2385 2081 2429 ignoramus,
2102 2383 2197 2427 quod
2214 2388 2249 2418 et
2263 2383 2452 2418 cerebrum

1400 2443 1543 2486 dicitur,
1562 2443 1656 2478 unde
1677 2448 1713 2478 et
1732 2443 1827 2478 omni
1854 2448 1909 2478 est
1923 2442 2172 2478 honorabilius
2190 2451 2355 2487 corpore.
2383 2441 2453 2476 Sed

1399 2509 1434 2539 et
1449 2503 1525 2538 haec
1540 2503 1661 2538 omnia
1675 2503 1770 2538 linea
1783 2513 1862 2538 esse
1878 2508 2069 2548 propterea
2084 2502 2267 2547 praecepit,
2283 2507 2322 2537 ut
2335 2506 2455 2537 osten-

1399 2564 1500 2598 deret
1514 2563 1686 2598 virtutum
1707 2562 1915 2598 facilitatem
1929 2569 1965 2598 et
1981 2563 2134 2598 celerem
2155 2562 2452 2606 conquisitionem

1398 2623 1453 2658 vel
1471 2623 1626 2659 habilem
1647 2628 1857 2669 gratamque
1882 2623 2095 2669 adipiscenti
2127 2632 2219 2664 csse,
2241 2622 2334 2657 sicut
2355 2626 2391 2657 et
2410 2632 2453 2657 ca

1399 2695 1477 2730 qnae
1498 2685 1590 2720 linea
1610 2689 1692 2720 sunt
1706 2685 1862 2730 corpori.
1882 2684 1972 2728 Quia
1995 2685 2104 2720 etiam
2126 2694 2208 2720 cum
2225 2683 2389 2719 sublimis
2407 2683 2454 2719 sit

1399 2747 1622 2780 conversatio
1639 2755 1778 2786 earum,
1794 2750 1914 2789 potest
1931 2755 2010 2780 esse
2028 2745 2064 2780 in
2081 2744 2202 2785 terris,
2216 2753 2367 2788 quarum
2384 2743 2454 2777 sin-

1399 2806 1480 2852 gula
1497 2806 1534 2840 in
1547 2805 1658 2840 linum
1675 2805 1915 2850 proveniunt,
1936 2805 2031 2850 qnod
2050 2804 2161 2840 altum
2187 2803 2330 2849 quidem
2357 2801 2453 2837 cala-

1399 2875 1498 2900 mum
1515 2865 1638 2906 habet,
1660 2864 1723 2899 sed
1750 2864 1900 2900 multum
1918 2875 1938 2899 a
1958 2870 2054 2900 terra
2079 2863 2259 2905 ascendit,
2278 2861 2453 2907 facileque

1401 2923 1548 2968 congrui
1567 2927 1685 2967 potest
1700 2922 1808 2957 etiam
1829 2933 1849 2958 a
1869 2924 2098 2969 pauperibus,
2123 2927 2159 2958 et
2177 2922 2211 2958 ei
2228 2921 2289 2967 qui
2313 2921 2381 2956 hoe
2399 2920 2454 2955 in·
2514 2926 2516 2931 '

1402 2980 1532 3015 duetur
1556 2986 1744 3026 acceptum
1763 2987 1974 3028 gratumque
1997 2989 2071 3024 est,
2108 2982 2201 3019 sicut
2232 2991 2340 3027 supra
2359 2980 2454 3015 dixi-

1402 3051 1507 3083 mus;
1536 3046 1747 3076 aestuantem
1775 3043 1884 3078 etiam
1913 3043 2118 3090 refrigerat,
2151 3043 2214 3078 sed
2242 3046 2278 3076 et
2307 3041 2344 3076 in
2373 3039 2454 3086 gelu

1400 3099 1522 3143 fovet3
1546 3102 1641 3146 quod
1667 3107 1722 3138 est
1744 3103 1889 3138 virtutis
1915 3103 2126 3148 proprium,
2160 3111 2239 3148 quae
2265 3099 2456 3146 refrigerat

1403 3160 1548 3204 quidem
1566 3161 1602 3196 in
1617 3167 1706 3197 aestu
1724 3162 2109 3207 concupiscentiarum,
2129 3162 2166 3197 in
2186 3160 2318 3206 frigore
2334 3162 2453 3194 autent

1402 3224 1641 3259 tentationum
1659 3223 1843 3267 calefacit,
1859 3229 1967 3268 atque
1982 3225 2027 3259 ad
2045 3223 2160 3259 zelum
2178 3222 2304 3268 erigit,
2323 3226 2361 3257 ει
2381 3229 2454 3255 ιιοιι

1402 3284 1579 3328 permittit
1595 3284 1721 3319 sentiri
1734 3289 1998 3327 persecutores.
2030 3282 2103 3318 Sed
2118 3288 2159 3317 ut
2175 3293 2248 3318 non
2271 3282 2382 3318 etiam
2398 3290 2456 3316 sa·

1402 3341 1489 3377 lutis
1505 3341 1635 3386 perdas
1653 3341 1863 3386 capitulum,
1880 3341 1976 3386 quod
1987 3345 2044 3376 est
2061 3341 2259 3386 baptisma,
2278 3350 2347 3376 uec
2359 3339 2456 3376 aesti-

1403 3411 1482 3438 mes
1510 3402 1576 3437 tibi
1605 3400 1769 3437 sufficere
1794 3400 1946 3436 virtutes
1977 3399 2056 3436 sine
2083 3399 2179 3436 dono
2206 3398 2451 3445 baptismatis,

1405 3461 1564 3498 addidit:
1592 3459 1679 3497 Hoec
1705 3461 1796 3496 enim
1825 3465 1906 3495 sunt
1933 3461 2134 3495 vestimenta
2158 3464 2300 3502 sancta,
2330 3458 2455 3504 quibus
2490 3503 2491 3506 Ἰ

1405 3521 1538 3558 cunctis
1548 3531 1627 3556 cum
1637 3520 1727 3556 lotus
1741 3519 1848 3566 fuerit
1856 3519 2034 3555 induetur.
2051 3518 2123 3567 (Ex
2135 3517 2284 3566 eodem.)
2298 3518 2457 3555 Lavatur

1403 3590 1510 3618 omne
1529 3589 1660 3626 corpus
1676 3589 1742 3627 per
1756 3589 1887 3625 aquam
1902 3579 2143 3625 baptismatis,
2161 3579 2246 3626 quia
2262 3583 2379 3616 totum
2391 3585 2456 3614 uo-

1404 3646 1521 3677 strum
1550 3639 1668 3684 lavat,
1690 3643 1729 3676 et
1754 3642 1906 3675 renovat
1926 3638 2122 3675 hominem.
2152 3639 2246 3686 Ergo
2275 3635 2455 3684 baptizari

1405 3705 1547 3750 oportet
1561 3700 1679 3757 prius,
1697 3705 1735 3737 et
1749 3709 1795 3736 ex
1813 3709 1905 3747 aqua
1925 3700 2091 3747 generari
2111 3709 2154 3737 ac
2173 3696 2471 3748 Spiritmneffl'ffl

1405 3761 1588 3810 praedictis
1603 3760 1798 3799 virtutibus
1813 3760 1930 3806 indui,
1948 3765 2056 3808 atque
2072 3760 2139 3808 per
2161 3756 2457 3809 eeefflfifltntfi
