2540 4016
0 1 18 49 ‚⁵·
441 29 495 65 ι.
518 6 555 49 ἱ

0 187 143 252 ,Ᾰιεοι

805 208 1037 249 COMMENT.
1061 211 1106 250 IN
1129 213 1300 252 LIBRUM
1326 214 1464 254 RUTH.

2095 228 2187 267 1202

30 333 34 341 Ι
49 291 147 329 Deus
161 298 272 324 meus.
286 286 332 324 Et
345 287 427 333 quis
443 285 513 325 hoe
528 286 672 325 nomine
687 289 815 326 melius
829 291 968 326 censeri
982 295 1100 336 potest
1115 273 1473 338 A'circumcisionem,
1490 299 1527 332 et
1540 300 1671 332 caetera
1687 295 1782 344 (Gal.
1805 296 1860 343 u).
1880 297 1978 342 Quod
1988 304 2086 342 ‚bene
2115 307 2192 352 ipsa

0 351 2 354 ’
47 349 256 389 nominatus
269 357 377 394 quam
392 348 560 386 Salvator
570 349 715 385 noster?
733 350 779 385 ad
789 358 894 395 quem
910 348 1100 386 Psalmista

0 440 2 442 v
47 410 126 448 ait:
146 408 294 445 Intende
320 409 395 444 voci
420 407 589 444 orationis
615 418 715 452 meoe,
743 419 804 443 rex
827 419 922 444 meus
949 414 982 444 et
1008 408 1101 444 Deus

46 481 144 508 meus
167 468 283 517 (Psal.
302 470 355 516 v).
385 470 432 505 Et
450 469 642 515 Apostolus
668 482 676 505 :
709 469 866 512 Quorum
886 475 1016 515 patres,
1044 472 1100 506 in-

0 578 3 582 ?
47 531 141 579 quit,
164 537 196 567 et
213 530 400 600 exquibus
419 528 578 567 Christus
595 534 783 567 secundum
801 543 955 576 carnem,
974 532 1034 579 qui
1052 535 1102 569 est

46 602 152 639 super
181 601 300 628 omma
329 590 424 627 Deus
455 591 649 628 benedictus
678 593 715 628 in
743 593 871 628 soecula
892 593 1010 641 (Rom.
1032 594 1098 640 lx).

46 651 148 688 Uxor
175 656 297 688 autem
328 650 406 697 ejus
432 652 630 688 vocabatur
658 652 804 696 Noemi',
831 654 899 690 hoc
917 659 994 698 est,
1024 654 1102 701 pul-

0 745 4 749 .
46 712 144 756 cura,
173 711 232 748 cui
259 722 410 758 sponsus
439 712 477 748 iu
499 712 645 749 Cantico
672 714 893 750 canticorum
912 714 962 750 ait
984 727 992 750 z
1014 713 1101 751 Pul-

0 806 1 815 ἶ
46 772 131 808 chra
141 783 192 816 es,
208 773 322 808 amica
332 783 423 816 mea,
441 774 556 808 suavis
574 779 605 809 et
619 773 744 810 decora
759 775 850 811 sicut
862 773 1099 818 Hierusalem,

0 838 2 842 “
45 831 212 867 terribilis
232 837 271 867 ut
288 838 483 867 castrorum
500 833 591 868 acies
616 833 792 869 ordinata.
812 834 889 869 Duo
903 839 1023 870 autem
1036 833 1100 868 filii

43 889 240 928 Elimelech
259 897 360 928 erant
387 891 526 927 Maalon
557 897 593 928 et
620 892 786 936 Chelion;
822 904 973 938 quorum
1002 893 1100 939 prior

43 951 305 998 interpretatur
323 952 365 987 de
385 951 548 996 fenestra,
572 952 648 987 sive
666 963 687 986 a
707 952 899 997 principio;
927 951 1016 987 alter
1035 962 1097 987 au-

43 1016 131 1055 tem,
153 1012 419 1047 consummatio.
445 1011 515 1047 Sed
533 1012 633 1057 prior
650 1012 745 1046 bene
761 1016 879 1056 potest
898 1021 962 1057 per
978 1018 1099 1058 typum

42 1072 238 1118 prophetas
256 1070 480 1115 exprimere;
509 1070 593 1114 quia
620 1080 685 1115 per
713 1070 824 1116 ipsos,
846 1072 948 1116 quasi
978 1072 1022 1107 de
1050 1072 1100 1107 se-

43 1138 181 1174 nestra,
201 1131 359 1177 primum
380 1130 463 1167 fidei
489 1130 609 1166 lumen
633 1132 670 1167 in
699 1133 822 1167 orbem
849 1133 1039 1178 processit,
1058 1143 1100 1168 ac

42 1257 139 1288 tores
157 1251 273 1287 fuere.
297 1251 459 1297 Sequens
480 1262 564 1287 vero
584 1252 644 1297 qui
663 1251 919 1297 interpretatur
938 1264 1099 1288 consum—

42 1312 165 1356 matio,
186 1313 408 1348 demonstrat
424 1312 630 1357 Apostolos,
651 1312 711 1357 qui
727 1312 796 1347 hoc
812 1312 905 1356 quod
919 1312 1099 1357 propheta:

42 1383 107 1419 per
122 1373 272 1418 aenigma
293 1372 585 1418 designaverunt,
607 1372 740 1417 apertis
759 1372 907 1407 vocibus
927 1371 1097 1416 explana-

42 1438 184 1475 verunt,
214 1437 321 1478 atquc
343 1433 387 1467 ad
407 1432 753 1468 consummationem
778 1432 873 1477 pleni
899 1431 1099 1467 intellectus

42 1495 306 1541 perduxerunt;
326 1495 370 1530 ad
390 1504 478 1539 quos
498 1494 575 1539 ipsa
590 1494 733 1529 Veritas
752 1493 787 1528 in
809 1493 999 1538 Evangelio
1018 1492 1067 1528 ait
1087 1504 1095 1527 :

43 1555 145 1591 Beati
172 1555 262 1590 oculi
282 1556 340 1601 qui
366 1555 478 1590 vident
505 1566 581 1601 (μαι)
601 1566 658 1590 vos
682 1553 816 1597 videtis,
841 1561 871 1589 et
897 1564 996 1588 aures
1021 1563 1099 1598 quae

45 1616 195 1652 audiunt
218 1628 295 1662 quoe
313 1628 370 1651 vos
391 1617 535 1651 auditis.
557 1616 642 1652 Dico
662 1616 751 1652 enim
776 1615 870 1650 vobis
888 1615 979 1661 quod
998 1614 1099 1649 multi

43 1676 220 1721 prophetie
245 1682 276 1710 et
299 1676 388 1722 justi
409 1676 591 1711 voluerunt
611 1676 725 1711 videre
741 1686 818 1722 quoe
836 1686 894 1710 vos
913 1674 1045 1716 videtis,
1068 1679 1100 1709 et

46 1746 116 1771 nou
140 1735 322 1778 videmini,-
338 1742 370 1771 et
388 1736 510 1771 audire
527 1747 603 1782 quse
618 1736 762 1779 auditis,
780 1741 811 1770 et
831 1746 898 1770 nou
913 1734 1098 1769 audierunt

45 1793 149 1841 (Luc.
167 1794 219 1841 x).
238 1795 299 1831 lsti
314 1805 399 1842 ergo
417 1796 544 1832 merito
570 1795 765 1842 Ephrathei
789 1800 825 1830 et
849 1796 892 1831 de
916 1795 1098 1830 Bethleem

44 1853 135 1890 Juda
156 1855 273 1890 exorti
298 1863 558 1899 memorantur,
586 1856 670 1901 quia
698 1866 791 1901 pane
818 1855 953 1891 coelesti
978 1854 1099 1890 satiati

44 1921 110 1958 per
126 1913 415 1958 praedicationem
433 1914 618 1960 Evangelii
638 1914 774 1950 fructus
791 1915 1001 1961 colligebant
1022 1922 1099 1948 cre-

45 1970 207 2007 dentium
222 1973 449 2018 populorum.
465 1974 691 2019 Ephratheus
708 1984 792 2019 ergo
813 1973 1017 2018 sruqifer‚et
1031 1971 1098 2006 Be-

47 2029 180 2065 thleem
204 2031 326 2065 domus
357 2032 472 2075 panis,
501 2036 608 2075 atque
636 2030 725 2066 Juda
754 2031 922 2075 consessio
952 2030 1095 2066 dicitur.

47 2155 88 2187 ut
112 2152 236 2186 turbas
260 2150 327 2195 ipsi
349 2150 560 2194 reficerent,
587 2150 710 2186 dicens
730 2151 782 2186 eis
805 2162 814 2185 ;
842 2149 908 2185 Vos
934 2150 1012 2184 date
1034 2148 1104 2184 illis

47 2210 261 2246 manducare
282 2207 381 2255 (Luc.
399 2208 465 2255 lx).
491 2209 536 2243 Et
553 2210 638 2244 item
663 2221 671 2243 ;
693 2209 841 2250 Euntes‚
862 2209 991 2253 inquit,
1010 2220 1103 2255 prce-

37 2269 160 2304 .dicate
180 2267 409 2315 Evuuqelium
427 2268 523 2314 requi
553 2267 680 2315 (Marc.
701 2267 790 2314 xvi).
813 2267 856 2302 Et
873 2268 958 2303 item
981 2280 988 2302 ε
1010 2268 1101 2313 Eyo,

39 2329 114 2373 tait,
134 2328 217 2374 eleyi
234 2339 292 2363 vos
311 2329 352 2363 de
369 2328 510 2371 mundo,
530 2333 567 2362 ut
586 2328 687 2371 eatis,
704 2334 734 2363 et
753 2327 905 2373 [ructum
924 2326 1100 2372 deseratis,

39 2394 80 2424 .et
99 2387 233 2434 [ructus
253 2393 363 2422 vester
382 2392 521 2422 maneat
541 2386 661 2433 (Joan.
684 2386 759 2432 xv).

102 2447 341 2493 Inqressisque
381 2446 554 2493 regionem
589 2445 839 2488 Moabitidem,
879 2444 1104 2479 morabantur

39 2506 120 2548 uuit,-
149 2511 181 2541 et
201 2511 359 2541 mortuus
377 2511 427 2541 est
452 2504 643 2540 Elimelech
663 2505 809 2538 maritus
832 2503 970 2538 Noemi.
1000 2502 1102 2538 Ordi-

39 2565 143 2602 matis
164 2574 246 2609 ergo
265 2564 311 2600 ab
334 2564 412 2609 ipso
428 2564 578 2599 Domino
597 2563 802 2599 doctoribus
820 2568 855 2598 et
875 2563 920 2598 ad
952 2562 1103 2598 salutem

42 2626 238 2662 lhominum
259 2624 462 2667 destinatis,
484 2624 545 2669 qui
579 2624 614 2659 in
635 2622 756 2660 Judaea
777 2623 955 2669 primitus,
977 2633 1103 2658 secun-

41 2684 135 2720 ·dum
153 2690 371 2730 praeceptum
403 2684 559 2727 Domini,
574 2693 658 2720 oves
684 2694 762 2729 quae
780 2684 961 2729 perierant
978 2683 1103 2719 domus

41 2743 173 2787 llsrael,
196 2745 379 2789 requirere
407 2744 616 2787 certabant,
636 2744 754 2780 subito
773 2744 893 2789 passio
915 2743 1104 2779 intervenit

43 2805 316 2851 lRedeniptoris,
329 2806 388 2850 qui
399 2811 631 2851 posteaquam
652 2805 889 2841 resurrexerit
903 2815 922 2840 a
937 2804 1101 2846 mortuis,

0 2885 1 2891 κ
42 2874 134 2901 ·cum
149 2875 258 2901 carne
279 2875 388 2911 quam
419 2865 612 2911 assumpsit
630 2865 674 2901 de
692 2865 836 2900 homine
864 2875 928 2910 pro
952 2863 1104 2899 homini-

43 2924 132 2967 ibus,
150 2924 310 2960 ascendit
329 2925 366 2959 in
392 2923 535 2967 coelum,
557 2930 595 2960 et
621 2923 713 2959 sedit
728 2924 765 2959 in
789 2924 933 2960 dextera
952 2922 1030 2965 Dei,
1048 2932 1106 2958 re-

3 3012 5 3017 ,
42 2984 254 3030 mansitque
271 2994 401 3029 sponsa
419 2984 552 3030 ipsius,
571 2984 640 3020 hoc
655 2988 710 3020 est
730 2989 855 3019 sancta
888 2982 1048 3019 Ecclesia
1069 2982 1104 3018 in

0 3063 2 3073 =
44 3043 210 3079 iincolatu
226 3044 330 3080 istius
353 3043 489 3086 mundi,
509 3053 591 3079 cuni
610 3043 694 3078 filiis
716 3043 790 3078 suis
817 3042 951 3079 sanctis
981 3042 1106 3087 utique

0 3111 5 3123 *
42 3101 272 3145 doctoribus,
292 3103 354 3149 qui
385 3108 602 3149 acceperunt
621 3112 751 3139 uxores
774 3102 999 3145 Moabitides,
1020 3111 1107 3147 qua-

0 3166 5 3192 =
46 3171 134 3197 rrum
150 3172 222 3198 una
235 3163 433 3198 vocabatur
457 3161 591 3208 Orpha,
610 3167 647 3198 et
661 3162 774 3198 altera
797 3161 901 3205 Ruth,
926 3172 1008 3197 cum
1023 3170 1107 3207 apo-

0 3220 9 3243 ·³
45 3221 137 3258 ‚stoli
153 3227 190 3258 et
205 3222 458 3268 praedicatores
473 3222 589 3259 sancti
614 3223 766 3258 duarum
788 3221 945 3267 plebium
963 3221 1029 3257 sibi
1051 3230 1109 3257 as-

46 3283 244 3320 sociabant
260 3284 497 3328 consortium,
519 3283 604 3331 quia
626 3283 688 3319 alii
709 3294 753 3319 ex
782 3284 869 3329 ipsis
885 3283 1012 3319 directi
1031 3284 1114 3318 sunt

47 3343 102 3381 tad
131 3344 401 3389 praedicandum
430 3345 466 3380 in
487 3345 827 3387 circumcisionem,
867 3344 926 3379 alii
958 3353 1044 3379 vero
1069 3343 1114 3379 ad

47 3408 184 3450 gentes
202 3404 453 3442 convocandas
469 3404 505 3440 in
519 3406 728 3442 societatem
746 3404 842 3441 fidei.
855 3403 956 3440 Unde
972 3407 1114 3448 aposto-

47 3462 114 3500 llus
125 3463 260 3501 Paulus
277 3465 322 3501 ad
336 3463 482 3500 Galatas
501 3465 678 3508 scribens,
693 3464 743 3500 ait
765 3476 772 3499 z
791 3462 861 3506 Qui
882 3462 972 3497 enim
993 3471 1111 3506 opera-

49 3529 117 3563 tttts
148 3531 199 3563 est
227 3525 333 3563 Petro
365 3526 402 3561 in
420 3524 617 3571 apostolatu
639 3523 929 3566 circumcisionis,
953 3525 1112 3568 operatus

49 3590 111 3624 ml
123 3591 156 3622 et
169 3586 256 3622 mihi
273 3587 364 3622 iuter
377 3591 504 3632 qentes.
524 3584 572 3620 Et
595 3596 674 3621 cum
696 3585 930 3632 cognovissent
947 3582 1109 3629 qratiam,

49 3657 140 3694 «μω
157 3646 242 3682 data
261 3652 311 3682 est
323 3647 423 3690 mihi,
439 3644 563 3682 Petrus
578 3651 610 3681 et
625 3645 778 3683 lacobus
793 3652 825 3681 et
844 3645 1033 3687 lohannes,
1053 3643 1112 3689 qui

52 3706 268 3745 metebantur
287 3706 458 3743 columma
483 3718 577 3750 esse,
597 3705 737 3740 dextras
767 3705 935 3742 dederunt
966 3704 1049 3740 milei
1082 3709 1114 3739 et

53 3764 240 3809 [Barnabae
279 3767 469 3813 societatis,
494 3772 533 3804 ut
553 3775 616 3804 nos
634 3765 671 3802 in
686 3767 816 3812 gentes,
847 3763 914 3811 ipsi
937 3769 1052 3800 autem
1076 3763 1112 3800 in

46 2090 222 2136 Praecepit
243 2102 333 2137 ergo,
348 2091 522 2127 Dominus
541 2090 726 2136 discipulis
745 2092 819 2127 suis
838 2092 873 2127 in
894 2092 1097 2137 Evangelio,
1119 2070 1149 2111 C

1166 352 1310 387 nomina
1326 353 1516 391 mulierum
1531 355 1757 401 exprimunt;
1777 356 1896 402 orpha
1912 359 2004 396 enim
2019 362 2194 411 iuterpre-

1166 415 1264 444 tatur
1275 411 1387 446 cervix
1405 413 1495 457 ejus.
1521 414 1618 450 Ruth
1649 423 1747 456 vero,
1778 414 1914 458 videns,
1935 416 1991 452 vel
2021 418 2196 468 festum,

1167 469 1243 505 sive
1257 468 1437 514 definiens.
1452 471 1498 507 ht
1512 473 1597 518 quid
1611 483 1677 518 per
1690 472 1861 518 Orpham,
1875 475 1944 511 nisi
1955 477 2137 516 credentes
2153 489 2199 518 ex

1167 527 1298 564 Judaeis
1327 530 1582 576 designantur?
1599 532 1660 578 qui
1688 533 1836 569 cervicis
1855 535 1997 571 nomine
2015 538 2082 574 rite
2110 551 2200 578 nun-

1169 595 1364 634 cupantur;
1403 591 1486 636 quia
1508 592 1618 628 robur
1649 591 1745 635 fidei,
1763 598 1799 628 et
1829 593 2070 634 fortitudinem
2100 599 2200 638 bonae

1167 649 1384 695 operationis
1413 656 1495 697 post
1518 653 1814 689 resurrectionem
1843 654 1984 691 Domini
2006 656 2074 702 ipsi
2096 660 2200 704 primi

1168 718 1396 757 acceperunt,
1413 714 1507 750 unde
1523 720 1559 751 et
1576 715 1619 751 de
1634 717 1811 762 primitiva
1829 717 1865 753 iu
1891 718 2113 756 nierusaiem
2133 722 2199 758 Ec-

1167 771 1274 807 clesia
1305 774 1477 819 scriptum
1499 781 1554 811 est
1579 789 1587 812 :
1614 777 1705 820 Quia
1736 778 1964 815 multitudinis
1993 781 2200 819 credentium

1166 836 1241 866 erat
1267 843 1327 866 cor
1342 844 1462 877 unum,
1482 841 1512 870 et
1545 837 1661 872 anima
1688 848 1772 880 una,
1795 849 1855 873 nec
1877 839 2056 886 quisquam
2078 852 2200 880 ,eorum

1166 901 1243 936 quae
1272 893 1467 948 possidebat
1499 894 1631 941 aliquid
1649 908 1751 932 suum
1771 908 1844 932 esse
1868 898 2011 942 dicebat,
2031 900 2090 935 sed
2107 908 2202 936 erant

1165 949 1235 985 illis
1267 953 1383 987 omnia
1419 955 1614 990 communia
1644 955 1745 1001 (Act.
1772 956 1843 1001 lv).
1871 956 1960 1000 Quid
1988 963 2105 994 aulem
2141 970 2203 1004 per

1166 995 1275 1055 Ruth,
1313 1023 1392 1059 quae
1422 1014 1575 1050 videntis
1610 1014 1666 1050 vel
1694 1015 1895 1051 festinantis
1919 1017 1974 1052 vel
2004 1018 2203 1054 definientis

1166 1073 1310 1108 nomine
1327 1075 1530 1116 decoratur,
1545 1076 1615 1110 nisi
1640 1076 1841 1111 obedientia
1856 1082 1892 1112 et
1909 1077 2098 1113 crudelitas
2120 1088 2203 1122 gen-

1167 1129 1258 1165 tium
1289 1131 1535 1166 monstratur?
1561 1131 1604 1166 de
1623 1140 1692 1175 qua
1708 1132 1878 1168 Dominus
1893 1144 1957 1178 per
1980 1134 2204 1171 Psalmistam

42 1191 109 1238 ipsi
133 1192 206 1228 veri
224 1191 385 1234 luminis,
407 1191 502 1238 quod
521 1198 576 1228 est
590 1191 766 1234 Christus,
793 1192 900 1237 primi
926 1193 1101 1237 praedica·
1119 1180 1151 1218 B
1170 1190 1241 1226 ait:
1259 1189 1425 1236 Populus,
1446 1202 1544 1237 quem
1559 1202 1626 1226 non
1646 1193 1797 1237 coqnovi,
1818 1193 1954 1228 servivit
1972 1195 2066 1229 ntihi.
2079 1195 2127 1229 Ab
2142 1206 2203 1230 au·

1169 1249 1244 1284 ditu
1263 1250 1358 1285 auris
1375 1250 1534 1285 obediunt
1549 1251 1755 1295 rnihiffsal.
1768 1252 1870 1296 xvii).
1883 1253 1926 1287 Et
1941 1253 2024 1288 itein
2045 1254 2205 1290 :AEehio-

1167 1308 1238 1352 pia,
1266 1308 1395 1352 inquit,
1427 1308 1746 1354 festinavit-manus
1767 1311 1842 1355 ejus
1875 1312 1957 1346 dare
1987 1312 2056 1346 Deo
2083 1312 2203 1357 (Psal.

1167 1366 1291 1413 van).
1316 1366 1610 1403 Convocabantur
1632 1379 1717 1414 ergo
1738 1370 1791 1405 hcc
1817 1371 1894 1405 dum
1925 1371 2043 1416 plebes
2061 1383 2124 1417 per
2141 1374 2203 1408 do-

1166 1431 1283 1461 ctores
1318 1431 1460 1461 sanctos
1492 1427 1536 1461 ad
1560 1429 1777 1463 consortium
1797 1429 1890 1471 lidei,
1920 1435 1954 1464 ct
1983 1431 2026 1465 ad
2051 1431 2203 1466 socicta-

1167 1489 1237 1520 lem
1281 1485 1474 1521 electorum
1514 1495 1578 1530 per
1620 1487 1848 1533 Evangelium
1887 1494 1967 1523 suut
2005 1488 2201 1533 copulatae,

1166 1551 1406 1592 quatenusssx
1440 1546 1590 1583 diversis
1621 1548 1807 1594 gregibus,
1838 1549 2031 1584 secundum
2065 1555 2205 1584 senten-

1167 1607 1253 1642 tiam
1284 1604 1453 1650 Domini,
1487 1616 1596 1643 unum
1631 1607 1734 1643 fieret
1769 1609 1861 1644 ovile
1890 1615 1926 1644 et
1960 1619 2051 1644 uuus
2083 1615 2205 1654 pastor

1168 1667 1287 1714 (Joau.
1319 1668 1370 1715 x).

1558 1727 1707 1765 CAPUT
1740 1729 1780 1764 ll.

1168 1803 1268 1847 Quod
1297 1805 1343 1839 ibi
1375 1806 1423 1840 eis
1452 1807 1667 1842 morantibus
1703 1807 1816 1841 decem
1848 1808 1948 1842 aunis
1981 1807 2079 1842 ambo
2110 1806 2207 1842 liberi

1213 1862 1330 1886 eorum
1363 1853 1489 1886 mortui
1518 1858 1611 1895 sunt,
1645 1853 1812 1887 Matalon
1832 1852 1985 1888 videlicet
2013 1860 2044 1887 ct
2073 1851 2205 1894 GcIion,

1214 1898 1443 1943 remansitque
1470 1898 1593 1933 mulier
1619 1899 1738 1934 orbma
1767 1900 1897 1935 duobus
1928 1899 2043 1934 liberis
2067 1905 2097 1934 et
2132 1909 2206 1933 ma-

1215 1944 1295 1978 rito.

1216 2029 1330 2076 (lum.)
1349 2030 1616 2076 Hauseruntque
1630 2031 1676 2065 ibi
1701 2031 1814 2066 decem
1829 2032 1943 2074 aunis,
1962 2037 1991 2066 et
2005 2031 2102 2065 ambo
2122 2040 2209 2064 mor-

1171 2089 1220 2123 tui
1242 2096 1334 2131 sunt,
1356 2089 1521 2125 Maltalou
1547 2090 1701 2125 videlicet
1731 2097 1762 2125 et
1790 2090 1945 2125 Cltclion.
1971 2089 2211 2133 Remausitque

1173 2146 1296 2180 mulier
1317 2147 1435 2181 orbata
1455 2147 1587 2182 duobus
1617 2147 1733 2181 liberis
1754 2155 1783 2181 et
1816 2149 1956 2182 marito.
1988 2146 2032 2181 Et
2063 2147 2211 2181 surrexit

1173 2211 1210 2239 ut
1229 2206 1264 2239 in
1279 2206 1429 2250 patriam
1449 2211 1602 2251 perqeret
1626 2217 1703 2240 cum
1730 2212 1875 2251 utraque
1892 2217 1980 2240 ηιινιι
2009 2216 2073 2239 suu
2097 2205 2138 2239 de
2157 2216 2211 2240 rc-

1171 2266 1270 2311 9ione
1285 2264 1484 2300 Moabitide.
1507 2267 1675 2300 Audierat
1704 2267 1794 2301 enim
1814 2267 1906 2312 quod
1927 2267 2123 2311 respexisset
2137 2266 2212 2302 Do-

1171 2323 1283 2357 minus
1312 2323 1475 2368 populum
1494 2335 1611 2366 sunm,
1632 2330 1663 2358 et
1690 2324 1835 2360 dedisset
1857 2325 1904 2360 eis
1933 2335 2039 2360 escas.
2072 2325 2211 2362 Mause-

1171 2388 1254 2418 runt
1270 2393 1354 2428 ergo
1379 2383 1447 2418 duo
1468 2383 1529 2418 filii
1549 2383 1741 2420 Elimelecb
1770 2385 1806 2420 in
1831 2390 1925 2420 terra
1954 2385 2210 2432 peregrinatio-

1171 2443 1227 2478 nis
1241 2453 1313 2478 suae
1332 2443 1455 2479 decem
1478 2445 1593 2487 annis,
1625 2450 1661 2480 et
1691 2445 1821 2480 mortui
1842 2452 1935 2487 sunt,
1961 2456 2039 2481 cum
2059 2446 2208 2491 apostoli

1170 2509 1206 2541 et
1228 2503 1408 2549 prophetae
1442 2509 1521 2549 post
1551 2504 1804 2551 perfectionem
1838 2506 1886 2551 pii
1924 2505 2067 2549 laboris,
2102 2516 2208 2552 quem

1171 2564 1350 2599 habebant
1372 2564 1407 2598 in
1427 2565 1588 2600 doctrina
1608 2564 1761 2609 plebium
1779 2571 1814 2600 et
1829 2566 2000 2601 exercitio
2019 2566 2206 2609 virtutum.

1172 2624 1215 2660 de
1240 2625 1395 2660 incolatu
1421 2625 1524 2661 istius
1539 2626 1660 2661 mundi
1678 2627 1720 2662 ad
1741 2626 1886 2662 coeleste
1912 2636 2060 2672 regnum
2079 2628 2211 2673 migra-

1172 2689 1268 2726 runt,
1287 2689 1326 2718 ut
1345 2694 1407 2729 pro
1438 2685 1578 2730 expleto
1610 2685 1784 2731 Decalogo
1813 2686 2062 2721 mandatorum
2075 2711 2085 2728 ‚
2103 2686 2212 2720 dena-

1173 2745 1264 2780 rium
1297 2746 1498 2790 acciperent
1524 2750 1665 2780 :eternae
1695 2746 1934 2781 beatitudiuis.
1959 2745 2210 2789 ilc-mansitque

1172 2806 1299 2841 mulier
1316 2806 1439 2841 orbata
1461 2806 1598 2842 duobus
1617 2806 1740 2841 liberis
1757 2816 1798 2841 ac
1817 2806 1958 2847 marito,
1979 2815 2058 2839 cum
2089 2811 2210 2840 sancta

1173 2865 1331 2900 Ecclesia
1356 2865 1391 2899 in
1422 2866 1708 2911 peregrinatione
1726 2863 1832 2909 hujus
1860 2864 1981 2900 muudi
2000 2865 2211 2911 persistens,

1173 2930 1252 2970 post
1285 2925 1530 2960 ascensionem
1563 2924 1786 2959 Dominicam
1820 2923 1856 2959 in
1879 2924 2002 2966 coelos,
2036 2922 2214 2968 corporali

1175 2983 1366 3030 praesentia
1391 2984 1537 3018 carebat
1569 2982 1780 3024 Salvatoris,
1804 2982 1887 3018 licet
1923 2981 2107 3026 majestate
2127 2982 2215 3016 divi-

1177 3045 1299 3080 nitatis
1315 3055 1396 3080 cum
1412 3045 1488 3090 ipsa
1508 3044 1555 3079 sit
1574 3053 1727 3088 semper.
1747 3042 1817 3078 Sed
1840 3052 1954 3086 neque
1975 3042 2038 3086 ipsi
2064 3040 2210 3084 apostoli

1177 3109 1214 3140 et
1239 3104 1422 3149 prophetae
1444 3108 1528 3149 post
1556 3103 1691 3139 obitum
1718 3100 1901 3147 praesentis
1919 3099 2018 3139 vitae,
2038 3096 2208 3141 corporali

1178 3164 1465 3206 conversatione,
1484 3174 1564 3199 cum
1580 3173 1621 3198 ea
1640 3171 1716 3196 esse
1732 3163 1892 3203 poteraut
1906 3183 1915 3198 ,
1935 3156 2017 3191 licet
2042 3155 2208 3191 orationi-

1178 3225 1246 3260 bus
1266 3234 1389 3260 eorum
1418 3228 1454 3259 et
1474 3222 1612 3266 scriptis
1637 3217 1794 3263 quotidie
1816 3215 2009 3259 adjuvetur.
2046 3214 2208 3248 Surrexit

1182 3284 1325 3330 quidem
1340 3283 1478 3323 mulier,
1496 3286 1533 3314 ut
1551 3279 1586 3313 in
1600 3277 1749 3323 patriam
1769 3280 1931 3321 pergeret
1957 3283 2038 3309 cum
2058 3277 2206 3316 utraque

1181 3355 1273 3380 nuru
1295 3353 1366 3382 sua,
1386 3351 1427 3375 eo
1448 3338 1540 3383 quod
1565 3336 1724 3372 audierat
1743 3335 1837 3380 quod
1858 3333 2072 3379 respexisset
2089 3331 2207 3366 Domi-

1180 3413 1247 3438 nus
1273 3399 1439 3447 populum
1463 3406 1579 3436 suum,
1602 3405 1681 3431 cum
1714 3394 1868 3429 maximo
1901 3392 2017 3428 studio
2049 3391 2117 3426 hoc
2135 3389 2206 3435 agit

1179 3468 1292 3498 mater
1305 3456 1475 3499 Ecclesia,
1492 3461 1531 3490 ut
1546 3454 1666 3500 plebes
1684 3462 1771 3498 quas
1795 3450 1943 3497 apostoli
1962 3455 1999 3485 ct
2026 3449 2204 3496 prophetae

1180 3527 1338 3564 tempore
1351 3526 1417 3552 suo
1436 3513 1671 3555 instruebant,
1698 3511 1741 3547 ad
1768 3510 1938 3546 unitatem
1966 3507 2060 3550 tidei,
2084 3512 2120 3542 et
2143 3513 2202 3540 so·

1180 3581 1344 3618 cietatcm
1369 3573 1549 3620 religionis
1581 3571 1789 3608 Christiauae
1821 3568 2012 3614 perducat;
2045 3565 2127 3611 quia
2145 3572 2205 3599 ve-

1180 3640 1310 3677 raciter
1341 3636 1523 3680 Scriptura
1564 3631 1754 3672 referente,
1788 3628 1923 3670 didicit.
1960 3625 2055 3672 quod
2086 3623 2205 3670 justus

1179 3705 1358 3743 nunquam
1390 3694 1437 3729 sit
1454 3690 1641 3728 derelictus
1670 3686 1790 3735 (1²:01.
1822 3684 1969 3732 xxxvi),
1998 3693 2065 3720 nec
2083 3690 2207 3720 semen

1179 3759 1255 3807 ejus
1272 3753 1410 3803 eguerit
1433 3760 1537 3799 pane,
1560 3748 1619 3787 illo
1634 3746 1797 3787 videlicet
1814 3755 1924 3794 pane,
1951 3743 2013 3794 qui
2041 3743 2085 3782 de
2115 3739 2207 3781 coelo
