2540 4016
292 221 358 259 611

713 212 754 249 B.
781 207 954 249 meant
977 208 1126 250 MAum
1151 205 1364 248 Ancmar.
1388 198 1598 248 tionum.
1623 203 1817 248 oretum
1831 199 1954 260 mas
1974 206 2003 246 1.

2396 183 2469 250 eie

282 294 412 336 mentis
428 291 710 340 comprehensus
727 295 804 336 est;
832 299 900 328 nec
918 300 992 332 non
1012 295 1049 329 et
1069 290 1182 327 series
1202 289 1342 336 Veteris
1359 289 1395 333 Α
1408 287 1529 333 hrum,
1547 293 1584 326 et
1596 287 1688 330 nihil
1702 289 1835 334 horum
1847 287 2009 327 omnium
2024 287 2161 325 nudum
2174 281 2391 335 relinquitur
2406 295 2469 327 aut

282 352 506 395 Testamenti
519 352 645 388 eodem
663 361 814 388 numero
831 350 1008 390 librorum
1029 350 1229 389 secuudum
1240 360 1344 398 quos-

282 417 365 452 dam
393 413 583 451 conclusus
614 416 682 448 est.
707 411 766 449 -Ut
795 410 955 449 ministri
988 411 1131 450 Domini
1158 411 1226 454 hae
1256 420 1343 451 con-

281 477 476 523 scriptione
493 474 676 516 commoti,
709 473 907 510 secundum
923 473 962 510 id
981 473 1079 520 quod
1107 472 1144 516 in
1167 473 1246 521 lege
1272 473 1344 513 Do-

279 541 367 577 mini
397 539 602 577 continetur
630 538 765 581 vivant,
786 542 984 583 operentur
1009 541 1046 573 et
1071 535 1245 580 doceant:
1275 545 1343 572 nec

279 602 350 638 ullo
368 601 475 637 modo
489 604 711 646 praesumant
725 610 806 637 eam
820 599 1030 639 excedendo
1046 598 1262 645 transgredi,
1279 599 1344 636 sed

280 663 347 699 sub
362 663 440 709 ejus
458 662 666 709 magisterio
683 662 805 700 omnia
823 662 924 700 liant.
942 661 1045 706 Quod
1063 666 1185 702 autem
1201 669 1343 699 summa

278 725 605 771 primogenitorum
630 724 675 760 de
695 723 779 760 siliis
798 724 908 761 lsrael
936 724 1033 761 hunc
1065 733 1255 761 numerum
1281 731 1344 759 ex-

280 786 429 828 cedens,
449 784 612 821 ducentis
631 784 860 831 septuaginta
885 784 1003 821 tribus
1018 782 1166 828 jubetur
1185 782 1346 827 quinque

278 846 376 883 siclis
395 856 459 892 per
478 845 618 891 singula
637 845 757 892 capita
783 846 928 889 redimi,
947 845 1029 888 hoc,
1051 844 1088 880 ni
1115 843 1232 886 fallor,
1251 842 1345 888 ssgu-

278 907 401 943 raliter
418 907 535 950 docet,
557 913 597 942 ut
618 906 782 952 quisquis
802 906 944 943 initium
964 904 1256 942 conversationis
1271 911 1346 940 suae

279 980 344 1006 seu
367 969 563 1005 voluntatis
589 969 665 1005 sive
688 969 909 1015 operationis
925 969 998 1004 Deo
1019 977 1235 1004 consecrare
1252 965 1343 1008 vult,

280 1030 439 1076 quinque
455 1040 583 1066 sensus
598 1029 761 1075 corporis
778 1029 969 1075 diligenter
982 1029 1176 1071 custodiat,
1191 1037 1239 1064 ne
1253 1026 1346 1062 sorte

280 1100 347 1136 per
370 1091 555 1127 lasciviam
580 1090 616 1126 in
643 1100 805 1126 errorem
831 1090 947 1125 autin
968 1080 1148 1125 mundana
1168 1087 1346 1124 desideria

280 1150 425 1193 defluat,
444 1152 507 1188 sed
526 1151 639 1196 magis
650 1151 752 1197 juxta
768 1150 894 1187 siclum
908 1150 1104 1186 sanctuarii
1121 1149 1183 1195 qui
1197 1158 1345 1185 mensus

1411 350 1622 389 revelatum.
1640 349 1801 400 Denique
1819 349 1963 390 additur
1981 350 2091 386 etiam
2108 353 2327 397 praeceptum
2346 350 2470 397 hujus-

1412 410 1521 451 modi.
1560 410 1680 448 Nolite
1698 437 1707 455 ‚
1748 410 1866 461 inquit
1881 437 1892 455 ,
1932 411 2164 451 exterminare
2199 410 2242 446 de
2279 410 2371 447 tribu
2405 423 2472 449 sua

1410 470 1544 519 plebem
1570 471 1699 511 Gaath.
1723 471 1820 518 Quos
1847 472 1987 510 scilicet
2013 473 2308 511 exterminandos
2331 483 2371 515 se
2391 483 2472 511 esse
2498 505 2503 511 .

1413 533 1561 577 scirent,
1581 533 1611 569 si
1627 532 1721 570 forte
1744 534 1791 571 ad
1810 534 1888 570 haec
1900 543 2030 570 manus
2051 543 2138 572 suas
2155 535 2334 578 movenda
2353 535 2474 574 mitte-

1413 600 1506 637 rent,
1527 594 1599 631 nisi
1628 594 1906 643 unumquodque
1924 604 2052 631 eorum
2069 595 2172 641 prius
2187 606 2208 632 a
2227 597 2474 647 sacerdotibus

1413 653 1541 690 suisset
1557 654 1754 693 obtectum.
1782 654 1885 694 Nunc
1915 665 2000 703 ergo
2032 656 2222 694 redeamus
2240 657 2286 695 ad
2305 658 2401 695 istud
2418 664 2471 695 ta-

1411 713 1648 753 bernaculum
1668 715 1838 755 Ecclesiae
1859 714 1923 753 Dei
1941 717 2106 763 viventis,
2125 723 2162 757 et
2182 719 2367 757 videamus
2381 730 2474 766 quo-

1413 776 1522 812 modo
1551 777 1629 813 haec
1654 776 1796 824 singula
1826 776 2013 817 observari
2045 784 2221 826 oporteat·
2239 780 2278 817 in
2310 781 2475 818 Ecclesia

1413 836 1478 875 Dei
1511 847 1533 872 a
1566 837 1814 874 sacerdotibus
1844 837 1992 876 Christi.
2014 838 2154 887 Siquis
2183 850 2271 876 vero
2305 842 2475 879 sacerdos

1414 901 1480 939 est,
1503 897 1559 933 cui
1581 907 1667 933 vasa
1694 908 1809 943 sacra,
1841 898 1877 934 id
1903 904 1974 943 est,
2003 900 2259 949 mysteriorum
2289 901 2476 948 sapienti-”e

1416 962 1554 994 secreta
1583 958 1776 994 commissa
1805 965 1903 1002 sunt,
1938 959 2054 996 discat
2083 971 2128 996 ex
2155 960 2213 997 his
2240 965 2277 997 et
2308 961 2477 998 observet

1414 1017 1594 1064 quomodo
1624 1018 1701 1054 haec
1730 1024 1895 1066 oporteat
1925 1020 2020 1056 intra
2052 1021 2216 1058 velamen
2246 1021 2477 1059 conscientiae

1414 1078 1611 1123 custodire,
1642 1089 1710 1115 nec
1734 1079 1840 1116 facile
1866 1079 2030 1128 proferre
2061 1082 2106 1117 ad
2125 1082 2334 1128 publicum;
2363 1087 2426 1118 aut
2445 1082 2478 1119 si

1414 1147 1474 1175 res
1490 1138 1606 1184 poscit
1622 1139 1796 1185 proferre,
1816 1145 1852 1175 et
1868 1139 2116 1186 inferioribus,
2133 1142 2171 1178 id
2188 1147 2255 1187 est,
2276 1143 2476 1188 imperitio-

279 1217 335 1249 est
364 1212 479 1248 obolis
507 1212 649 1258 viginti,
674 1212 741 1248 hoc
761 1218 817 1248 est
837 1213 1032 1248 secundum
1053 1212 1177 1248 decem
1196 1211 1346 1247 manda-
1363 1204 1395 1244 B
1414 1198 1514 1235 ribus
1534 1199 1691 1242 tradere,
1711 1210 1756 1236 ¹¹0
1774 1201 1870 1236 nuda
1893 1201 2066 1247 profer-‘¹12
2088 1213 2133 1238 ΗΘ
2148 1209 2274 1248 θρίὶΐῑὶι
2293 1203 2474 1249 Ostendat,

278 1276 398 1309 torum
421 1273 637 1316 doctrinam,
658 1283 737 1318 qua}
763 1273 798 1308 in
819 1273 1165 1318 duobuspraeceptis
1181 1272 1340 1308 charita-

277 1334 325 1370 tis
352 1335 516 1370 consistit
544 1335 726 1377 laborans,
756 1335 875 1370 omnia
907 1345 1016 1380 opera
1042 1346 1107 1371 sua
1130 1335 1167 1370 in
1194 1336 1341 1370 domum

278 1395 408 1431 summi
433 1394 643 1438 sacerdotis,
669 1399 706 1430 et
728 1394 883 1429 filiorum
905 1394 982 1439 ejus
1011 1395 1173 1441 redigere
1194 1395 1338 1442 satagit.

694 1454 846 1489 CAPUT
874 1454 929 1489 Vl.

325 1516 376 1551 De
394 1515 531 1551 servitio
551 1514 706 1561 filiorum
727 1515 839 1551 Caatlz
864 1517 901 1551 in
920 1516 1112 1551 ministerio
1133 1515 1290 1551 Domini.

327 1578 426 1625 (Car.
451 1578 515 1624 iv.)
541 1577 760 1624 Locutusqite
780 1584 827 1612 est
846 1577 1018 1613 Dominus
1048 1578 1093 1613 ad
1113 1577 1258 1624 Moysen
1288 1577 1343 1612 di-

278 1648 356 1673 cens
374 1648 386 1672 .·
407 1637 501 1672 'folle
521 1648 693 1672 summam
722 1637 877 1682 filiorum
907 1636 1019 1673 Caatlz
1042 1637 1084 1673 de
1107 1638 1219 1673 medio
1237 1637 1339 1673 Leri-

280 1705 407 1739 tarnm,
428 1709 488 1744 per
506 1698 627 1734 domos
647 1705 676 1733 et
700 1698 853 1742 familias
874 1710 969 1742 suas,
997 1711 1017 1734 a
1046 1700 1220 1745 trigesimo
1249 1710 1341 1734 atino

280 1766 310 1795 el
327 1771 448 1805 snpra,
479 1770 587 1805 usque
606 1759 650 1794 ad
670 1759 990 1806 quiitquayesirnum
1015 1771 1162 1802 annum,
1188 1759 1343 1795 omnium

283 1820 340 1866 qui
361 1819 616 1865 inqrediuntur,
635 1827 671 1855 itt
694 1826 782 1855 stent
800 1827 829 1855 et
851 1822 1046 1856 ministrent
1062 1822 1098 1856 in
1112 1820 1342 1856 tabernaculo

281 1879 434 1925 soederis.
471 1879 539 1914 Hic
575 1886 624 1915 est
661 1880 775 1916 cultus
802 1881 957 1926 filiorum
990 1881 1137 1917 Caatlt:
1167 1881 1344 1917 Taberna-

280 1939 395 1974 cnlnm
432 1940 583 1985 foederis,
615 1947 646 1975 et
681 1941 849 1977 Sanctum
880 1949 1081 1978 sanctorum
1105 1943 1345 1988 inqrediemur

281 2001 401 2036 Aaron
420 2008 451 2037 et
473 2001 538 2046 lilii
568 2003 658 2048 ejus,
684 2003 824 2049 quando
847 2004 1018 2039 movenda
1038 2012 1119 2039 sunt
1151 2010 1279 2046 castra,
1312 2009 1344 2039 e’t

281 2064 449 2110 deponent
472 2064 582 2100 velum
605 2066 698 2111 quod
721 2067 844 2113 pendet
876 2073 955 2102 ante
974 2067 1079 2112 fores,
1109 2067 1345 2114 involventque

1411 1264 1448 1295 ct
1481 1259 1626 1305 penitus
1664 1261 1859 1307 patientia,
1888 1262 2023 1309 alioqui
2053 1263 2285 1299 homicidium
2313 1264 2414 1307 facit,
2441 1269 2477 1300 et

1409 1319 1628 1355 exterminat
1645 1320 1800 1366 plebem.
1821 1321 1866 1358 Et
1885 1323 2151 1360 exterminatur
2165 1325 2262 1361 enim
2280 1325 2397 1361 omnis
2413 1325 2476 1371 qui

1409 1385 1550 1414 secreta
1571 1384 1606 1414 et
1627 1379 1821 1415 inetl'abilia
1844 1389 2072 1418 sacramenta
2091 1384 2296 1430 contigerit,
2317 1385 2476 1420 nondum

2536 1142 2540 1152 -
2527 1114 2540 1130 m*
2523 1054 2540 1086 ol.
2530 1016 2540 1039 ..n
2527 984 2540 1002 ν..
2521 827 2540 973 “infin-mxlv

1409 1438 1550 1474 meritis
1569 1444 1605 1474 ct
1622 1439 1774 1475 scientia
1794 1441 1831 1476 in
1853 1442 2048 1478 sacerdotii
2065 1444 2232 1482 ordinem
2250 1445 2476 1492 gradumque
2536 1464 2540 1465 ν

1410 1499 1618 1535 translatus.
1639 1499 1733 1536 Solis
1761 1502 1857 1537 enim
1885 1502 1967 1538 tiliis
1986 1502 2121 1549 Aaron,
2141 1505 2392 1542 sacerdotibus
2409 1507 2478 1543 sci·
2538 1532 2540 1534 -

1409 1560 1507 1604 licet,
1533 1561 1647 1607 ipsam
1672 1572 1796 1597 arcam
1828 1564 2035 1600 testamenti
2053 1571 2089 1601 et
2107 1575 2270 1602 mensam
2285 1572 2322 1603 et
2341 1567 2475 1604 cande-

1411 1621 1568 1664 labrum,
1590 1627 1626 1657 et
1647 1623 1677 1658 si
1698 1623 1782 1669 quid
1801 1629 1856 1660 est
1873 1634 1998 1660 eorum
2018 1637 2097 1671 quae
2117 1637 2224 1673 supra
2240 1629 2477 1675 comprehcn-

1411 1682 1542 1726 dimus,
1563 1684 1658 1719 nuda
1686 1689 1722 1720 et
1754 1685 1913 1721 revelata
1941 1686 2063 1723 videre
2089 1697 2300 1724 concessum
2317 1694 2386 1725 est.
2406 1689 2477 1725 Alii

1412 1749 1531 1779 autem
1546 1750 1672 1791 operta
1693 1746 1768 1782 lucc
1791 1747 1947 1791 videant,
1969 1748 2041 1784 imo
2061 1750 2180 1795 potius
2201 1750 2318 1791 velata
2342 1751 2418 1787 haec
2439 1751 2476 1786 in

1415 1806 1578 1843 humeris
1596 1808 1672 1844 suis
1687 1814 1846 1854 portent.
1868 1810 1914 1845 Et
1932 1810 1995 1846 filii
2013 1811 2157 1857 quidem
2177 1812 2289 1850 Caath
2309 1813 2393 1850 licet
2410 1814 2477 1860 ipsi

1411 1881 1483 1907 non
1510 1871 1582 1908 sint
1605 1874 1826 1917 sacerdotes,
1856 1880 1940 1910 sunt
1966 1880 2088 1911 tamen
2104 1875 2475 1920 proximi-sacerdoti-

1411 1932 1493 1977 bus,
1521 1934 1556 1970 in
1577 1935 1740 1972 humeris
1758 1945 1843 1982 ergo
1871 1937 1946 1972 suis
1966 1942 2117 1982 possunt
2136 1938 2204 1974 ista
2229 1944 2388 1984 portare.
2406 1938 2476 1975 Alii

1412 2003 1500 2030 vero
1519 1996 1682 2032 sarcinas
1709 2007 1793 2033 suas
1809 2002 1845 2033 et
1862 1997 2078 2042 ministeria,
2099 1998 2219 2035 necin
2235 1999 2396 2036 hunieriS
2415 1999 2477 2036 sed

1414 2053 1448 2090 in
1471 2055 1642 2100 plaustris
1663 2063 1815 2103 ponunt.

282 2136 322 2160 eo
347 2137 465 2161 arcam
483 2127 669 2161 testimonii
688 2133 718 2162 et
740 2129 893 2174 operient
912 2140 1052 2164 rursum
1074 2129 1240 2165 velamine
1259 2129 1346 2174 hya·
1365 2121 1393 2162 C
1463 2117 1682 2165 Locmu‘ss‘lue
1710 2127 1759 2156 2³²
1792 2120 1966 2157 Dona-'²²¹³
1989 2120 2034 2156 “d
2055 2120 2201 2167 M⁰y³3²²
2227 2127 2259 2158 εἴ
2281 2121 2400 2158 Affl'ffll
2423 2122 2477 2157 αἱ·

282 2187 518 2223 cintln'narnm
548 2188 689 2234 pellium
720 2201 732 2225 .·
772 2190 1021 2237 extendentque
1054 2191 1201 2238 pallium
1239 2191 1343 2227 desu-

281 2259 341 2294 per
375 2254 484 2284 totum
516 2249 807 2295 hyacinthinum,
839 2258 870 2287 et
908 2252 1074 2287 inducent
1114 2258 1342 2295 vectes‚etc..

283 2310 363 2357 (Ea)
389 2310 566 2358 Isidoro.)
591 2312 776 2348 Numerati
802 2318 886 2348 sunt
907 2311 983 2357 jam
1003 2313 1066 2348 lilii
1094 2313 1179 2349 Levi
1206 2313 1251 2349 ab
1271 2323 1343 2349 uno

283 2380 405 2406 mense
424 2377 461 2406 et
488 2383 595 2418 supra
619 2382 628 2407 :
653 2383 748 2408 nunc
772 2378 1009 2409 numerantur
1029 2374 1092 2408 filii
1123 2373 1208 2409 Levi
1230 2384 1250 2408 a
1279 2374 1344 2408 tri-

281 2432 417 2468 cesimo
437 2442 532 2468 anno
552 2434 628 2469 sive
654 2434 849 2469 secundum
869 2434 964 2470 LXX
983 2445 1003 2470 a
1023 2435 1195 2470 vicesimo
1217 2433 1342 2481 quinto

284 2503 391 2537 anno,
417 2490 480 2530 s'ed
506 2505 577 2531 non
594 2500 635 2530 ut
657 2495 692 2530 in
710 2497 863 2539 caeteris,
884 2497 947 2532 sed
971 2500 1085 2542 usque
1101 2497 1144 2532 ad
1165 2496 1343 2541 quinqua-

282 2556 457 2600 gesimum
471 2566 621 2599 annum,
636 2562 671 2591 et
685 2557 731 2592 sit
746 2556 814 2592 iste
829 2558 1010 2604 praecipue
1027 2567 1199 2593 numerus
1219 2562 1256 2592 et
1275 2557 1345 2593 ele-

283 2621 374 2650 ctus.
391 2615 529 2651 Dicitur
546 2616 640 2651 cuim
654 2616 733 2652 his:
749 2616 870 2652 Omnis
888 2619 993 2661 enim,
1006 2618 1136 2663 inquit,
1152 2619 1211 2664 qui
1225 2628 1345 2663 proce-

285 2677 333 2711 dit
354 2677 399 2712 ad
419 2678 688 2712 ministrandum
706 2679 751 2713 ad
770 2690 872 2725 opera
900 2679 1114 2715 tabernaculi
1141 2679 1341 2714 testimonii.

283 2736 344 2771 Isti
378 2742 460 2772 sunt
482 2737 543 2782 qui
575 2744 812 2774 numerantur
838 2740 986 2776 meliore
1019 2741 1174 2785 quodam
1197 2745 1232 2775 ct
1253 2749 1344 2786 prae-

284 2797 387 2842 cipuo
411 2807 573 2833 numero.
606 2797 707 2833 Sicut
722 2799 818 2834 enim
836 2799 871 2834 in
898 2800 980 2836 tiliis
998 2800 1107 2836 lsrael
1126 2799 1312 2836 dicebatur
1331 2811 1341 2835 ε

248 2871 256 2880 ⁴
285 2857 409 2894 Omnis
423 2858 483 2903 qui
500 2858 664 2904 procedit
687 2858 731 2893 ad
751 2858 915 2903 praelium
937 2860 972 2894 in
995 2859 1078 2895 tiliis
1096 2860 1217 2902 Israel;
1241 2860 1291 2895 ita
1309 2864 1344 2895 et

256 2923 266 2927 ”
284 2919 345 2954 hic
370 2919 523 2954 dicitur:
543 2919 669 2955 Omnis
698 2919 760 2964 qui
781 2920 940 2965 procedit
963 2921 1005 2955 ad
1028 2921 1282 2963 ministerium,
1303 2926 1344 2956 ut

284 2979 393 3015 saciat
411 2990 521 3025 opera
546 2981 582 3015 in
605 2979 838 3015 tabernaculo
857 2980 1066 3015 testimonii.
1089 2980 1175 3016 Post
1192 2981 1269 3015 liaec
1289 2981 1344 3016 di-

1411 2188 1488 2213 cens
1509 2188 1521 2214 .·
1544 2178 1662 2214 Nolite
1694 2181 1837 2226 perdere
1873 2181 2040 2228 populum
2064 2181 2175 2218 Gaatla
2197 2182 2239 2218 de
2269 2182 2382 2219 medio
2407 2183 2476 2219 Le-

1410 2240 1580 2284 υἰιαντιηι,
1615 2242 1674 2277 sed
1701 2243 1766 2278 ltoc
1797 2244 1902 2289 facite
1932 2245 1982 2280 eis
2006 2251 2044 2280 ut
2069 2245 2207 2289 vivant,
2240 2251 2272 2281 et
2307 2256 2377 2282 non
2400 2257 2476 2281 mo-

1411 2301 1549 2336 riantur
1569 2303 1598 2337 si
1622 2304 1794 2350 tetiqerint
1821 2305 1952 2340 Sancta
1970 2311 2184 2341 sanctornm.
2211 2306 2331 2342 Aaron
2357 2313 2390 2342 et
2409 2306 2476 2351 {ilii

1410 2362 1486 2408 ejus
1530 2364 1737 2408 intrabunt,
1782 2366 1916 2412 ipsique
1961 2367 2143 2412 disponent
2181 2379 2286 2413 opera
2321 2367 2478 2414 sinqulo·

1411 2434 1518 2468 rum,
1553 2430 1585 2459 et
1620 2424 1772 2460 divident
1813 2425 1897 2471 quid
1937 2432 2078 2472 portare
2121 2427 2197 2472 quis
2235 2427 2370 2462 debeat.
2407 2426 2477 2462 Alii

1412 2485 1510 2522 nulla
1553 2486 1754 2522 curiositate
1791 2487 1929 2522 videant
1966 2498 2045 2533 quae
2081 2493 2161 2523 sunt
2196 2476 2239 2523 ‘in
2273 2488 2476 2523 sanctuario

1411 2548 1509 2594 prius
1539 2559 1645 2594 quam
1677 2548 1919 2593 involvantur,
1957 2549 2089 2595 alioqui
2120 2550 2324 2584 morientur.
2354 2549 2477 2585 Primo

1412 2609 1654 2656 intelligamus
1691 2620 1733 2646 ea
1767 2621 1847 2656 quae
1884 2611 2085 2646 secundum
2119 2611 2278 2647 litteram
2315 2611 2478 2648 reserun-
2532 2656 2534 2658 ‚

1414 2676 1492 2713 tur;
1527 2676 1562 2706 et
1593 2671 1664 2715 ita,
1702 2676 1897 2717 praestante
1926 2672 2101 2715 Domino,
2135 2673 2180 2708 ab
2213 2672 2397 2708 intellectu
2423 2673 2478 2708 lit-

1413 2736 1500 2767 terae
1535 2732 1775 2768 ascendamus
1813 2733 1859 2768 ad
1902 2733 2172 2779 intelligentiam
2212 2734 2372 2779 spiritus.
2418 2734 2477 2769 In-

1414 2792 1534 2839 tellige
1559 2802 1646 2838 ergo
1670 2794 1771 2838 prius
1802 2794 1917 2839 ipsam
1949 2794 2221 2830 collocationem
2251 2795 2476 2831 tabernaculi

1416 2854 1628 2898 testimonii,
1652 2855 1808 2901 intellige
1824 2862 1860 2892 et
1875 2857 2008 2893 Sancta
2028 2861 2341 2903 sanctorum,quae
2358 2857 2476 2892 inter-

1409 2914 1508 2960 jecto
1525 2926 1545 2950 a
1562 2916 1699 2952 sanctis
1716 2917 1894 2954 velamine
1911 2919 2142 2962 dirimuntur,
2162 2929 2242 2964 quae
2257 2917 2386 2964 inspici
2403 2929 2473 2954 non

1414 2974 1499 3011 licet
1516 2976 1561 3010 ab
1581 2975 1652 3011 ullo
1671 2977 1857 3014 homiuum
1875 2979 1944 3015 nisi
1962 2989 1982 3015 a
2003 2979 2251 3025 sacerdotibus
2272 2979 2371 3015 solis.
2391 2978 2478 3014 Post

285 3040 377 3076 citur
392 3050 471 3085 quae
499 3041 572 3075 sint
598 3049 707 3085 opera
727 3039 884 3075 filiorum
907 3040 1036 3083 Caatli‚
1061 3041 1096 3075 in
1117 3041 1236 3076 medio
1253 3042 1342 3077 lilio-
1359 3036 1395 3075 D
1413 3035 1491 3071 haeC
1506 3035 1677 3082 intellige,
1697 3039 1876 3083 quomodo
1895 3039 1957 3075 ubi
1976 3044 2123 3075 ventum
2153 3038 2274 3081 suerit,
2296 3043 2336 3074 ¹¹1
2353 3043 2474 3074 castra

285 3110 365 3135 rum
385 3100 468 3136 Levi
487 3100 683 3135 secundum
699 3100 821 3146 plebes
835 3110 920 3136 suas
938 3101 974 3136 in
995 3102 1226 3137 tabernaculo
1244 3103 1346 3138 testi-

285 3161 409 3196 monii.
442 3158 605 3196 Introiln't
621 3187 630 3204 ‚
668 3161 787 3206 inquit
804 3188 814 3204 ,
849 3160 969 3196 Aaron
1000 3167 1032 3196 et
1059 3161 1125 3207 filii
1159 3162 1234 3208 ejus
1264 3174 1344 3198 cum

285 3222 418 3258 elevata
438 3222 569 3268 fuerint
593 3228 730 3266 castra,
757 3229 789 3258 et
813 3223 985 3270 deponent
1009 3223 1119 3259 velum
1140 3235 1206 3270 quo
1227 3230 1344 3270 tequa-

286 3290 343 3319 tur
359 3291 494 3328 sancta,
521 3291 554 3320 et
576 3286 728 3332 operient
748 3295 791 3322 ea:
804 3286 879 3333 ipso
897 3285 970 3321 velo
994 3296 1113 3322 arcam
1132 3287 1341 3322 testamenti.

286 3345 330 3380 Et
354 3350 435 3392 post
460 3347 538 3382 haec
558 3351 695 3392 septem
726 3346 890 3393 quoedam
910 3347 1050 3392 species
1068 3352 1340 3391 enumerantur,

287 3416 366 3452 quae
385 3407 643 3453 praecipiuntur
657 3400 804 3454 operiri.
823 3405 944 3443 Primo
958 3408 995 3443 in
1013 3408 1106 3451 loco,
1125 3411 1165 3443 ut
1178 3407 1341 3444 omnium

286 3466 479 3512 pretiosior
506 3472 589 3504 arca
617 3469 694 3515 ipsa
724 3469 931 3506 test-amenti
958 3469 1144 3515 operiatur
1164 3468 1246 3506 velo
1269 3470 1342 3516 'qno

287 3526 387 3573 prius
408 3527 609 3572 velabatur,
625 3530 687 3566 sed
702 3534 739 3566 et
756 3521 848 3577 petie
865 3529 1018 3576 desuper
1031 3521 1269 3576 hyacinthina
1293 3533 1344 3566 te-

288 3591 413 3632 gatur,
442 3587 585 3624 additur
602 3590 709 3626 etiam
726 3589 827 3627 -ali‘u'd
842 3590 1005 3627 vetamen
1025 3590 1180 3638 desuper
1196 3591 1344 3640 hyacin-

288 3647 442 3685 thinum.
463 3649 631 3688 Secundo
649 3651 686 3688 in
704 3652 784 3690 loco
803 3661 929 3690 mensa
944 3653 1118 3700 operitur,
1134 3653 1243 3690 tertio
1258 3648 1346 3705 ean-³-

289 3706 488 3755 delubrum,
506 3716 636 3758 quarto
658 3713 957 3758 alare'auremn,
977 3711 1104 3760 quinto
1131 3719 1218 3752 vasa
1236 3713 1358 3751 mini-⁴

291 3769 406 3811 sutrii,
436 3771 540 3808 sexto
564 3765 830 3818 operimentum
858 3773 986 3810 altaris
1015 3779 1098 3811 cum
1127 3772 1355 3822 qubusdam·

292 3826 500 3867 velamentis
522 3833 725 3878 apponitur,
756 3834 909 3880 septimo
931 3835 1012 3872 loco
1031 3837 1193 3882 operitur
1223 3842 1261 3875 et
1287 3837 1343 3874 la-

1414 3106 1582 3134 moveant
1600 3099 1663 3135 tilii
1683 3101 1808 3145 lsrael,
1833 3103 1985 3138 solvitur
2001 3102 2285 3145 tabernaculum,
2301 3106 2338 3137 et
2352 3100 2475 3136 Aaron

1413 3166 1451 3195 et
1470 3160 1532 3195 tilii
1551 3160 1628 3206 ejus
1649 3163 1859 3198 sacerdotes
1889 3163 1984 3199 intra
2009 3163 2144 3200 Sancta
2163 3168 2370 3207 sanctorum
2389 3171 2475 3207 ope-

1413 3221 1512 3256 riunt
1539 3221 1679 3267 singula
1714 3232 1865 3268 quaeque
1896 3225 2132 3268 operimentis
2166 3234 2210 3260 ac
2237 3221 2475 3269 velaminibus

1414 3281 1500 3323 suis,
1522 3286 1560 3316 et
1575 3282 1719 3316 obtecta
1736 3290 1778 3316 ea
1797 3282 2056 3327 relinquentes,
2085 3284 2122 3318 in
2151 3285 2278 3320 eodem
2298 3293 2370 3329 quo
2391 3283 2472 3319 fue-

1414 3347 1497 3378 rant
1515 3341 1594 3378 loeo
1614 3341 1846 3378 introducunt
1859 3343 1954 3379 tilios
1972 3343 2102 3386 Caath,
2133 3345 2197 3389 qui
2222 3340 2270 3379 ad
2285 3345 2384 3380 istud
2397 3343 2474 3379 om.

1417 3403 1512 3440 cium
1532 3404 1691 3450 deputati
1708 3408 1806 3448 sunt,
1826 3407 1863 3440 e't
1877 3403 2015 3440 'faciunt
2045 3404 2188 3441 elensi-e
2209 3404 2370 3441 humeris
2397 3406 2472 3443 suis

1415 3467 1543 3504 omnia-
1566 3467 1629 3503 ffla
1661 3477 1740 3514 quae
1768 3476 1896 3504 manus
1923 3467 2156 3504 sacerdotalis
2189 3466 2392 3504 obtexerat.
2425 3468 2472 3505 Et

1415 3534 1565 3575 propter
1585 3529 1654 3565 hoe
1673 3528 1808 3565 dicitur
1831 3539 1852 3564 a
1875 3527 2054 3565 Domino:
2076 3526 2128 3564 Ne
2153 3529 2400 3566 exterminetis
2425 3530 2471 3567 de
2533 3555 2540 3566 .

1415 3590 1516 3628 tribu
1534 3598 1603 3627 sua
1626 3589 1769 3638 plebem
1783 3589 1922 3632 naath,
1942 3589 2047 3636 quasi
2073 3589 2112 3626 in
2130 3599 2177 3627 eo
2205 3589 2469 3628 exterminandi

1411 3652 1549 3695 essem,
1570 3651 1602 3688 si
1618 3650 1751 3688 Sancta
1766 3649 1977 3688 'sanctorum
2003 3650 2103 3687 nuda
2121 3657 2158 3687 et
2184 3650 2358 3698 patientia
2380 3655 2472 3688 eon·-

1410 3711 1601 3760 tigi'ssen‘tz
1619 3712 1701 3760 (111ae
1722 3718 1795 3749 non
1816 3710 1935 3750 solum
1964 3714 2038 3749 non
2059 3711 2282 3760 contingere,
2307 3703 2376 3750 ‘sed
2399 3712 2473 3749 Μ

1411 3771 1546 3813 initiari
1575 3766 1724 3822 thdeiti'
1743 3771 1898 3812 raserat
1918 3783 1996 3812 non
2022 3772 2155 3812 velata.
2189 3774 2229 3812 Si
2252 3766 2478 3812 uitem

1412 3836 1499 3884 quid
1537 3835 1697 3875 historia}
1741 3836 1831 3874 ordo
1861 3835 2057 3883 contineat,
2096 3836 2251 3877 ascende
2287 3845 2383 3874 nune
2419 3831 2467 3872 ad
