2540 4016
305 147 375 188 675

730 141 772 177 Β.
799 140 972 178 RABANI
996 138 1145 179 MAURI
1169 135 1385 175 ARCHIEP.
1413 133 1620 173 MOGUNT.
1637 135 1840 175 »oPmUM
1863 123 1986 173 'PARS
2010 135 2040 173 1.

2395 138 2466 178 676

302 231 449 273 qaorum
465 217 584 266 qladio
601 217 787 259 corruetis,
799 227 837 251 eo
854 216 947 262 quod
966 216 1147 252 nolueritis
1161 214 1354 261 acquiesce·
1369 211 1407 252 A
1420 210 1537 246 vinum
1557 209 1603 245 ad
1620 209 1845 247 libamentum
1860 211 1972 247 tertioe
1987 212 2098 258 partis
2116 211 2272 255 eiusdem
2282 207 2471 260 mensur-dr,

302 295 339 320 re
353 280 517 317 Domtno.
537 277 583 313 As
601 275 655 312 itti
670 277 906 313 contenebrati
936 276 1167 312 ascenderunt
1191 277 1352 310 verticem

301 341 440 380 montis.
457 338 550 375 Arca
563 342 679 372 autem
692 338 890 373 testamenti
908 337 1052 372 Domini
1067 341 1099 371 et
1114 335 1265 382 Moyses,
1281 345 1352 371 non

303 405 516 440 recesserant
546 398 588 434 de
623 398 761 437 caetris.
799 398 1052 444 Descenditque
1071 396 1302 433 Amoleckices
1318 401 1352 432 et

301 462 539 504 chananaeus,
555 458 615 505 qui
630 457 788 493 habitant
809 458 846 494 in
875 463 1002 499 monte,
1023 463 1056 493 et
1080 454 1274 504 percutiens
1293 467 1352 493 eoa

299 530 402 571 atque
422 521 622 563 concidens,
641 525 841 565 persecutus
867 525 916 555 est
934 530 1042 566 usque
1075 519 1122 554 ad
1152 518 1301 554 Horma.
1321 518 1351 555 Ο

303 585 394 620 mira
414 581 632 629 protervitas
649 581 815 616 humanae
835 579 981 623 mentis,
1007 584 1044 615 et
1059 579 1238 615 horrenda
1264 578 1352 614 stul-

299 644 378 680 titia
410 653 477 689 per
507 641 682 677 malitiam
715 639 887 676 excaeeati
918 639 1050 676 cordis.
1086 638 1230 675 Mandat
1257 639 1351 673 Deus

297 703 599 750 promissionibus
635 701 797 744 credere,
828 705 865 736 et
884 700 929 736 de
962 711 1024 737 sua
1048 700 1221 746 patientia
1239 698 1351 735 confi-

297 765 398 808 dere,
417 765 539 809 sieque
555 768 691 799 terram
719 761 974 808 possidendam
1005 761 1155 797 intrare.
1176 760 1266 796 Huic
1285 759 1353 794 hu-

298 836 405 862 mana
437 824 590 861 stultitia
627 823 747 859 renuit
783 823 946 865 credere,
990 827 1028 858 et
1057 821 1170 868 jussis
1212 820 1351 867 spernit

298 888 549 934 obtemperare
565 885 784 923 salubribus.
801 885 830 920 E
849 884 1033 920 contrario
1051 882 1238 919 denuntiat
1258 881 1353 918 Deus

297 948 350 985 eis
363 953 511 994 propter
523 951 674 994 peecata
688 956 813 982 eorum
825 951 861 981 et
874 945 1074 991 perfidiam,
1085 944 1351 991 possessionem

296 1015 403 1046 terrae
427 1009 496 1045 sibi
516 1014 602 1044 ante
618 1007 862 1053 repromissae,
893 1016 1068 1050 suumque
1096 1005 1268 1040 auxilium
1299 1004 1352 1040 eis

297 1071 449 1117 denegat
466 1068 644 1106 conferre.
666 1067 713 1102 At
727 1067 776 1102 illi
797 1066 1057 1107 contenebrati,
1080 1071 1206 1101 contra
1226 1063 1351 1099 volun-

296 1136 407 1168 tatem
425 1130 490 1168 Dei
507 1139 587 1166 eam
600 1128 724 1164 volunt
738 1128 920 1163 invadere.
940 1127 1101 1170 Quorum
1133 1126 1348 1168 imitatores,
1369 1119 1401 1158 B
1421 1127 1501 1162 dem
1539 1126 1599 1162 hin
1627 1127 1874 1169 medietatem,
1905 1126 1940 1161 in
1964 1126 2077 1161 ariete
2097 1130 2218 1160 autem
2242 1124 2347 1169 hujus
2376 1134 2478 1160 men-
2533 1117 2540 1123 ”

297 1192 435 1228 utinam
468 1189 606 1226 nostris
636 1189 860 1234 temporibus
888 1198 959 1224 non
991 1188 1219 1223 haberemus.
1259 1185 1350 1221 Sunt

295 1251 393 1287 enim
409 1251 500 1296 proh
516 1249 636 1285 dolor!
658 1258 731 1284 non
750 1247 856 1293 pauci
889 1247 1062 1282 moderno
1095 1252 1269 1291 tempore,
1290 1245 1351 1290 qui

294 1311 382 1348 licet
395 1316 536 1347 veteres
551 1310 594 1345 de
608 1318 672 1344 sua
685 1308 868 1354 protervia
883 1307 1117 1352 redarguant,
1133 1312 1169 1341 et
1187 1305 1352 1340 incredu-

294 1355 435 1407 li‘tatem
475 1378 599 1405 eorum
637 1367 918 1413 reprehendant,
948 1366 1182 1400 nihilominus
1214 1365 1280 1408 ipsi
1315 1364 1351 1399 in

293 1432 455 1468 moribus
489 1430 649 1475 ipsorum
682 1437 856 1473 sequaces
870 1426 1027 1462 existant
1048 1437 1055 1459 z
1077 1424 1139 1469 qui
1161 1434 1228 1458 nec
1249 1423 1352 1458 bonis

294 1492 483 1539 promissis
499 1500 565 1536 per
593 1488 751 1524 divinam
785 1487 900 1533 legem
929 1484 1175 1530 adipiscendis
1200 1484 1349 1526 instant,

294 1565 361 1591 nec
381 1552 574 1600 prohibitis
591 1550 697 1587 malis
710 1548 896 1596 peccando
917 1557 954 1583 se
976 1546 1163 1592 implicare
1177 1555 1248 1580 non
1269 1554 1351 1579 ces-

293 1619 388 1651 sant.
411 1613 482 1650 Sed
496 1613 590 1648 sicut
606 1621 673 1647 nec
693 1610 778 1654 illis,
797 1610 846 1644 ita
864 1619 931 1644 nec
950 1607 1031 1643 istis
1056 1607 1134 1642 haec
1151 1605 1352 1651 pertinacia

292 1676 397 1712 cedet
413 1675 450 1711 in
472 1683 700 1721 prosperum.
723 1671 813 1707 Nam
834 1669 1039 1717 spirituales
1062 1668 1296 1703 Amaleehitae
1316 1672 1352 1702 ct

291 1736 500 1779 Chananaei,
520 1735 582 1780 qui
603 1734 770 1770 habitant
786 1733 822 1768 in
839 1731 1023 1767 montibus
1056 1729 1248 1775 superbiae,
1270 1738 1352 1774 per-

293 1797 430 1834 cutient
464 1806 526 1832 eos
557 1800 665 1841 atque
695 1793 903 1835 concident,
944 1795 1203 1837 persequentes
1238 1799 1352 1834 usque

291 1856 440 1893 Horma.
457 1854 692 1891 Amalecbitae
707 1854 802 1890 enim
816 1852 968 1898 populus
984 1851 1116 1897 lingens
1131 1851 1349 1896 scmquinem,

293 1924 330 1954 et
349 1916 542 1954 Chananaei
562 1915 775 1962 neyotiantes
792 1914 868 1950 sive
886 1920 1014 1948 nictus.
1039 1912 1172 1947 Horma
1202 1911 1350 1946 amnne-

291 1992 348 2016 ma
366 1980 639 2025 interpretatur.
656 1976 831 2012 Caelestes
848 1985 934 2021 ergo
953 1973 1137 2019 nequitiae,
1158 1983 1238 2018 quae
1259 1973 1351 2008 inte-

1420 270 1543 316 offcret
1555 271 1593 308 in
1612 271 1754 308 odorem
1769 272 1955 308 suauitatis
1974 271 2139 307 Domino.
2159 270 2311 315 Quando
2332 274 2474 312 mdc

1420 330 1526 367 totus
1557 331 1681 378 seceris
1708 330 1950 368 holocaustum
1985 338 2047 369 aut
2078 332 2229 367 hostiam
2261 337 2301 368 ut
2327 332 2473 380 impleo·

1418 400 1549 438 votum,
1570 393 1623 430 vel
1640 394 1808 441 pacificas
1826 395 1998 439 victimas,
2013 393 2111 430 datis
2126 404 2188 441 per
2205 393 2360 440 sinodos
2374 394 2474 437 bonan

1418 455 1544 492 cimilae
1558 462 1626 491 tres
1641 456 1793 491 decimas
1814 466 2006 502 conspersae
2024 456 2115 499 oleo,
2136 455 2229 503 quod
2249 455 2386 492 habebit
2401 467 2474 492 me·

1419 516 1515 551 dium
1542 526 1715 552 mensurae
1729 516 1813 558 hin,
1834 522 1865 551 et
1886 515 1932 551 ad
1955 516 2024 551 liba
2046 516 2227 561 fundenda
2243 517 2363 552 vinum
2382 517 2476 563 ejus-

1418 578 1496 613 dem
1517 587 1690 613 mensaroe
1705 603 1714 618 ,
1739 578 1779 612 in
1809 575 2018 612 oblationem
2039 577 2238 612 suavissimi
2263 578 2383 614 odoris
2405 578 2476 614 Do-

1417 639 1526 672 mino.
1561 635 1620 672 Sic
1643 637 1779 682 facietis
1805 647 1867 683 per
1899 636 2056 682 sinyulos
2079 636 2177 672 toves
2202 643 2235 673 et
2263 638 2411 682 arietes,
2442 642 2476 674 et

1419 709 1525 744 aqnos
1546 704 1577 733 et
1596 698 1730 742 hoedos,
1744 703 1780 733 et
1793 697 1858 733 rel.
1874 698 2051 744 ‹losephus
2065 699 2101 733 in
2115 697 2379 745 Antiquitatum
2397 709 2476 736 sua·

1419 771 1499 795 rum
1520 760 1645 802 tertio,
1668 758 1774 804 hujus
1790 759 1859 796 loci
1883 759 2084 795 meminens
2108 759 2234 795 refert.
2257 760 2333 796 Lex
2352 765 2475 796 autem

1417 822 1591 867 praecepit
1611 821 1645 856 in
1664 821 1816 866 privatis
1833 820 2060 867 publicisque
2077 819 2267 856 sacrifieiis
2284 821 2396 856 etiam
2417 820 2473 856 fa-

1419 881 1536 916 rinam
1566 880 1839 916 mundissimam
1862 879 1992 925 adjici,
2017 880 2053 915 in
2072 888 2166 926 agno
2189 879 2334 925 quidem
2359 880 2476 916 assari

1418 951 1526 976 unam
1559 951 1767 976 mensuram
1781 968 1790 984 ,
1809 941 1846 976 in
1879 941 1995 976 ariete
2015 950 2102 976 vero
2122 940 2296 984 duorum,
2314 940 2351 977 in
2370 944 2476 976 tauro
2531 955 2540 964 ·

1418 1004 1541 1039 trium.
1559 1003 1605 1038 Et
1620 1003 1689 1038 hoe
1706 1003 1937 1039 sanctificant
1955 1013 2065 1048 super
2081 1002 2196 1038 altare
2213 1002 2293 1038 oleo
2311 1001 2474 1037 mistum.

1420 1067 1508 1102 Nam
1528 1071 1564 1102 et
1579 1066 1697 1102 oleum
1710 1065 1859 1102 offertur
1873 1066 1918 1101 ab
1934 1065 2221 1108 immolantibus,
2245 1064 2282 1100 in
2296 1064 2478 1109 bovequi-
2535 1044 2540 1056 ι

1419 1197 1514 1223 surae
1536 1187 1678 1222 tertiam
1695 1191 1836 1232 partem
1853 1193 1890 1222 et
1902 1192 2068 1232 quartam
2086 1186 2122 1221 in
2139 1196 2245 1232 agno.
2267 1185 2336 1220 Hin
2355 1189 2475 1220 autem

1420 1257 1594 1283 mensura
1629 1247 1861 1283 Hebraeorum
1895 1247 2044 1292 antiqua
2077 1247 2187 1281 choas
2214 1244 2354 1280 Atticas
2386 1244 2478 1279 duas

1419 1308 1528 1352 capit,
1548 1307 1746 1343 secundum
1766 1317 1874 1353 quam
1894 1317 2103 1342 mensuram
2122 1305 2242 1342 oleum
2261 1304 2475 1342 offerebant.

1419 1366 1483 1402 Est
1519 1371 1639 1402 autem
1671 1373 1710 1402 ut
1740 1368 1777 1402 in
1796 1367 1888 1403 libro
1908 1367 2003 1403 Ruth
2023 1367 2168 1413 legitur,
2196 1366 2279 1412 ephi
2310 1374 2480 1402 mensura

1420 1426 1531 1460 trium
1555 1427 1772 1462 modiorum.
1794 1426 1862 1462 llin
1895 1433 2015 1462 autem
2044 1432 2084 1462 ut
2109 1427 2161 1462 illi
2193 1427 2319 1462 volunt
2349 1426 2410 1472 qui
2434 1426 2479 1462 de

1419 1484 1640 1530 ponderibus
1663 1494 1706 1519 ac
1731 1485 1912 1520 mensuris
1932 1486 2180 1529 scripserunt,
2209 1485 2357 1520 sextarii
2377 1494 2479 1520 men-

1420 1554 1543 1579 suram
1566 1548 1677 1580 tenet.
1698 1544 1766 1588 Qui
1797 1546 1847 1580 ita
1878 1545 1958 1580 ideo
1981 1546 2188 1581 nominatus
2213 1550 2290 1588 est,
2316 1554 2360 1580 eo
2383 1545 2481 1590 quod

1421 1613 1519 1643 sexta
1539 1617 1621 1653 pars
1642 1612 1696 1643 est
1714 1607 1846 1653 congii.
1865 1607 1957 1652 Quid
1978 1618 2064 1654 ergo
2083 1608 2151 1643 boc
2169 1607 2247 1643 vult
2264 1607 2359 1653 quod
2373 1606 2481 1652 jube-

1421 1674 1479 1704 tur
1498 1669 1718 1714 ingressuris
1740 1673 1874 1705 terram
1899 1669 2209 1716 repromissionis,
2237 1678 2302 1715 per
2322 1668 2481 1715 singulas

1421 1729 1560 1773 species
1579 1729 1805 1771 animalium,
1826 1738 1906 1774 quae
1924 1728 2046 1764 offerri
2062 1728 2234 1771 licebant,
2256 1728 2478 1765 sacrificium

1422 1790 1598 1832 adbiberi,
1624 1789 1694 1824 nisi
1715 1789 1808 1834 quod
1827 1788 2038 1835 spiritaliter
2053 1799 2120 1824 nos
2139 1789 2258 1832 docet,
2274 1789 2335 1834 qui
2355 1788 2392 1823 in
2409 1793 2482 1824 ter-

1422 1861 1501 1886 ram
1522 1851 1693 1886 Ecclesiae
1722 1861 1788 1896 per
1821 1851 1963 1886 Domini
1989 1851 2142 1897 gratiam
2169 1850 2407 1892 intravimus,
2441 1854 2482 1886 ut

1421 1922 1486 1958 per
1520 1911 1682 1958 singulas
1719 1911 1858 1956 species
1891 1911 2067 1946 bonorum
2090 1921 2259 1957 operum,
2293 1909 2482 1946 scientiam

1424 1975 1622 2019 spiritalem
1642 1974 1678 2009 in
1707 1973 1944 2009 meditatione
1963 1973 2092 2008 divinae
2118 1972 2207 2018 legis
2226 1971 2477 2007 adhibeamus.

292 2039 400 2075 ritum
421 2044 587 2075 nostrum
609 2037 828 2077 desiderant,
851 2040 887 2070 et
914 2033 1069 2070 terrenis
1088 2033 1350 2078 cupiditatibus
1369 2019 1398 2060 C
1421 2034 1587 2070 Mensura
1610 2045 1695 2081 ergo
1714 2034 1820 2079 ephi,
1844 2044 1923 2079 quae
1947 2039 2020 2069 tres
2041 2033 2151 2068 hahet
2166 2032 2256 2067 alias
2273 2041 2481 2074 mensuras,

292 2109 359 2136 nos
379 2099 564 2144 implicare
585 2097 723 2138 volunt,
743 2097 773 2132 si
794 2094 1148 2142 perseveraverimus
1171 2094 1206 2129 iu
1226 2104 1350 2140 pecca-

291 2159 355 2203 tis,
371 2159 457 2195 etin
474 2158 658 2194 montibus
676 2157 854 2203 superbiae
886 2156 1081 2192 ascendere
1110 2167 1182 2191 non
1207 2156 1349 2191 desisti-

292 2229 388 2263 mus,
408 2218 603 2255 concident
619 2227 686 2253 nos
710 2217 832 2263 ignitis
843 2216 986 2262 jaculis,
1010 2212 1117 2262 atque
1138 2216 1182 2251 ad
1200 2216 1351 2251 anathe-

292 2291 352 2317 ma
371 2284 586 2325 perpetuum
604 2278 815 2324 perducent.
855 2277 957 2314 Unde
977 2288 1048 2314 non
1070 2277 1265 2313 secundum
1284 2277 1351 2313 Pe-

291 2343 482 2391 lagianitas
501 2343 546 2379 de
565 2347 691 2378 nostra
712 2342 790 2378 sine
808 2341 923 2386 gratia
958 2341 1021 2376 Dei
1050 2350 1269 2386 praesumere
1290 2340 1350 2375 de-

290 2406 418 2441 bemus
431 2403 610 2450 potentia,
627 2402 693 2439 sed
715 2402 901 2438 humiliter
919 2401 1166 2436 infirmitatem
1188 2406 1350 2436 nostram

291 2464 581 2506 considerantes,
603 2462 639 2498 id
653 2462 749 2507 quod
781 2461 923 2497 Domini
938 2471 1003 2496 ore
1023 2460 1246 2504 decernitur,
1266 2462 1351 2497 obe-

293 2525 465 2562 diendum
484 2530 523 2560 et
539 2524 764 2570 sequendum
781 2532 846 2569 per
859 2522 999 2558 nomnia
1030 2521 1134 2558 nobis
1166 2521 1351 2558 humiliter

296 2586 499 2623 credamus.
531 2583 664 2630 Sicque
703 2583 808 2620 nobis
842 2583 966 2619 hostes
1004 2582 1126 2619 cuncti
1160 2582 1352 2618 inferiores

295 2647 470 2689 existunt,
486 2650 524 2681 et
541 2645 586 2680 ad
617 2644 775 2681 coelestis
813 2643 940 2689 patriae
968 2643 1115 2690 gaudia,
1137 2653 1217 2688 quae
1247 2643 1352 2679 nobis

292 2705 471 2752 promissa
488 2708 586 2746 sunt,
607 2704 796 2750 pervenire
817 2713 882 2749 per
900 2704 1044 2740 Domini
1063 2704 1351 2741 misericordiam

295 2757 574 2811 praevaleamus.

696 2821 848 2859 CAPUT
873 2822 948 2858 ΧΠ.

412 2885 464 2921 De
479 2885 549 2921 ritu
563 2883 819 2929 sacrificiorum
833 2894 894 2929 per
910 2883 1068 2929 singulas
1086 2885 1228 2929 species.

340 2943 442 2992 (Cir.
469 2944 548 2990 xv.)
586 2943 740 2980 Locutus
763 2948 813 2978 est
847 2943 1019 2978 Dominus
1057 2943 1103 2978 ad
1133 2943 1278 2989 Moysen
1298 2945 1352 2979 di-

293 3016 374 3043 σωκ
390 3013 403 3039 .·
420 3003 578 3051 Loquere
594 3002 639 3039 acl
673 3002 765 3048 filios
786 3002 900 3038 Israel
919 3009 950 3038 et
967 3002 1060 3038 dices
1093 3002 1139 3037 ad
1164 3014 1222 3038 eos
1236 3012 1248 3037 :
1264 3003 1351 3040 Cum

293 3067 441 3114 ingressi
475 3065 612 3111 [ueritis
647 3069 777 3100 terram
814 3062 1040 3098 habitationis
1077 3068 1208 3106 vestrm,
1246 3074 1352 3109 quam

294 3139 356 3174 eqo
386 3126 477 3163 dabo
507 3125 615 3169 votis,
649 3130 681 3160 et
713 3124 864 3170 feceritis
899 3122 1110 3159 oblationem
1136 3124 1286 3159 Domino
1315 3126 1352 3161 in

295 3187 538 3226 holocaustum
563 3192 624 3223 aut
646 3186 823 3222 victimam
842 3184 1041 3231 pacificam,
1077 3191 1155 3220 vota
1186 3185 1354 3221 solventes

295 3249 346 3286 vel
375 3256 496 3297 sponte
513 3249 697 3296 offerentes
719 3258 882 3292 munera,
917 3253 978 3284 aut
1011 3249 1049 3283 in
1074 3247 1351 3284 solemnitatibus

296 3310 417 3347 vestris
439 3307 617 3345 adolentes
637 3308 780 3345 odorem
801 3308 987 3344 suavitatis
1000 3308 1167 3352 Domino,
1183 3308 1225 3344 de
1244 3308 1351 3344 bobus

296 3373 367 3409 cive
396 3372 440 3409 de
473 3369 613 3414 ovibus,
643 3370 766 3417 offerat
802 3369 1000 3417 quicunque
1035 3368 1266 3405 immolaverit
1300 3369 1350 3404 vi-

297 3432 439 3469 ctimam
457 3457 469 3475 .
497 3430 713 3476 sacrificium
747 3428 873 3466 simiae
904 3429 1076 3465 decimam
1106 3435 1242 3476 partem
1271 3428 1351 3475 ephi

297 3501 520 3538 conspersam
533 3489 609 3528 oleo
625 3499 638 3527 .·
654 3490 748 3539 quoti
761 3500 966 3527 mensnram
979 3490 1082 3526 habet
1095 3495 1258 3537 quartam
1269 3499 1352 3538 par-

299 3555 367 3587 tem
383 3550 460 3595 liin,
479 3556 512 3588 et
526 3551 644 3588 vinum
663 3551 710 3588 ad
722 3551 794 3588 liba
809 3551 991 3598 fundenda
1007 3547 1166 3598 ejusaem
1182 3557 1355 3587 mensure

299 3609 393 3647 dabit
408 3610 447 3647 in
459 3609 703 3648 holocaustum
719 3611 791 3647 sive
805 3612 844 3648 in
858 3611 1049 3648 victimam.
1075 3609 1148 3648 Per
1159 3621 1269 3658 aquas
1283 3611 1358 3647 rin·

299 3671 399 3717 culos
421 3679 452 3710 et
477 3673 603 3710 arietes
620 3674 686 3710 erit
709 3673 925 3720 sacrificium
942 3672 1068 3710 similoe
1093 3672 1247 3709 duarum
1260 3672 1357 3710 deof-

301 3739 454 3779 Rarum,
475 3740 558 3783 Μ
588 3734 831 3782 “mercasti
852 3733 929 3772 oceo
948 3734 1062 3771 tertia
1088 3734 1200 3782 parti·
1215 3734 1359 3780 iiim-'vt

1421 2096 1603 2142 significat
1633 2102 1767 2132 sanctae
1795 2095 1984 2131 Trinitatis
2016 2094 2135 2129 tidem.
2169 2091 2278 2137 Cujus
2306 2091 2483 2127 decimam

1416 2157 1564 2203 jubetur
1584 2157 1736 2199 offerre,
1767 2156 1804 2192 id
1827 2162 1902 2199 est,
1938 2155 2188 2192 eredulitatem
2221 2152 2482 2189 incarnationis

1420 2218 1570 2261 Christi,
1591 2229 1669 2263 quae
1691 2219 1726 2253 in
1745 2219 1823 2265 lege
1843 2218 1945 2254 nobis
1966 2217 2174 2263 plenissime
2193 2202 2480 2258 commendatur,

1424 2279 1499 2314 sive
1533 2279 1800 2314 observantiam
1826 2279 1938 2325 ipsius
1964 2278 2139 2325 decalogi.
2174 2276 2348 2313 Jubemur
2376 2273 2483 2311 simul

1423 2339 1553 2374 offerre
1572 2339 1702 2382 oleum,
1726 2340 1794 2375 hoc
1821 2344 1878 2375 est
1895 2339 2111 2375 charitatem
2126 2344 2162 2374 et
2182 2336 2479 2373 misericordiam.

1421 2400 1598 2437 iubemur
1618 2407 1653 2437 et
1669 2402 1792 2436 vinum
1821 2401 1866 2436 ad
1884 2401 2119 2436 libamentum
2137 2427 2146 2444 ,
2178 2401 2211 2435 id
2233 2404 2306 2441 est,
2329 2397 2484 2445 gratiam

1420 2462 1633 2507 spiritalem,
1655 2462 1730 2497 sive
1749 2462 2115 2497 communicationem
2133 2460 2311 2506 passionis
2330 2459 2481 2495 Christi.

1420 2522 1464 2558 Et
1478 2523 1556 2558 haee
1570 2523 1673 2569 juxta
1693 2522 2008 2568 participationem
2031 2531 2210 2558 mensurae
2227 2520 2304 2563 hin,
2328 2520 2398 2556 hoc
2411 2524 2480 2563 est,

1420 2582 1618 2619 seeundum
1655 2583 1948 2619 distributionem
1978 2575 2149 2628 perfectae
2180 2579 2395 2617 devotionis.
2418 2578 2485 2616 Se-

1421 2644 1546 2681 narius
1567 2648 1701 2685 autem,
1722 2643 1783 2689 qui
1801 2641 1985 2688 perfectus
2003 2647 2059 2678 est
2075 2650 2247 2677 numerus
2261 2667 2271 2684 ‚
2291 2638 2484 2686 perfectio-

1421 2715 1504 2740 nem
1523 2703 1695 2749 cujusque
1727 2703 1779 2738 rei
1809 2703 2001 2749 significat.
2036 2701 2129 2746 Quid
2150 2705 2205 2737 est
2222 2709 2309 2746 ergo
2328 2698 2424 2735 aliud
2445 2699 2483 2735 in

1422 2766 1504 2812 agni
1523 2765 1705 2801 oblatione
1720 2764 1897 2800 decimam
1916 2768 2056 2810 partem
2075 2762 2158 2808 ephi
2182 2761 2331 2802 offerre,
2351 2759 2481 2796 similae

1421 2836 1625 2872 conspersae
1645 2825 1724 2861 oleo
1744 2826 1847 2871 juxta
1868 2822 2034 2871 quartam
2050 2829 2190 2870 partem
2205 2823 2281 2866 hin,
2303 2827 2339 2859 et
2357 2823 2482 2859 vinum

1422 2886 1583 2932 ejusdem
1599 2896 1778 2922 mensurae
1796 2887 1840 2922 ad
1860 2886 1931 2922 liba
1957 2885 2151 2928 fundenda,
2170 2884 2240 2920 nisi
2266 2883 2480 2930 simplicita-

1422 2952 1497 2982 tem
1513 2957 1668 2989 morum,
1688 2947 1794 2982 simul
1818 2957 1899 2983 cum
1919 2946 2069 2983 scientia
2085 2945 2176 2992 legis
2189 2945 2320 2982 divinae
2337 2950 2374 2982 et
2392 2954 2480 2991 pru-

1425 3008 1546 3044 dentia
1570 3008 1776 3055 evangeliea
1803 3009 1998 3045 exhibere?
2015 3007 2107 3052 Quia
2128 3017 2201 3043 non
2219 3007 2323 3044 decet
2345 3005 2483 3052 simpli-
2535 3031 2540 3034 -

1425 3070 1569 3107 citatem
1589 3070 1667 3106 sine
1684 3071 1875 3116 prudentia
1887 3099 1896 3115 ,
1920 3080 1988 3107 nec
2003 3068 2231 3117 prudentiam
2252 3067 2331 3105 sine
2349 3067 2484 3114 simpli-

1426 3131 1536 3177 citate
1559 3141 1775 3177 quemquam
1802 3131 1949 3174 habere,
1976 3129 2038 3176 qui
2063 3129 2247 3166 desiderat
2264 3128 2483 3166 oblationem

1425 3202 1527 3228 suam
1555 3191 1630 3228 Deo
1661 3192 1918 3237 acceptabilem
1946 3190 2082 3228 facere.
2111 3190 2214 3227 Unde
2248 3189 2414 3226 Salvator
2445 3188 2483 3224 in
2536 3232 2540 3236 η

1422 3251 1619 3298 Evangelio
1645 3250 1832 3296 discipulis
1863 3251 2036 3296 praecepit
2065 3250 2220 3286 dicens:
2248 3249 2369 3285 Estote
2394 3258 2483 3295 pru-

1421 3311 1539 3347 dentes
1570 3311 1660 3346 sicut
1691 3315 1865 3355 serpentes
1890 3314 1924 3345 et
1959 3309 2134 3355 simplices
2169 3309 2260 3344 sicut
2297 3307 2480 3344 columbae.
2532 3313 2540 3320 ·

1418 3371 1546 3409 Omnis
1564 3371 1661 3407 enim
1675 3369 1830 3406 stultitia
1849 3369 1943 3405 sicut
1959 3373 1996 3405 et
2012 3368 2179 3405 ‘versutia
2204 3367 2278 3404 Deo
2293 3365 2484 3404 abomina-

1418 3431 1501 3469 bilis
1520 3434 1590 3475 est,
1613 3434 1650 3467 et
1674 3429 1754 3466 ideo
1778 3427 1878 3466 omni
1904 3427 2012 3465 mod'o
2038 3428 2084 3464 ab
2104 3427 2224 3463 anima
2241 3426 2407 3474 pellenda
2424 3434 2484 3466 est

1422 3491 1614 3535 catholiea,
1644 3490 1683 3527 in
1712 3497 1786 3538 qua
1815 3487 2040 3526 solummodo
2058 3496 2203 3534 semper
2221 3487 2346 3534 vigere
2375 3484 2484 3523 debet

1422 3552 1635 3601 simplicitas
1646 3550 1868 3589 Christiana.
1885 3549 1976 3587 Item
1996 3549 2033 3586 in
2051 3549 2235 3587 oblatione
2249 3548 2376 3585 arietis
2391 3547 2483 3584 duas

1424 3614 1584 3654 decimas
1607 3607 1739 3651 similae
1752 3612 1857 3660 jubet
1879 3610 2031 3655 offerre,
2055 3606 2163 3648 simul
2180 3609 2252 3646 olei
2276 3612 2386 3654 atque
2404 3605 2483 3643 vini

1425 3675 1575 3713 tertiam
1591 3678 1731 3723 partem
1745 3672 1822 3710 bin.
1839 3671 1885 3709 Et
1901 3672 1986 3720 quia
2004 3670 2100 3708 aries
2112 3675 2303 3707 >rectorum
2318 3667 2482 3706 ordinem

1424 3733 1631 3785 mmm,
1659 3735 1746 3782 apte
1763 3735 1846 3771 com
1865 3730 2008 3771 oum
2028 3730 2180 3770 aecium
2198 3729 2297 3776 aries
2310 3726 2480 3772 emm.
