2540 4016
95 177 167 218 653

563 175 922 216 ENARRATIONES
943 175 990 213 IN
1014 173 1194 212 LIBRUM
1218 173 1531 214 NUMERORUM.
1556 194 1606 204 —-
1628 178 1716 215 ΜΒ.
1741 176 1770 215 1.

2195 188 2268 231 654

94 254 308 292 Mortariola
323 265 432 292 aurea
447 253 629 290 duodecim
642 253 745 300 plena
758 253 912 297 incenso,
928 252 1036 288 denos
1045 252 1150 288 siclos
1168 252 1205 293 A
1221 258 1355 298 teneat,
1371 259 1414 291 ut
1437 253 1555 301 magis
1574 253 1641 290 Dei
1674 255 1828 302 gratiam
1855 267 1964 303 quam
1992 261 2165 303 offensam
2191 276 2268 307 me-

94 316 325 363 appendentia
345 315 497 362 pondere
523 316 730 358 sanctuarii,
761 315 798 350 id
814 320 878 359 est,
911 314 1016 350 simul
1046 316 1145 351 aurei

91 376 170 414 sicli
183 384 319 413 centum
333 377 466 424 viginti.
482 375 592 413 Boves
608 376 650 413 de
672 382 828 412 armento
845 376 882 412 in
903 376 1145 411 holocaustum

92 440 290 484 duodecim,
306 441 430 476 arietes
447 440 642 483 duodecim,
658 440 739 486 aqni
761 438 918 475 anniculi
945 437 1142 481 duodecim,

90 506 122 534 et
153 500 342 536 libamenta
360 511 480 536 eorum
504 500 594 535 hirci
617 500 798 535 duodecim
828 510 890 545 pro
918 504 1071 544 peccato.
1099 497 1146 533 In

90 559 204 594 hostia
222 560 448 604 pacificorum
467 560 564 596 boves
584 566 735 606 quatuor
749 566 779 596 et
792 560 926 605 viqinti‚
947 559 1072 595 arietes
1089 570 1144 594 sc-

89 620 244 665 παρῑηια,
270 620 352 665 aqui
372 620 528 656 anniculi
546 621 742 667 sexaginta.
773 620 866 664 Quid
885 630 971 666 ergo
993 620 1029 656 in
1047 619 1146 656 vasis

90 679 271 725 argenteis
289 689 368 724 quae
397 680 504 715 simul
522 682 644 716 omnia
675 681 746 716 duo
766 681 878 716 millia
908 688 944 716 et
977 680 1148 726 quadrin-

88 745 215 785 gentos
240 738 346 775 siclos
363 740 521 785 pondere
543 741 740 776 sanctuarii
761 741 957 782 habehant,
975 739 1043 775 nisi
1066 750 1147 784 per-

86 798 219 836 rectam
239 799 441 835 doctrinam
472 800 698 846 eloquiorum
727 801 806 843 Dei,
837 811 917 845 quae
945 800 982 834 in
1006 799 1145 834 duobus

88 858 330 895 Testamentis
348 860 525 903 consistit,
547 861 709 905 accipere
728 859 929 896 debemus?
945 858 1009 895 Cui
1029 859 1059 894 si
1078 859 1146 895 rite

86 920 345 963 obedierimus,
373 920 450 966 ¹jam
472 921 644 966 quadriga
666 920 856 961 virtutum,
889 919 958 955 hoc
983 923 1039 954 est
1058 929 1146 963 pru-

85 980 219 1023 dentia,
236 979 391 1024 justitia,
410 980 621 1016 fortitudine
642 989 684 1015 ae
702 979 954 1023 temperantia,
975 979 1018 1013 ad
1040 984 1145 1014 zeter·

84 1050 167 1076 uam
198 1039 457 1076 beatitudinem
477 1050 543 1074 nos
578 1039 762 1084 perducit,
793 1040 889 1085 quod
922 1040 1061 1076 numeri
1085 1041 1144 1076 isti

82 1100 260 1136 veraciter
278 1100 382 1135 nobis
410 1100 576 1136 innuunt.
598 1100 688 1136 Nam
716 1099 940 1137 millenarius
970 1112 1143 1139 numerus

82 1160 283 1205 duplicatus
303 1160 460 1196 ostendit
478 1160 620 1206 gemina
641 1160 875 1197 Testamenta
893 1161 939 1196 ad
967 1166 1140 1198 aeternam

80 1219 339 1256 beatitudinem
376 1220 542 1256 veniendi
592 1220 697 1256 nobis
738 1221 832 1256 viam
875 1222 1136 1259 demonstrare.

80 1279 475 1326 Quadringentenarius
508 1290 593 1316 vero
623 1281 691 1316 hoc
727 1281 902 1323 insinuat,
936 1283 1140 1327 quodcum

79 1340 301 1386 perfectione
318 1341 495 1376 bonorum
515 1350 679 1387 operum,
703 1341 739 1376 in
761 1341 935 1387 quadriga
964 1343 1140 1377 virtutum

79 1400 161 1436 illue
186 1400 375 1447 pervenire
407 1401 616 1443 debcamm,
644 1401 727 1445 quia
756 1401 951 1437 nisibonis
968 1402 1140 1447 operibus

78 1467 260 1506 curratur,
286 1462 436 1498 minime
463 1463 670 1507 pervcnitur
699 1462 796 1498 illuc.
824 1463 1032 1499 Mortariola
1060 1463 1141 1508 qui-

78 1523 159 1559 dem
179 1532 288 1558 aurea
310 1522 512 1566 duodecim,
548 1534 699 1569 quorum
731 1524 870 1570 singula
889 1525 1000 1560 denos
1033 1525 1139 1561 siclos

77 1582 345 1628 appendebant,
373 1588 409 1618 et
434 1583 540 1618 simul
572 1584 693 1619 omnia
726 1585 803 1619 auri
836 1590 977 1619 centum
1013 1584 1139 1630 viginti

75 1642 183 1678 siclos
205 1643 386 1688 descripta
418 1649 513 1687 sunt,
549 1644 635 1689 quid
670 1644 886 1690 significant,
921 1644 991 1680 nisi
1029 1645 1139 1680 corda

75 1703 273 1740 electorum
297 1704 387 1751 legis
407 1705 596 1741 scientiam
618 1706 667 1741 ita
687 1706 722 1741 in
741 1707 909 1742 omnibus
927 1707 1135 1748 observare,

74 1765 255 1811 quomodo
273 1765 468 1812 apostolica
486 1766 649 1803 doctrina
666 1776 746 1802 eam
767 1766 979 1802 servandam
1007 1767 1139 1802 docet?

74 1824 275 1861 Duodecies
303 1826 399 1861 enim
429 1827 511 1862 deni
543 1832 686 1863 centum
711 1826 839 1872 viginti
873 1826 1021 1862 faciunt.
1060 1826 1138 1870 Quo

73 1897 225 1924 numero
244 1893 281 1924 et
300 1888 483 1934 primitiva
505 1888 541 1924 in
567 1887 791 1924 Hierusalem
821 1887 995 1931 Ecclesia,
1019 1888 1137 1934 Spiri-

73 1954 150 1984 tum
181 1948 404 1994 paracletum
434 1949 470 1984 in
498 1949 555 1985 die
587 1949 818 1986 Pentecostes
849 1950 1002 1996 accepit.
1034 1949 1138 1986 Unde

72 2010 166 2046 bene
197 2009 374 2052 subditur,
398 2009 525 2045 siclum
552 2011 710 2055 pondere
742 2011 940 2047 sanctuarii
973 2021 1052 2048 esse
1077 2012 1135 2047 de-

71 2070 173 2106 bere.
192 2069 447 2107 Sanctuarium
465 2071 562 2107 enim
579 2071 737 2115 Domini,
757 2072 916 2109 Ecclesia
935 2080 990 2109 est
1013 2073 1136 2109 catho-

72 2128 156 2173 lica,
176 2130 278 2176 cujus
295 2130 457 2177 regulam
480 2130 564 2167 fidei
589 2136 625 2167 et
649 2132 852 2168 intellectus
871 2133 901 2168 si
923 2133 1037 2169 secuti
1057 2133 1136 2170 sue-

72 2191 202 2235 rimus,
220 2191 341 2227 omnia
360 2202 439 2237 quae
462 2192 499 2227 in
516 2192 595 2238 lege
613 2199 648 2229 et
667 2194 852 2240 prophetis
877 2195 1009 2240 scripta
1037 2200 1135 2238 sunt,

72 2250 231 2286 salubria
266 2250 370 2286 nobis
389 2260 470 2287 esse
490 2251 670 2287 credenda
691 2258 787 2288 sunt.
825 2252 1003 2289 Caeterum
1033 2253 1137 2298 quid-

72 2310 161 2355 quid
179 2318 280 2346 extra
315 2311 485 2347 Ecclesia}
519 2312 698 2348 unitatem
735 2314 903 2356 sentitur,
924 2314 1136 2359 intelligitur

72 2374 181 2415 atque
202 2375 381 2413 servatur,
402 2381 472 2407 non
495 2371 646 2407 salutem
677 2373 818 2416 animae,
839 2373 903 2409 sed
935 2374 1137 2409 damnatio-

73 2439 156 2466 nem
175 2430 294 2476 pariet
311 2431 565 2468 certissimam.
600 2432 716 2469 Boves
747 2443 834 2470 vero
853 2439 890 2470 et
922 2435 1068 2478 arietes,
1101 2439 1138 2470 et

73 2490 158 2537 agni
176 2490 335 2527 anniculi
354 2491 463 2528 oblati
479 2492 515 2528 in
535 2493 796 2534 holocaustum,
817 2494 901 2539 quia
916 2494 1137 2530 duodenario

74 2559 226 2586 numero
247 2552 501 2596 comprehensi
532 2558 629 2595 sunt,
662 2554 732 2589 hoe
763 2553 844 2588 illos
875 2554 981 2589 credo
1006 2554 1139 2600 signifi-

72 2617 171 2651 care,
190 2608 284 2653 quod
302 2609 377 2644 sive
411 2609 568 2645 doctoris
602 2611 682 2654 quis
716 2611 752 2646 in
787 2611 950 2647 Ecclesia
981 2611 1136 2649 officium

73 2672 190 2712 gerat,
207 2666 281 2702 sive
298 2665 450 2712 alicujus
465 2667 692 2713 principatus
714 2668 887 2705 honorem
907 2670 1051 2713 habeat,
1073 2681 1138 2707 seu

74 2727 186 2764 etiam
205 2727 404 2774 simplicem
424 2730 534 2764 vitam
555 2729 675 2775 eligat,
698 2730 818 2766 omnia
851 2732 1047 2767 secundum
1077 2733 1139 2769 do-

72 2787 226 2823 ctrinam
241 2788 475 2834 apostolicam
490 2795 596 2835 atque
608 2790 853 2837 propheticam
869 2801 975 2838 agere
992 2793 1134 2829 debere.

75 2848 252 2885 Similiter
278 2849 372 2886 hirci
387 2850 575 2886 duodecim
608 2861 673 2897 pro
701 2857 850 2896 peccato
869 2852 980 2888 oblati
1002 2853 1134 2899 figura-

73 2908 157 2946 liter
196 2910 381 2946 instruunt
418 2911 667 2957 poenitentiam
700 2917 858 2958 agentes,
892 2918 932 2948 ut
969 2914 1137 2950 studeant

74 2981 156 3008 eam
183 2972 382 3009 secundum
417 2973 577 3019 regulam
596 2972 678 3009 fidei
697 2973 884 3018 perficere.
913 2973 987 3010 Nec
1006 2985 1079 3010 non
1098 2975 1136 3011 in
1152 2954 1189 2994 D

74 3032 309 3079 pacificorum
347 3032 486 3070 hostias
519 3033 629 3069 oblati
663 3033 774 3069 boves
807 3033 934 3080 viginti
966 3039 1134 3081 quatuor,

75 3092 208 3129 arietes
226 3092 427 3138 sexaginta,
443 3092 534 3128 hirci
545 3092 746 3139 sexaginta,
762 3093 844 3139 agni
862 3093 1018 3130 anniculi
1034 3104 1136 3130 sexa-

75 3152 190 3199 ginta,
208 3151 297 3188 nihil
315 3151 410 3188 aliud
426 3151 614 3188 insinuare
641 3151 814 3197 arbitror,
842 3153 911 3189 nisi
937 3153 1137 3199 spiritalem

75 3212 264 3248 scientiam
302 3212 340 3248 in
371 3211 594 3259 perfectione
626 3213 804 3249 bonorum
836 3223 998 3259 operum.
1030 3215 1137 3251 Vice-

77 3271 202 3307 narius
215 3271 312 3307 enim
331 3276 367 3307 et
384 3272 637 3318 quaternarius
655 3282 840 3317 numerus,
860 3274 946 3319 quia
970 3279 1022 3310 tot
1037 3274 1138 3311 horis

77 3331 148 3367 diei
166 3342 293 3368 cursus
325 3333 524 3380 peragitur,
561 3333 741 3380 significat
771 3334 889 3371 lucem
924 3335 1084 3372 scientiae
1104 3341 1141 3372 et

78 3389 161 3427 fidei
174 3397 281 3428 rectae
306 3392 404 3428 omni
429 3392 637 3429 Christiano
654 3403 734 3430 esse
748 3395 1005 3432 neeessariam.
1028 3396 1141 3433 Sexa-

79 3451 247 3497 genarius
259 3462 359 3496 vero,
375 3453 460 3498 quia
477 3453 595 3490 sexies
605 3454 642 3489 in
655 3463 698 3490 eo
713 3454 882 3491 denarius
897 3462 1040 3492 constat
1054 3456 1145 3492 mul-

80 3511 273 3557 tiplicatus,
313 3512 574 3559 perfectionem
616 3515 868 3552 mandatorum
902 3516 1140 3552 demonstrat.

82 3569 128 3607 Et
139 3571 219 3608 ideo
235 3583 383 3610 necesse
405 3580 461 3611 est
484 3573 526 3610 ul
538 3575 678 3621 praelati
695 3576 801 3612 simul
819 3582 854 3612 et
869 3576 1015 3619 subditi,
1047 3575 1138 3621 justi

84 3635 192 3676 atque
206 3634 433 3679 poenitentes,
451 3637 572 3672 omnia
598 3639 795 3674 seeundum
816 3638 1063 3683 magisterium
1081 3648 1138 3674 ec·

83 3690 325 3731 elesiasticum
341 3695 488 3738 saciant,
512 3702 688 3742 quatenus
713 3698 846 3734 oblatio
862 3708 986 3734 corum
1006 3698 1041 3733 in
1055 3709 1136 3735 con-

85 3755 212 3793 spectu
245 3751 386 3791 Domini
416 3755 648 3799 pacificorum
679 3756 788 3794 ritum
825 3762 933 3803 atque
970 3757 1135 3795 ordinem
1165 3799 1169 3805 ,

1212 318 1348 350 reatur.
1729 337 1758 359 ..-

1259 377 1414 424 Cumque
1433 378 1672 425 ingrederetur
1687 376 1827 424 Moyses
1843 379 2106 417 tabernaculum
2131 385 2268 429 [φάρη-ες

1212 442 1251 473 ut
1268 437 1463 474 consuleret
1480 438 1677 482 oraculum,
1697 438 1863 474 audiebat
1883 450 1998 475 vocem
2025 440 2195 487 loquentis
2222 448 2268 483 aa

1211 506 1248 531 se
1264 495 1308 531 de
1320 497 1574 542 propitiatorio,
1596 497 1689 543 quod
1704 502 1780 532 erat
1797 508 1900 543 super
1917 509 2036 534 arcam
2062 503 2270 546 testamenti,

1211 555 1303 591 inter
1320 556 1407 592 duos
1426 557 1608 600 cherubin,
1634 557 1727 592 unde
1751 562 1783 592 et
1802 557 2007 604 loquebatur
2020 559 2065 594 ei.
2087 559 2272 607 Ingressus

1213 616 1353 663 Moyses
1371 618 1408 653 in
1426 618 1700 654 tabernaculum
1719 618 1868 654 foederis
1887 623 1929 654 ut
1959 619 2167 656 consuleret
2195 631 2274 657 ora-

1213 677 1332 713 culum
1352 677 1510 721 Domini,
1531 678 1682 724 mystice
1699 678 1956 724 praedicatores
1980 683 2088 724 atque
2108 679 2274 717 doctores

1211 737 1332 783 populi
1351 738 1414 774 Dei
1434 738 1593 782 instruit,
1613 738 1769 784 qualiter
1785 748 1870 785 erga
1890 749 2015 775 curam
2041 739 2144 775 verbi
2174 740 2275 785 spiri-

1213 797 1294 833 talis
1314 803 1443 844 agant:
1466 798 1602 834 scilicet
1618 803 1658 834 ut
1676 798 1812 835 intrent
1829 798 2098 835 tabernaculum
2111 799 2272 843 foederis,

1212 859 1281 895 hoc
1306 865 1362 895 est
1379 859 1603 906 Scripturam
1639 870 1782 895 sacram
1815 859 1938 896 sedulo
1964 859 2199 903 meditentur,
2218 860 2273 896 in-

1211 922 1328 968 deque
1353 925 1501 959 audiant
1518 923 1604 968 quid
1634 923 1802 968 loquatur
1822 923 1874 959 eis
1897 923 2071 959 Dominus
2090 923 2199 959 Deus.
2222 924 2274 960 De

1210 983 1463 1026 propitiatorio
1493 993 1592 1028 ergo,
1617 983 1693 1018 sive
1719 988 1760 1018 ut
1779 984 1815 1018 in
1841 983 1965 1019 Exodo
1995 983 2138 1029 legitur,
2165 993 2274 1030 supra

1211 1041 1503 1086 propitiatorium
1520 1041 1684 1086 loquitur
1713 1040 1888 1077 Dominus
1913 1042 1958 1076 ad
1978 1041 2123 1088 Moysen
2143 1047 2275 1078 cuncta

1212 1111 1292 1146 quae
1310 1101 1490 1146 perillum
1522 1101 1697 1137 Dominus
1729 1102 1878 1137 mandat
1910 1101 1995 1137 filiis
2027 1102 2137 1138 Israel
2157 1114 2164 1137 :
2187 1103 2273 1148 quia

1211 1171 1277 1207 per
1294 1161 1447 1207 gratiam
1474 1160 1743 1206 propitiationis
1777 1161 1907 1196 divinae
1928 1161 2064 1197 lactum
2093 1167 2150 1197 est
2179 1162 2275 1208 quod

1209 1221 1415 1258 hominibus
1434 1226 1515 1267 post
1535 1222 1678 1267 eulpam
1703 1222 2014 1266 praevaricationis
2031 1232 2218 1268 apparere,
2239 1228 2276 1259 et

1210 1282 1262 1318 eis
1281 1283 1377 1318 viam
1394 1281 1558 1317 veritatis
1585 1287 1668 1327 post
1688 1292 1851 1318 errorem
1876 1281 2128 1318 demonstrare
2154 1283 2276 1329 digna-

1209 1347 1268 1378 tus
1288 1347 1357 1378 est.
1379 1343 1430 1378 De
1450 1341 1570 1378 medio
1586 1341 1762 1377 cherubin
1780 1341 1953 1387 loquitur,
1975 1342 2058 1387 quia
2075 1353 2141 1390 per
2168 1353 2276 1390 ange-

1208 1403 1316 1439 licam
1334 1403 1526 1445 visionem,
1551 1408 1586 1438 ct
1602 1414 1673 1438 non
1690 1404 1727 1438 in
1749 1413 1812 1438 sua
1832 1403 2032 1438 substantia
2052 1404 2147 1439 Deus
2168 1414 2275 1449 appa-

1209 1463 1294 1498 ruit.
1315 1463 1360 1498 Et
1378 1463 1520 1498 locutus
1538 1467 1591 1498 est
1606 1462 1736 1508 Moysi,
1753 1467 1946 1497 attestante
1960 1462 2133 1507 Apostolo
2151 1472 2159 1497 :
2181 1462 2274 1505 Quia

1208 1523 1264 1558 lex
1276 1529 1415 1569 propter
1430 1525 1721 1569 transm-essiones
1735 1525 1848 1570 posita
1868 1531 1931 1569 est,
1951 1525 2059 1561 donec
2076 1527 2204 1561 veniret
2218 1537 2274 1562 se-

1207 1595 1286 1619 men
1314 1584 1370 1618 cui
1403 1584 1625 1629 promiserat,
1659 1584 1822 1620 ordinata
1852 1597 1914 1631 per
1942 1585 2083 1632 anyelos
2110 1587 2146 1621 in
2165 1597 2275 1622 manu

1207 1645 1414 1680 mediatoris
1435 1645 1568 1692 (Galat.
1586 1645 1655 1689 111).
1681 1646 1769 1680 Item
1801 1647 1845 1682 de
1864 1647 1982 1682 medio
2002 1647 2156 1682 duorum
2185 1648 2273 1683 che-

1209 1705 1315 1740 rubin
1350 1704 1510 1750 loquitur
1535 1705 1723 1747 Dominus,
1756 1706 1841 1751 quia
1863 1715 1929 1752 per
1956 1706 2066 1741 verba
2086 1705 2276 1751 utriusque

1209 1768 1446 1811 Testamenti,
1480 1778 1638 1803 consona
1670 1777 1759 1804 voce
1796 1768 1856 1804 ad
1876 1768 1982 1804 fidem
2014 1767 2181 1804 veritatis
2209 1777 2276 1804 nos

1208 1829 1338 1864 erudit.
1359 1829 1422 1864 Vel
1442 1834 1540 1864 certe
1566 1830 1608 1864 de
1626 1830 1742 1865 medio
1775 1829 1936 1875 loquitur
1966 1829 2158 1873 cherubin,
2188 1829 2276 1876 quia

1206 1898 1272 1932 per
1292 1888 1523 1933 Unigenitum
1545 1899 1662 1930 suum,
1682 1890 1743 1934 qui
1767 1889 1804 1924 in
1837 1889 1955 1925 medio
1974 1890 2127 1925 duorum
2152 1889 2277 1925 Testa-

1207 1955 1412 1984 mentorum
1438 1949 1473 1983 in
1493 1957 1602 1984 carne
1637 1949 1820 1993 apparuit,
1844 1949 2003 1985 humano
2035 1949 2158 1996 generi
2179 1950 2275 1987 Deus

1206 2008 1313 2044 Pater
1330 2008 1553 2044 voluntatem
1573 2019 1676 2045 suam
1694 2008 1929 2045 manifestare
1952 2009 2120 2056 dignatus
2134 2016 2200 2047 est.

1608 2081 1760 2118 CAPUT
1780 2082 1872 2119 XIV.

1442 2129 1495 2165 De
1517 2127 1725 2164 candelabro
1743 2135 1774 2163 et
1793 2128 1947 2164 lucernis
1962 2130 2055 2175 ejus.

1256 2190 1356 2238 (Cae.
1388 2189 1485 2236 viu.)
1524 2188 1743 2236 Loculusque
1772 2195 1821 2224 est
1856 2189 2027 2226 Dominus
2052 2190 2098 2226 ad
2131 2189 2276 2238 Moysen

1207 2251 1348 2286 dicens:
1377 2249 1531 2297 Loquere
1547 2249 1665 2284 Aaron
1679 2254 1710 2283 et
1734 2249 1827 2284 dices
1851 2249 1896 2284 ad
1927 2258 2027 2284 eum:
2047 2249 2133 2285 Cum
2151 2261 2275 2296 posue-

1203 2300 1277 2347 ‘rint
1300 2317 1429 2356 septem
1454 2310 1630 2352 lucernas,
1658 2309 1908 2344 candelabrum
1932 2314 1969 2345 in
2005 2310 2154 2345 australi
2172 2317 2273 2355 parte

1206 2371 1376 2415 eriqatur.
1395 2368 1473 2404 Hoc
1492 2369 1600 2414 iqitur
1613 2369 1761 2414 proecipe
1779 2375 1816 2403 ut
1835 2368 1986 2404 lucerna>
1996 2375 2117 2404 contra
2134 2369 2274 2405 boream

1206 2441 1224 2465 e
1260 2430 1398 2475 reqione
1430 2429 1631 2474 respiciant,
1663 2434 1694 2463 et
1727 2429 1772 2463 ad
1795 2439 1950 2464 mensam
1980 2430 2269 2475 propositionum,

1206 2495 1328 2525 contra
1347 2500 1423 2524 eam
1441 2494 1576 2533 partem
1589 2498 1694 2534 quam
1715 2487 1965 2523 candelabrum
1990 2488 2140 2533 respicit,
2158 2487 2272 2525 lucere

1206 2548 1389 2584 debebunt.
1426 2547 1547 2584 Mensa
1577 2553 1613 2583 et
1645 2547 1902 2583 candelabrum
1930 2547 2151 2584 tabernaculi
2180 2554 2271 2584 tem-

1205 2609 1344 2655 poralia
1369 2607 1433 2643 Dei
1463 2607 1636 2643 beneficia
1658 2607 1862 2653 designant,
1885 2607 2015 2653 quibus
2044 2607 2081 2643 in
2100 2607 2271 2654 praesenti

1208 2667 1390 2703 reficimur
1411 2671 1448 2703 et
1464 2666 1724 2710 illuminamur,
1755 2671 1794 2701 ut
1813 2667 1870 2702 his
1904 2667 2049 2702 interim
2072 2667 2270 2704 confortati

1207 2735 1242 2766 et
1262 2729 1389 2775 adjuti,
1412 2734 1598 2765 crescente
1618 2729 1733 2775 gratia
1753 2728 1981 2772 meritorum,
2003 2728 2046 2764 ad
2065 2739 2195 2774 panem
2211 2739 2270 2767 au-

1206 2790 1370 2836 gelorum
1399 2789 1436 2824 in
1460 2788 1562 2824 coelis
1596 2788 1900 2831 manducandum,
1931 2792 1967 2823 et
1995 2788 2040 2823 ad
2073 2788 2270 2827 videndum

1204 2861 1329 2886 veram
1359 2849 1484 2885 mundi
1521 2849 1637 2885 lucem
1670 2849 1809 2884 intrare
1844 2849 2039 2885 valeamus.
2075 2848 2160 2893 Quae
2181 2854 2266 2888 sunt

1205 2911 1310 2947 ambo
1324 2917 1427 2946 extra
1444 2910 1561 2946 velum
1578 2919 1587 2944 :
1610 2909 1778 2955 quoniam
1796 2909 1833 2944 in
1856 2909 1925 2945 hac
1943 2909 2166 2946 solummodo
2182 2910 2267 2954 vita,

1206 2974 1263 3011 vel
1293 2973 1490 3020 Scripturis
1525 2972 1658 3008 sanctis
1675 2982 1717 3007 ac
1737 2971 1946 3007 doctoribus
1965 2971 2021 3007 vel
2040 2971 2179 3007 caeteris
2215 2981 2269 3008 re-

1207 3034 1424 3079 demptionis
1452 3038 1586 3069 nostrae
1610 3032 1845 3068 sacramentis
1873 3041 1963 3077 opus
1986 3030 2161 3067 habemus
2187 3043 2197 3075 ;
2231 3031 2268 3067 in

1208 3094 1329 3130 futuro
1343 3099 1465 3130 autem
1481 3093 1626 3136 saeculo,
1652 3092 1702 3128 ibi
1717 3079 1946 3128 annimtiabit
1963 3091 2066 3127 nobis
2094 3091 2266 3127 Dominus

1208 3155 1326 3202 palam
1343 3155 1388 3191 de
1418 3154 1543 3198 Patre,
1563 3154 1600 3190 id
1617 3160 1685 3195 est.
1717 3153 1837 3199 palam
1860 3151 2003 3187 Patrem
2020 3150 2185 3186 ostendet
2204 3159 2266 3185 no-

1211 3215 1280 3252 bis.
1297 3216 1461 3252 Diximus
1479 3220 1599 3251 autem
1620 3213 1719 3255 alibi,
1736 3213 1819 3258 quia
1847 3212 1939 3247 latus
1958 3211 2177 3246 tabernaculi
2193 3221 2265 3247 me-

1208 3276 1390 3312 ridianum
1418 3277 1604 3322 antiquam
1640 3274 1704 3309 Dei
1738 3272 1877 3317 plebem
1914 3271 2144 3316 significaret,
2183 3281 2263 3317 quae

1208 3337 1309 3384 prior
1326 3337 1506 3373 servorem
1526 3334 1657 3370 divinae
1686 3331 1852 3367 lectionis
1883 3329 2047 3374 accepit;
2072 3339 2156 3375 pars
2174 3340 2260 3368 vero

1208 3396 1500 3444 septentrionalis
1518 3395 1678 3440 ejusdem
1698 3390 1919 3427 tabernaculi
1947 3396 2198 3437 congregatam
2216 3392 2260 3428 de

1208 3457 1375 3504 gentibus
1390 3454 1602 3495 Ecclesiam,
1619 3462 1697 3497 quae
1710 3450 1842 3486 diutius
1858 3450 1894 3484 in
1910 3449 2067 3486 tenebris
2079 3456 2116 3487 et
2133 3452 2259 3488 umbra

1210 3516 1338 3551 mortis
1356 3516 1594 3554 remanserat,
1609 3510 1796 3546 indicaret.
1827 3509 1928 3546 Unde
1945 3514 2043 3546 recta
2061 3510 2262 3547 distinctio-

1209 3584 1270 3616 ne,
1290 3573 1399 3608 etiam
1418 3569 1687 3611 candelabrum,
1707 3568 1802 3614 quod
1828 3568 1865 3604 in
1887 3574 1991 3615 parte
2021 3569 2170 3606 australi
2186 3569 2262 3606 col-

1204 3633 1356 3674 locatur,
1374 3635 1490 3676 potest
1523 3629 1674 3674 gratiam
1693 3638 1773 3674 quae
1799 3628 1911 3673 priori
1935 3628 2065 3674 populo
2089 3629 2173 3664 data
2202 3635 2258 3666 est

1203 3692 1398 3728 insinuare.
1416 3689 1537 3724 Mensa
1552 3698 1638 3724 vero
1656 3698 1735 3739 quae
1753 3687 1787 3722 in
1807 3692 1911 3732 parte
1932 3687 2108 3733 aquilonis
2125 3688 2256 3733 stabat,

1203 3764 1246 3792 ea
1266 3763 1346 3799 quae
1376 3750 1481 3788 nobis
1501 3750 1631 3788 donata
1665 3754 1750 3787 sunt
1768 3748 1833 3785 Dei
1856 3748 2032 3787 beneficia
2050 3748 2255 3794 designare.
