2540 4016
283 223 355 260 4⁷³

723 207 766 243 B.
790 205 963 245 asem
987 204 1135 245 usum
1160 199 1379 244 tuemur.
1396 186 1609 252 *noenum
1634 199 1831 266 QQRQ
1849 201 1972 253 ptus
1993 199 2024 240 1.

1506 143 1533 150 .->
1563 140 1590 158 ὠ,

2371 204 2446 247 476

279 292 453 341 Quoniam
474 295 562 333 ergo
582 290 746 326 mortuo,
769 289 978 330 peccatores
1007 292 1081 319 non
1106 281 1221 319 solum
1254 280 1325 315 Do-
1340 275 1377 320 A
1392 275 1448 324 ιι).
1474 276 1623 327 Insuper
1651 283 1688 315 et
1704 269 1820 316 David⁴
1836 280 2012 326 praedicat
2029 279 2316 327 profanationem
2342 282 2440 330 eius;

275 356 404 393 minus.
425 349 488 386 sed
511 352 547 383 et
562 346 696 382 Paulus
721 340 901 392 appellat,
930 354 1013 380 cum
1032 342 1145 379 dicit:
1166 338 1212 375 Et
1241 351 1320 381 cum

274 424 423 452 etaemus
449 409 575 446 mortui
596 406 746 452 peccatis
761 406 903 449 nostris,
920 401 1175 448 convivificavit
1203 412 1266 439 nos
1281 401 1320 441 in

274 474 423 510 Christo.
467 470 478 518 (
504 468 630 515 Eptaea.
686 475 714 501 n
733 465 760 512 ).
798 464 875 500 Non
923 467 1068 510 oportet
1108 463 1318 501 sacerdotes

271 534 426 570 maxime
443 533 548 574 caput
567 531 629 562 ant
653 526 802 561 barbam
824 524 902 560 radi
927 534 1035 570 super
1063 527 1258 567 mortuum,
1280 523 1318 560 id

271 598 337 634 cst,
359 601 462 636 super
486 592 723 634 peccatorem.
759 585 882 630 Neque
901 585 997 620 enim
1019 590 1161 631 oportet
1181 585 1316 632 cogita-

271 652 405 691 tiones,
442 658 521 693 quae
549 648 642 683 sicut
666 645 783 691 capilli
809 650 959 680 ornatus
984 650 1067 681 sunt
1099 645 1241 692 capitis,
1279 651 1318 682 et

270 713 355 759 ipsae
374 715 523 745 ornatus
542 713 623 744 sunt
645 714 776 742 nostrae
803 706 1002 752 sapientiae,
1027 707 1170 753 quando
1191 712 1315 743 tamen

268 777 352 808 sunt
365 771 537 806 ordinata}
557 774 662 813 atque
681 766 824 808 sobriae,
842 767 1067 802 sacerdotem
1083 777 1318 813 corrumpere

269 832 340 868 alio
365 835 548 878 peccante,
585 829 647 864 sed
670 837 889 863 conservare
923 827 1100 874 integros,
1134 834 1174 864 ut
1203 830 1318 874 possit

268 893 464 934 exhortari,
482 891 684 931 obsecrare,
708 899 872 934 arguere,
891 889 1092 934 increpare,
1116 891 1314 925 secuudum

268 955 361 998 quod
394 952 521 987 Paulus
551 950 593 985 ad
628 949 855 984 Timotheum
892 949 1038 994 scripsit
1060 948 1227 995 :Aryue‚
1261 951 1317 985 in-

266 1024 379 1058 crepa,
401 1012 551 1053 obsecra,
574 1011 610 1047 in
626 1011 719 1045 omni
740 1011 908 1056 patientia
923 1017 953 1045 et
970 1010 1130 1046 doctrina
1148 1010 1203 1058 (11
1223 1010 1313 1046 Tim.

263 1072 326 1117 xv).
355 1072 537 1116 Quomodo
567 1076 687 1106 autem
717 1071 786 1107 hoc
815 1070 892 1115 siat,
921 1072 1099 1108 subdidit:
1121 1071 1172 1107 Tu
1201 1078 1316 1107 autem

263 1132 378 1178 vique,
400 1133 435 1167 in
450 1131 607 1166 omnibus
621 1131 755 1174 labora,
769 1142 854 1178 opus
871 1131 927 1177 sac
941 1131 1158 1178 evanqelistoe
1169 1131 1308 1180 (leid).

1388 335 1439 374 ait'
1455 331 1552 376 enim
1571 337 1645 378 Deo
1670 352 1679 376 ε
1700 334 1910 389 profanasti
1930 337 1968 384 in
1994 339 2330 379 terru'sanctittttem
2347 343 2441 391 eju,

1386 397 1588 435 destruxisti
1617 407 1735 436 omnes
1766 397 1935 437 materias
1963 400 2042 449 ejtts
2071 398 2205 448 (Paul.
2234 406 2398 440 Lmvm
2410 402 2442 454 )a

1387 457 1638 497 sanctificatio
1657 466 1778 499 autem
1794 459 1998 499 Judaeorum
2020 461 2209 511 Synagogn
2223 469 2349 499 eorum
2365 469 2445 503 erat

1383 520 1509 565 procul
1530 520 1651 558 dubio.
1661 519 1704 557 ln
1722 521 1800 568 ipsa
1816 516 1913 558 enim
1929 525 2008 559 erat
2028 527 2065 559 et
2083 522 2302 560 sacrificium
2323 524 2445 569 tabet*—

1384 579 1504 616 naculi
1520 606 1529 623 ‚
1564 579 1601 616 in
1635 590 1707 627 qua
1740 585 1866 616 eorum
1893 582 2240 619 consummabantur
2267 585 2441 631 legitima.

1382 638 1461 684 lpsa
1480 644 1536 675 est
1553 643 1590 675 et
1611 639 1799 688 repudiata
1818 650 1836 676 a
1851 641 1927 677 Deo
1945 645 2115 688 tanquam
2134 651 2155 678 a
2171 643 2251 679 viro
2277 654 2358 688 suo,
2379 646 2443 691 qui

1384 700 1417 736 ei
1434 710 1500 746 per
1521 699 1733 735 electionem
1751 701 1808 736 vir
1831 701 1948 738 factus
1975 701 2105 747 suerat,
2127 703 2190 740 sed
2214 706 2298 750 quia
2317 711 2442 752 postea

1383 771 1463 796 eam
1482 760 1696 807 culpabilem
1723 762 1871 807 reperit,
1899 769 2092 810 propterea
2114 765 2328 811 repudiavit.
2351 767 2442 811 Quia

1383 828 1505 859 autem
1523 823 1670 858 omnino
1702 821 1818 868 ejecta
1837 830 1906 868 est,
1937 835 2065 861 vocem
2093 825 2175 862 audi
2195 836 2303 872 qnam
2330 827 2442 864 Oseas

1382 885 1555 930 protulit:
1579 885 1743 920 Judicate
1773 891 1920 920 niatrem
1952 891 2125 930 vestram,
2151 887 2323 933 judicate,
2358 889 2442 934 quta

1382 945 1459 991 ipsa
1493 957 1561 981 non
1593 957 1684 981 uxor
1712 957 1803 989 mea,
1832 951 1865 980 et
1894 957 1955 991 eqo
1977 955 2045 981 non
2075 947 2128 981 vir
2156 947 2234 993 ejus
2255 945 2355 993 (Osa.
2377 946 2440 994 n).

1383 1005 1475 1041 Audi
1509 1012 1629 1042 autem
1650 1011 1686 1042 ct
1710 1017 1816 1052 quam
1845 1006 1956 1042 Isaias
1978 1007 2154 1052 propheta
2179 1008 2328 1043 tradidit
2348 1017 2356 1042 :
2379 1007 2442 1044 Sic

1384 1064 1466 1100 dicit
1481 1064 1650 1100 Dominus
1668 1073 1680 1099 .·
1701 1065 1787 1108 Quis
1802 1071 1851 1100 est
1867 1067 1923 1100 liic
1941 1066 2078 1100 libellus
2096 1067 2231 1112 repudii
2245 1068 2368 1103 matria
2383 1078 2442 1103 ve-

1383 1132 1466 1160 stroe
1482 1137 1549 1173 quo
1559 1126 1675 1161 dimisi
1691 1126 1885 1174 ea1n?(1sa.
1897 1125 1949 1175 L.)
1967 1126 2034 1163 Ubi
2055 1132 2175 1163 autem
2185 1128 2441 1173 estrepudium

263 1195 355 1239 Ergo
377 1195 540 1230 sacerdos
558 1193 619 1239 qui
640 1203 712 1228 non
731 1194 946 1229 exhortatur
966 1198 1002 1228 et
1020 1193 1140 1240 arguit
1160 1203 1311 1239 pcccan-
1329 1172 1362 1211 B
1380 1191 1418 1222 et
1435 1186 1572 1230 missio,
1588 1186 1819 1224 manifestum
1835 1193 1890 1223 est
1908 1187 1992 1233 quia
2007 1198 2098 1223 uxor
2112 1194 2201 1231 crat,
2218 1188 2263 1224 de
2277 1198 2347 1234 qua
2364 1187 2442 1223 haec

263 1260 347 1298 tem,
370 1266 439 1290 non
453 1255 575 1301 vigilat
592 1267 600 1291 :
621 1256 681 1301 qui
699 1261 820 1291 autem
840 1266 910 1290 non
927 1255 1066 1301 vigilat,
1095 1256 1223 1291 radere
1247 1266 1310 1291 ca-

260 1321 323 1362 put
358 1322 392 1351 et
425 1316 575 1351 barbam
615 1317 812 1351 secundum
850 1317 1021 1351 virtutem
1059 1318 1315 1362 praedictorum

262 1384 358 1413 recte
385 1377 527 1413 dicitur.
559 1377 629 1413 Sed
651 1387 768 1422 neque
787 1377 908 1413 facere
926 1377 961 1412 in
979 1387 1089 1413 carne
1110 1388 1173 1413 sua
1194 1378 1316 1414 eonci-

262 1439 380 1474 sioncs
402 1449 507 1484 super
526 1444 669 1475 mortuo
694 1438 919 1474 sacerdotem
940 1439 1056 1480 decet,
1079 1439 1114 1473 id
1141 1444 1211 1482 est,
1240 1448 1315 1474 non

262 1498 494 1534 scandalizari
524 1499 558 1534 in
592 1504 795 1544 peccatore,
831 1509 899 1534 nec
930 1498 1112 1534 offendere
1139 1504 1315 1544 peccante

261 1558 391 1603 aliquo,
426 1569 539 1604 neque
569 1560 748 1595 carnalem
774 1570 817 1595 cx
838 1560 908 1595 hoc
930 1570 1073 1596 sumere
1100 1561 1316 1606 sapientiam

261 1618 305 1652 ad
337 1619 579 1653 incitationem
610 1619 736 1654 similis
770 1619 990 1664 iniquitatis;
1024 1621 1181 1656 incisura
1216 1620 1315 1657 enim

261 1678 435 1722 sapientia
458 1679 577 1713 carnis
596 1684 664 1720 est,
686 1680 782 1724 quod
799 1680 841 1715 dc
861 1679 1005 1724 Judaeis,
1032 1682 1092 1727 qui
1116 1683 1315 1718 carnaliter

261 1736 386 1772 vivunt
403 1742 438 1771 et
457 1738 598 1782 sapiunt
622 1743 778 1783 terrena,
805 1740 855 1775 ait
875 1740 1007 1776 Paulus
1026 1769 1034 1776 .
1062 1740 1180 1778 Videte
1196 1753 1314 1787 canes,

261 1798 371 1834 videte
390 1799 499 1834 malos
514 1801 702 1844 operarios,
725 1801 832 1837 videte
853 1804 1098 1840 concisionem.

310 1858 432 1894 Sancti
450 1865 549 1894 erunt
571 1860 643 1895 Deo
661 1873 737 1905 suo,
766 1869 798 1897 et
818 1875 884 1898 non
911 1864 1064 1910 polluent
1083 1877 1205 1901 nomen
1223 1866 1315 1912 ejus,

261 1919 437 1954 incensum
467 1921 557 1955 enim
579 1921 719 1957 Domini
737 1929 767 1957 et
797 1935 902 1969 panes
933 1925 995 1959 Dei
1020 1926 1075 1960 sui
1101 1927 1266 1971 offerunt,
1283 1932 1315 1961 et

260 1979 337 2013 idco
357 1981 467 2014 sancti
484 1987 597 2015 erunt.
622 1981 806 2025 Quomodo
826 1984 990 2028 polluunt
1020 1986 1227 2021 sacerdotes
1247 1997 1314 2022 no-

262 2048 344 2073 men
374 2039 452 2082 Dei,
481 2040 672 2075 Malachias
696 2043 868 2087 propbeta
892 2045 1057 2089 exposuit
1077 2056 1084 2079 :
1114 2044 1180 2080 Vos
1200 2057 1315 2080 sacer-

263 2097 372 2139 dotes,
401 2099 458 2142 qui
479 2099 631 2142 polluitis
651 2111 774 2135 nornen
798 2113 925 2145 meum,
953 2110 983 2138 et
1001 2104 1166 2142 ctis-istis.-
1186 2107 1229 2140 In
1247 2117 1314 2152 quo

263 2156 451 2202 polluimus
467 2158 524 2193 te?
551 2157 692 2203 Offertis
709 2171 812 2205 super
831 2161 941 2196 callare
967 2174 1082 2198 meum
1099 2176 1222 2209 panem
1240 2166 1317 2211 pol-

265 2214 574 2264 tusumfflatach.
595 2219 654 2265 1);
673 2226 708 2255 et
728 2221 783 2255 bis
808 2221 938 2256 similia
971 2223 1105 2258 addens
1133 2227 1288 2260 subdidit
1307 2239 1315 2261 ;

265 2275 308 2313 Si
339 2278 493 2323 offeratis
525 2290 653 2315 coecum
680 2281 725 2315 ad
754 2281 1021 2325 immolandum,
1052 2294 1163 2318 nonne
1187 2285 1317 2320 malum

262 2344 335 2380 οδω
355 2341 433 2374 etsi
454 2341 610 2385 offeratis
633 2341 797 2378 claudum
811 2349 842 2378 et
865 2343 1083 2389 languidum,
1109 2357 1221 2380 nonne
1242 2358 1318 2381 ma-

263 2398 335 2435 lum
372 2401 451 2434 est?
478 2400 622 2448 (ibid.)
655 2402 699 2436 Et
733 2413 888 2438 rursus:
914 2403 1080 2448 Muqnmn
1114 2411 1163 2439 est
1195 2416 1318 2442 nomen

262 2470 376 2494 nteum
395 2460 432 2494 in
443 2461 616 2505 yentibus,
633 2461 716 2496 dicit
732 2462 915 2498 Dominus.
930 2462 993 2498 Vos
1011 2470 1127 2499 autem
1144 2464 1317 2509 polluistis

262 2520 363 2562 illud,
386 2522 421 2555 in
443 2532 484 2556 eo
510 2521 601 2567 quod
622 2522 738 2558 dicitis
759 2532 770 2556 .·
793 2523 915 2558 Mensa
943 2525 1084 2559 Domini
1113 2525 1246 2561 deserta
1268 2533 1318 2563 est

264 2580 411 2627 (laist).
433 2581 526 2628 Ergo
551 2582 586 2618 in
617 2589 764 2628 peccato
799 2585 1071 2628 sacrificiorum,
1104 2598 1234 2624 nomen
1254 2589 1317 2625 Dei

264 2641 424 2684 polluunt
438 2643 653 2678 sacerdotes.
677 2643 848 2689 Sequitur
870 2655 979 2690 porro
1000 2658 1007 2681 :

312 2699 470 2735 Scortum
500 2709 530 2736 et
564 2703 630 2737 vite
661 2705 889 2747 prostibulum
923 2718 992 2742 non
1021 2707 1120 2742 ducet
1156 2719 1315 2752 uxorem,

266 2771 327 2794 nec
346 2771 437 2802 eom,
451 2772 528 2806 quoe
550 2762 731 2807 repudiata
761 2771 807 2798 est
828 2777 848 2799 a
868 2767 1008 2806 marito,
1033 2767 1114 2812 qnia
1136 2778 1318 2804 consecra-

265 2826 321 2854 tus
347 2825 395 2854 est
422 2819 494 2854 Deo
521 2831 599 2863 suo,
625 2827 656 2856 et
690 2832 793 2867 panes
819 2825 1061 2869 propositionis
1091 2826 1224 2870 offeret.
1261 2826 1317 2862 Sit

264 2890 344 2926 erqo
370 2887 524 2924 sanctus,
545 2883 628 2927 quia
651 2888 683 2917 et
707 2894 766 2927 eqo
794 2891 935 2919 sanctus
960 2896 1036 2919 sum
1061 2886 1231 2922 Dominus
1257 2889 1316 2933 qui

265 2940 444 2985 sanctifico
469 2952 542 2976 vos.
565 2940 576 2987 (
593 2941 647 2976 Ex
667 2941 870 2989 Hesycltio.)
897 2942 936 2978 Si
956 2954 1042 2990 ergo
1061 2955 1082 2980 a
1100 2944 1173 2980 Deo
1194 2947 1314 2982 datam
1331 2964 1367 3003 D

266 2999 370 3035 nobis
394 2999 715 3035 sanctificationem
734 3011 800 3036 nos
822 3002 1028 3037 sacerdotes
1056 3005 1313 3049 custodiamus,

267 3059 534 3095 sanctificamus
552 3070 616 3106 per
631 3067 792 3096 nostram
816 3062 1136 3099 sanctificationem
1155 3076 1235 3101 eum
1254 3068 1315 3112 qui

267 3128 412 3158 sanctus
431 3124 626 3159 secundum
646 3128 812 3159 naturam
831 3130 898 3160 est.
926 3125 970 3160 Et
999 3125 1067 3173 [ln]
1099 3127 1203 3163 nobis
1223 3129 1313 3164 dun-

267 3190 381 3228 taxat,
411 3186 472 3231 qui
494 3186 532 3222 in
554 3186 798 3222 conformibus
821 3192 856 3222 et
878 3188 1113 3234 participibus
1141 3189 1218 3235 ejus
1237 3191 1316 3236 glo-

268 3245 332 3281 riae
346 3245 458 3281 voluit
474 3245 705 3288 sanctificari,
725 3247 794 3283 hae
807 3247 1125 3284 transformatione
1140 3260 1228 3286 usus
1244 3256 1315 3294 est,

268 3306 370 3352 quasl
401 3305 552 3352 figurate
576 3311 612 3342 et
630 3307 748 3353 typice
780 3307 1220 3353 loquens;verumtamen
1254 3319 1317 3346 eos

268 3367 328 3411 qui
364 3366 635 3404 sanctificantur
661 3367 707 3404 ab
725 3378 782 3411 eo,
804 3377 963 3405 scortum
985 3375 1020 3405 et
1050 3369 1119 3406 vile
1139 3370 1318 3416 prostibu-

269 3425 341 3459 lum
368 3426 497 3462 ducere
515 3437 588 3463 non
601 3427 678 3464 vult
698 3439 708 3463 ε
731 3434 854 3474 aperte
872 3435 999 3466 contra
1016 3428 1223 3466 Judaeorum
1249 3430 1316 3477 Sy-

270 3494 443 3530 nagogam
474 3486 675 3531 intendens,
709 3498 789 3534 quae
816 3489 898 3534 quia
926 3491 1099 3527 meretrix
1129 3495 1199 3534 est,
1231 3490 1315 3526 audi

273 3543 461 3580 bominum
478 3545 514 3580 in
531 3545 621 3582 lsaia
637 3548 816 3587 dicentem
834 3560 844 3586 z
867 3548 1048 3592 Quomodo
1068 3550 1163 3596 secta
1181 3556 1231 3586 est
1248 3562 1318 3586 me-

270 3603 378 3638 retrtx
395 3604 517 3640 civitas
533 3605 649 3650 fidelis
665 3606 770 3651 Sion,
791 3608 894 3655 plena
906 3609 1066 3655 judieii?
1081 3610 1227 3647 lustitia
1252 3611 1318 3647 lta-

272 3662 389 3699 isstmit
405 3665 442 3701 in
460 3671 517 3708 en,
536 3677 628 3702 nune
646 3667 953 3708 antemi-ta
974 3670 986 3717 <
1002 3669 1077 3708 ha.
1102 3681 1119 3708 ι
1132 3670 1160 3718 ).
1189 3670 1261 3708 Sed
1277 3674 1318 3708 et

273 3719 310 3756 in
335 3722 425 3759 Osca
447 3736 460 3760 ε
480 3725 527 3760 Ee
555 3727 716 3772 auferam
741 3728 1008 3773 fornicationem
1039 3731 1120 3778 ejus
1144 3731 1183 3773 ἔτι
1202 3730 1317 3773 medio

275 3782 645 3833 qun-,nmmum
657 3786 800 3842 &avda
821 3789 1107 3835 mint-baren
1120 3791 1202 3847 eius
1217 3790 1314 3846 (Μ

1384 1247 1536 1283 dicebat.
1557 1247 1634 1283 Non
1651 1248 1726 1283 vult
1746 1259 1832 1295 ergo
1850 1258 1931 1284 eam
1952 1259 2101 1284 uxorem
2131 1248 2358 1284 sacerdotem
2378 1248 2444 1282 du-

1384 1318 1479 1351 cere,
1507 1314 1546 1343 ut
1577 1319 1648 1344 non
1678 1308 1797 1355 aliqua
1819 1320 1945 1346 eorum
1966 1320 2046 1356 quae
2077 1310 2122 1346 ad
2154 1320 2234 1345 eam
2260 1310 2444 1355 pertinent

1382 1366 1624 1414 legitimorum
1645 1369 1827 1415 prrcdicet,
1850 1381 1917 1406 nec
1937 1377 2060 1406 utatur
2079 1371 2131 1406 eis
2149 1370 2281 1416 quibus
2307 1370 2367 1405 illa
2385 1379 2443 1405 se-

1383 1430 1542 1465 cundum
1571 1429 1729 1466 litteram
1753 1431 1942 1474 utebatur;
1965 1432 1999 1466 id
2019 1436 2087 1474 est,
2110 1437 2149 1466 ut
2165 1440 2283 1476 neque
2302 1429 2442 1466 sacriti-

1381 1488 1439 1524 cia
1474 1488 1741 1524 irrationalium
1778 1494 1814 1524 et
1851 1490 2124 1535 purificationes
2165 1490 2373 1534 sensibiles,
2405 1490 2442 1526 hi

1384 1549 1514 1594 quibus
1532 1548 1770 1595 intelligibilia
1790 1549 1929 1586 credita
1950 1555 2047 1592 sunt,
2072 1555 2192 1596 agant.

1432 1608 1635 1645 Sacerdotis
1658 1609 1734 1655 filia
1762 1611 1793 1645 si
1811 1610 2026 1657 deprehensa
2057 1610 2220 1657 fueritin
2246 1614 2380 1657 stupro,
2410 1613 2444 1647 et

1382 1670 1564 1706 violaverit
1587 1682 1711 1707 nomen
1727 1673 1838 1717 patris
1853 1671 1920 1714 sui,
1949 1672 2101 1718 flantmis
2124 1677 2301 1707 exuretur.
2325 1671 2444 1708 Grave

1383 1738 1438 1767 est
1471 1731 1615 1776 quidem
1645 1732 1755 1768 etiam
1786 1731 1977 1776 quuslibet
2007 1732 2076 1768 viri
2112 1730 2284 1768 fornicari
2316 1732 2441 1776 filiam,

1383 1792 1541 1826 maxime
1557 1797 1679 1827 tamen
1700 1792 1914 1835 sacerdotis,
1927 1791 2010 1837 quia
2028 1791 2227 1828 secundum
2242 1791 2338 1838 quod
2354 1792 2445 1828 dixit

1383 1850 1515 1887 Paulus
1539 1864 1546 1887 :
1571 1851 1714 1899 Oportet
1740 1852 1954 1887 sacerdotem
1986 1851 2080 1897 filios
2114 1852 2240 1887 habere
2270 1852 2443 1895 subditos,

1384 1924 1462 1949 cum
1489 1915 1582 1950 onmi
1616 1915 1788 1950 castitate.
1819 1913 1871 1950 lta
1897 1919 1936 1950 ut
1960 1924 2032 1950 non
2052 1913 2194 1950 dicatur
2221 1914 2266 1950 de
2284 1923 2328 1949 eo
2349 1913 2444 1959 quod

1384 1975 1547 2019 sequitur
1570 1987 1578 2010 ε
1607 1974 1646 2011 Si
1666 1975 1742 2023 quis
1770 1981 1887 2011 autem
1914 1985 1988 2010 suoe
2006 1973 2126 2010 domni
2153 1984 2301 2021 praeesse
2321 1973 2442 2017 nescit,

1385 2036 1558 2081 quomodo
1579 2035 1746 2072 Ecclesiae
1769 2035 1833 2072 Dei
1853 2047 1973 2071 curam
1989 2034 2152 2071 habebit?
2169 2033 2365 2080 Propterea
2382 2033 2445 2071 Ju-

1388 2094 1545 2129 daeorum
1566 2095 1756 2143 Synagoga
1783 2107 1856 2132 non
1872 2096 1988 2132 solum
2007 2105 2111 2138 uxor,
2133 2094 2196 2130 sed
2213 2100 2249 2130 et
2277 2094 2352 2130 filia
2376 2095 2440 2131 Dei

1387 2154 1563 2199 appellata
1582 2156 1615 2190 in
1632 2157 1819 2202 prophetis
1839 2156 2032 2191 invenitur.
2053 2154 2124 2190 Sed
2146 2159 2341 2201 utrumque
2365 2155 2443 2201 ipsa

1387 2217 1603 2261 depravans,
1638 2219 1783 2264 indigna
1817 2218 1920 2254 donis
1959 2218 2139 2264 apparuit,
2179 2221 2215 2252 et
2252 2221 2444 2263 propterea

1387 2275 1504 2310 aliena
1521 2275 1615 2311 sacta
1635 2283 1701 2318 est,
1730 2279 1778 2313 ita
1796 2284 1837 2314 ut
1854 2277 1949 2314 Deus
1966 2288 2030 2323 per
2044 2277 2174 2313 Isaiam
2198 2276 2334 2313 diceret
2353 2288 2361 2311 ε
2378 2273 2445 2311 Re-

1386 2335 1561 2380 linquetur
1580 2337 1654 2380 filia
1678 2337 1765 2373 Sion
1795 2339 1885 2374 sicut
1915 2337 2160 2374 umbraculum
2188 2338 2225 2372 in
2253 2338 2380 2372 vinea.-
2413 2342 2446 2372 et

1386 2396 1476 2430 sicut
1510 2399 1687 2442 tuqui-inm
1717 2399 1753 2433 in
1781 2400 2036 2442 cucumerario,
2066 2406 2097 2434 et
2124 2400 2213 2434 sicut
2234 2398 2354 2434 civitas
2367 2407 2445 2444 quoe

1387 2462 1543 2490 vastatur
1573 2455 1661 2502 (Isa.
1695 2456 1737 2502 ι).
1772 2457 1854 2503 Ipsa
1873 2457 2060 2502 profanata
2092 2463 2128 2492 et
2147 2457 2349 2492 adulterata
2373 2460 2443 2492 est.

1387 2514 1438 2549 Dc
1465 2507 1533 2551 bac
1552 2515 1712 2551 invenies
1742 2515 1855 2551 Deum
1882 2527 1947 2562 per
1967 2516 2191 2562 prophetiam
2211 2516 2246 2551 in
2266 2515 2358 2551 Osca
2392 2515 2446 2551 di-

1386 2581 1526 2611 centem
1550 2588 1557 2610 :
1586 2575 1689 2611 Filiis
1716 2576 1792 2622 ejus
1815 2588 1884 2612 non
1902 2577 2104 2619 miserebor,
2135 2576 2219 2621 quia
2243 2575 2311 2619 filii
2338 2575 2447 2621 [orni-

1386 2635 1533 2669 cationis
1585 2641 1666 2670 sunt
1686 2662 1695 2678 ‚
1738 2637 1821 2681 quia
1857 2636 2030 2681 fornicata
2062 2640 2112 2670 est
2165 2639 2277 2669 mater
2323 2645 2444 2670 eorum

1387 2694 1484 2741 (Ose.
1508 2697 1562 2743 11).
1584 2695 1675 2731 Nam
1706 2701 1742 2731 et
1762 2696 1843 2742 igne
1862 2702 1990 2732 exusta
2014 2699 2084 2738 est,
2117 2695 2213 2742 quod
2233 2695 2444 2731 manifestat

1390 2758 1562 2803 templum
1584 2763 1620 2792 et
1639 2758 1768 2794 civitas
1794 2759 1870 2794 haec
1895 2758 2120 2795 Hierusalem
2139 2759 2302 2804 antiqua,
2324 2759 2440 2794 adhuc

1386 2819 1580 2854 ostendens
1598 2818 1756 2853 incendii
1778 2818 1960 2864 reliquias.
1978 2819 2072 2866 Ergo
2089 2825 2174 2855 vera
2193 2823 2230 2854 et
2247 2817 2443 2864 irrefraga-

1385 2877 1468 2913 bilis
1491 2882 1546 2913 est
1577 2877 1749 2924 spiritalis
1769 2879 1856 2924 legis
1891 2875 2159 2925 contemplatio.
2190 2877 2314 2924 Neque
2344 2878 2439 2914 enim

1387 2938 1502 2973 solum
1522 2948 1693 2973 succensa
1719 2945 1788 2983 cst,
1821 2938 1885 2976 sed
1915 2941 2111 2978 secundum
2144 2931 2240 2987 quod
2271 2940 2323 2976 ait
2355 2938 2438 2976 lex:

1385 2996 1543 3042 [unditus
1563 3004 1685 3033 exusta
1703 3006 1766 3034 est.

1773 3059 1924 3097 CAPUT
1950 3060 2042 3098 xvl.

1384 3117 1435 3152 De
1460 3118 1646 3154 eminentia
1671 3120 1846 3167 pontificis
1873 3132 1915 3155 ne
1938 3119 2129 3167 polluatur,
2156 3119 2190 3156 et
2211 3123 2250 3156 ut
2271 3120 2438 3167 virqinem

1714 3167 1823 3219 ducat
1851 3177 2011 3210 uxorem,
2037 3173 2106 3203 etc.
2382 3176 2390 3182 ’

1432 3241 1566 3288 (Imm).
1589 3225 1771 3289 Pontifex,
1805 3242 1841 3278 id
1860 3249 1923 3286 est,
1951 3244 2115 3279 sacerdos
2142 3245 2318 3279 maximus
2349 3244 2439 3278 inter

1385 3300 1510 3345 fratres
1529 3311 1625 3343 suos,
1655 3311 1759 3346 super
1784 3301 1885 3346 cujus
1905 3308 2007 3347 caput
2037 3302 2154 3347 sit-sum
2184 3309 2234 3338 est
2264 3303 2438 3339 unctionis

1383 3360 1511 3404 oleum,
1537 3367 1570 3396 et
1586 3361 1687 3407 cujus
1706 3372 1830 3397 manus
1848 3361 1885 3396 in
1902 3362 2097 3397 sacerdotio
2114 3368 2326 3399 consecratae
2341 3366 2434 3406 sunt,

1381 3422 1588 3468 vestitusque
1613 3427 1662 3457 est
1686 3421 1814 3457 sanctis
1841 3421 1999 3465 vestibus,
2020 3426 2123 3469 caput
2146 3421 2346 3520 suuffo'n
2360 3419 2435 3457 dis-

1382 3482 1566 3530 cooperiet,
1581 3483 1780 3519 vestimenta
1797 3493 1863 3518 sua
1881 3493 1950 3518 non
1973 3482 2108 3518 scindet
2123 3473 2144 3527 ‚⁴
2170 3479 2202 3519 εἰ
2300 3494 2435 3520 omnem

1384 3550 1562 3580 mortuum
1581 3554 1650 3580 non
1667 3542 1881 3590 inuredietur
1910 3536 2080 3580 omnino.-
2107 3555 2211 3592 super
2238 3549 2338 3593 patre
2352 3552 2437 3592 quo·

1383 3618 1449 3656 que
1470 3617 1534 3643 suo
1553 3612 1614 3642 aut
1629 3611 1740 3643 matre
1758 3616 1828 3641 non
1853 3605 2159 3643 contaminabitur.
2189 3605 2264 3643 Nec
2282 3604 2438 3653 eqrettte-

1384 3674 1443 3708 tur
1461 3668 1504 3706 de
1527 3667 1670 3710 sanetis.
1691 3677 1733 3705 ne
1757 3665 1892 3714 pottuat
1917 3667 2158 3704 sanctuarium
2175 3659 2328 3711 Domini,
2349 3666 2435 3714 quia

1379 3730 1499 3781 ,egem
1523 3736 1654 3784 sancite
1681 3729 1857 3768 unctionis
1875 3722 1942 3767 Dei
1958 3729 2014 3766 sui
2041 3741 2146 3777 super
2172 3739 2253 3770 eum
2276 3725 2330 3767 eti
2341 3735 2355 3763 .·
2369 3729 2457 3776 eqo,

1385 3789 1661 3845 &minuatne
1681 3787 1908 3845 Auqustino.)
1927 3787 2142 3840 Intelligitur
2159 3791 2212 3831 ea
2223 3773 2458 3866 QQQQ

2511 3314 2513 3322 ἡ
2523 3141 2540 3297 -ΙΙὟ-η-..ι
2531 3100 2540 3119 Ἰι
2526 3061 2540 3077 ,ι’
2535 3020 2540 3030 ,.
