2540 4016
333 188 403 227 999

717 379 1106 456 nna-rr
1158 330 1661 454 annam
1704 379 2115 455 maun!

803 534 1001 574 ABBATIS
1025 533 1284 573 FULDENSIS
1310 534 1370 571 ET
1395 533 1651 573 MOGUNTINI
1674 533 2019 575 ARCHIEPlSCOPI

552 657 663 745 IN
725 654 1134 742 LIBRUM
1197 650 1524 738 JOSUE
1591 651 1878 738 LIBRI
1942 653 2244 748 TRES.

1266 809 1424 866 (ANNO
1452 809 1562 865 83t.)

759 908 868 953 (Apud
884 909 1041 951 marten„
1058 907 1167 950 Ampi.
1193 906 1344 947 collect„
1359 909 1438 940 tom.
1455 906 1511 949 lx,
1524 915 1600 949 pag.
1617 907 1678 943 668
1694 916 1737 943 ex
1751 917 1812 944 ms.
1829 910 2071 946 Cisterciensia

983 1059 1461 1112 OBSERVATIO
1513 1063 1819 1117 PRAEVIAa

360 1222 401 1259 ln
429 1222 560 1260 librum
588 1221 671 1259 Jesu
700 1221 799 1258 Nave
826 1222 1015 1269 scripsisse
1045 1222 1234 1260 Rabanum
1262 1224 1373 1261 libros
1391 1227 1428 1267 A
1445 1226 1565 1262 thario
1583 1225 1815 1270 imperatori,
1837 1229 1878 1260 ut
1897 1225 1956 1261 hic
1974 1225 2174 1271 imperator
2193 1231 2349 1264 testatur
2369 1229 2406 1265 in
2427 1216 2522 1277 epi-J

314 1275 484 1316 quatuor,
509 1270 561 1305 ait
577 1268 753 1305 Rudolsus
777 1270 977 1315 presbyter,
1005 1269 1081 1314 eJus
1101 1271 1312 1316 discipulus,
1336 1273 1373 1307 in

312 1316 427 1362 ipsius
455 1315 596 1351 Rabani
621 1314 703 1350 Vita
719 1341 727 1355 ‚
765 1325 844 1360 cap.
872 1316 906 1351 9.
947 1317 1044 1352 Duos
1066 1322 1204 1351 tantum
1227 1317 1372 1353 Trithe-

312 1363 430 1405 mius,
459 1361 599 1397 Rabani
621 1360 780 1405 eiusdem
800 1361 892 1397 Vitae
915 1362 1007 1397 libro
1029 1372 1092 1404 111,
1114 1373 1194 1408 cap.
1214 1362 1249 1397 5.
1285 1363 1374 1399 Tres

313 1408 424 1444 habet
439 1413 604 1444 vetustus
625 1418 665 1443 ac
686 1409 789 1443 bonae
807 1413 902 1443 notae
922 1409 1035 1443 codex
1054 1414 1192 1452 noster,
1220 1408 1374 1445 solidum

311 1464 401 1500 opus
420 1454 639 1500 complexos.
677 1453 750 1489 Hos
782 1460 904 1490 autem
939 1454 1049 1489 libros
1069 1455 1284 1501 conscripsit
1303 1455 1375 1492 Ra-

311 1501 440 1544 banus,
461 1501 577 1537 adhuc
594 1501 704 1536 abbas
721 1500 927 1543 Fuldensis‚
947 1501 990 1537 ad
1007 1501 1247 1546 Fridericum,
1267 1512 1373 1548 quem

311 1548 518 1594 episcopum
532 1547 644 1584 fuisse
655 1546 923 1592 TraJectensem
939 1546 1083 1595 (nempe
1097 1548 1372 1594 UltraJectinum

311 1595 405 1640 apud
423 1594 605 1642 Frisones)
629 1599 784 1631 testatur
804 1595 900 1631 idem
920 1594 1091 1630 Rabanus
1120 1595 1155 1630 in
1187 1595 1369 1640 praefatio-

310 1642 416 1677 nibus
436 1642 480 1677 ad
501 1641 611 1678 libros
630 1641 797 1677 Judicum
817 1647 853 1677 et
870 1642 979 1677 Ruth.
1003 1641 1149 1677 Interim
1164 1642 1372 1679 Fridericus

310 1689 499 1733 episcopus
521 1699 586 1734 pro
604 1687 740 1724 Christi
761 1688 829 1724 lide
850 1690 1064 1735 martyrium
1085 1689 1215 1733 subiit,
1236 1689 1372 1726 relatus

336 1735 538 1770 ostmodum
560 1735 597 1770 in
619 1741 824 1771 sanctorum
847 1746 1023 1772 canonem
1048 1737 1093 1771 ad
1117 1737 1211 1772 diem
1236 1737 1371 1773 mensis

333 1781 393 1816 ulii
414 1781 469 1817 18.
507 1781 620 1818 Porro
639 1782 785 1818 eosdem
816 1782 926 1818 libros
953 1793 1037 1818 suos
1065 1783 1102 1818 in
1127 1782 1256 1827 Josue,
1291 1788 1373 1831 post

311 1828 450 1874 aliquot
468 1837 583 1865 annos
604 1839 623 1864 a
643 1830 740 1865 caede
759 1829 937 1866 Friderici
961 1830 1091 1866 obtulit
1111 1830 1282 1868 Rabanus
1302 1831 1372 1868 Lo-

689 181 696 189 '
765 183 806 220 B.
834 181 1005 220 RABANI
1030 182 1177 220 MAURI
1201 179 1416 219 ARCHIEP.
1443 179 1648 218 MOGUNT.
1675 178 1865 218 OPERUM
1888 179 2008 218 PARS
2033 146 2061 217 I

1445 1272 1536 1308 stola
1559 1272 1603 1307 ad
1622 1272 1828 1314 Rabanum,
1848 1271 1955 1316 hujus
1976 1272 2202 1316 Expositioni
2220 1272 2255 1308 in
2275 1273 2502 1316 Ezechielem

1444 1318 1625 1362 adjuncta.
1644 1318 1740 1353 Inter
1750 1317 1819 1352 alia
1834 1317 2020 1363 praeclara,
2037 1328 2117 1364 quae
2130 1318 2284 1364 plurima
2304 1321 2388 1357 huic
2402 1323 2509 1368 operi.

1445 1364 1630 1409 inspersit,
1660 1364 1789 1405 disces,
1822 1363 1946 1406 lector,
1978 1366 2297 1401 commorationem
2316 1366 2392 1411 ejus
2413 1379 2502 1406 non-

1445 1411 1582 1445 nullam
1606 1410 1642 1444 in
1657 1409 1814 1446 Orientis
1830 1411 2007 1455 partibus,
2024 1410 2126 1455 cuius
2142 1422 2209 1448 nee
2226 1412 2413 1457 liudolfus,
2434 1425 2506 1454 nee

1445 1456 1668 1492 Trithemius
1685 1457 1895 1493 meminere.
1933 1457 1992 1493 Sic
2012 1458 2107 1493 enim
2128 1459 2237 1494 hahet
2253 1459 2291 1495 in
2304 1460 2370 1495 ‚illa
2392 1462 2480 1498 verb
2499 1469 2501 1474 ·

1445 1503 1575 1549 capitis
1591 1514 1643 1546 xi,
1654 1514 1762 1540 versu
1776 1505 1819 1540 8:
1837 1515 1849 1536 ‹
1867 1502 1981 1551 Usque
1995 1505 2040 1539 ad
2057 1504 2222 1540 Sidonem
2233 1516 2410 1552 magnam.
2426 1508 2502 1553 Ego

1443 1550 1589 1596 quidem
1613 1561 1694 1586 cum
1718 1551 1754 1586 in
1781 1551 1870 1586 locis
1900 1551 2043 1587 Sidonis
2073 1551 2264 1597 aliquoties
2295 1553 2482 1590 demoratu

1444 1597 1541 1638 sim,
1572 1608 1757 1644 nunquam
1787 1598 1945 1643 comperi
1973 1599 2061 1634 duas
2086 1608 2165 1634 esse
2193 1598 2365 1643 Sidonas,
2393 1611 2463 1636 una

1443 1654 1632 1690 magnam,
1664 1650 1699 1680 et
1728 1644 1835 1680 aliam
1862 1654 2008 1690 parvam
2023 1672 2032 1688 ‚
2057 1650 2230 1691 quantum
2250 1646 2293 1680 ad
2316 1651 2500 1684 terrenum

1443 1691 1602 1736 pertinet
1620 1690 1751 1727 locum.
1772 1705 1783 1726 ι
1810 1692 1929 1737 Atque
1946 1692 2021 1727 haec
2036 1692 2173 1727 Rabani
2187 1693 2430 1738 peregrinatio
2445 1705 2464 1729 r

1444 1737 1592 1773 serenda
1607 1739 1748 1774 videtur
1763 1739 1799 1774 in
1814 1739 1992 1784 juveniles
2010 1738 2087 1783 ejus
2104 1749 2231 1782 annos,
2249 1749 2330 1774 cum
2348 1741 2502 1776 necdum

1445 1790 1541 1820 esset
1554 1784 1676 1820 Fuldac
1692 1786 1875 1832 magister,
1894 1785 2046 1822 fortasse
2062 1796 2129 1821 nec
2142 1786 2355 1829 monachus,
2370 1787 2502 1825 nedum

1445 1831 1556 1868 abbas
1581 1831 1771 1868 Fuldensis
1793 1837 1854 1868 aut
1879 1833 2170 1880 archiepiscopus
2187 1831 2426 1879 Moguntinus.

968 1996 1309 2048 EPISTOLA
1359 1997 1837 2049 DEDICATORIA.

854 2094 920 2132 AD
944 2095 1267 2134 rmnumcnnM
1293 2096 1558 2134 EP1scoPUM
1583 2096 1957 2136 TRAJECTENSEM.
2516 2117 2523 2141 ‚

356 2243 510 2280 Domino
529 2241 740 2278 beatissimo
759 2249 927 2286 veraeque
947 2240 1137 2277 charitatis
1155 2240 1271 2277 officio
1290 2240 1369 2287 plu-
1387 2247 1418 2286 Β
1437 2249 1658 2280 memoratus
1691 2250 1828 2292 martyr
1859 2240 1924 2292 pei·
1955 2245 2129 2284 famulum
2161 2258 2265 2286 suum
2302 2251 2477 2300 dignante
2504 2283 2510 2289 ,

311 2307 442 2342 rimum
462 2304 691 2346 venerando,
724 2302 940 2338 Friduricho
972 2302 1163 2348 episcopo,
1197 2302 1369 2338 Rabanus

310 2365 509 2403 vilissimus
528 2373 714 2400 servorum
734 2362 798 2398 Dei
813 2361 968 2398 famulus
987 2362 1023 2397 in
1038 2361 1182 2398 Christo
1200 2362 1366 2398 salutem.

357 2425 521 2462 Studium
547 2429 646 2459 tuum
675 2432 718 2459 ac
745 2422 967 2467 diligentiam
997 2423 1032 2458 in
1063 2432 1247 2458 sacrarum
1269 2422 1367 2459 Scri-

307 2494 495 2536 pturarum
514 2484 768 2528 meditatione,
797 2484 920 2530 plures
939 2484 1000 2530 qui
1019 2484 1249 2521 sanctitatem
1270 2491 1367 2521 tuam

308 2556 507 2594 noverunt,
534 2549 704 2592 laudant,
729 2553 766 2584 et
792 2548 935 2591 merito,
963 2548 1047 2593 quia
1069 2548 1233 2584 assiduus
1261 2558 1300 2584 es
1331 2548 1369 2583 in

308 2614 464 2651 lectione
484 2618 520 2648 et
541 2611 712 2657 frequens
731 2611 769 2646 in
789 2610 973 2653 doctrina,
994 2614 1100 2656 prout
1119 2609 1212 2645 ratio
1231 2609 1369 2646 ordinis

309 2676 362 2711 tui
380 2674 560 2721 postulat;
587 2682 697 2717 quem
716 2671 832 2708 lucem
851 2671 977 2707 mundi
997 2682 1078 2707 cum
1099 2671 1272 2718 apostolis
1290 2670 1369 2708 Sal-

309 2743 414 2774 vator
442 2741 629 2780 nuncupat
646 2762 654 2778 ‚
691 2745 733 2770 ac
754 2735 799 2770 de
817 2745 904 2771 vero
927 2735 1061 2771 lumine
1080 2735 1297 2771 illustratam
1316 2734 1371 2770 lu-

309 2808 456 2835 cernam
471 2806 580 2841 super
595 2794 853 2831 candelabrum
872 2796 1004 2840 posuit,
1017 2800 1056 2831 ut
1070 2796 1191 2831 luceas
1204 2796 1371 2832 omnibus

311 2859 373 2905 qui
392 2858 428 2894 in
450 2858 558 2894 domo
582 2842 649 2892 bei
674 2861 771 2891 sunt.
806 2855 911 2891 Unde
929 2856 1074 2901 plurimi
1093 2856 1246 2892 fratrum
1263 2866 1372 2892 venc-

1442 2304 1618 2350 impendit
1631 2306 1726 2351 quod
1741 2307 1785 2342 ab
1801 2306 1861 2343 illo
1877 2309 2063 2353 quaerebas
2083 2309 2262 2347 solatium.
2284 2312 2397 2351 Porro
2415 2317 2500 2362 quia
2531 2305 2540 2368 1

1442 2363 1606 2401 lectionis
1625 2365 1755 2402 divinae
1774 2377 1794 2402 a
1814 2368 1918 2404 nobis
1943 2369 2064 2415 petisti
2084 2370 2264 2414 solamen,
2299 2374 2518 2417 direximus*
2536 2388 2540 2395 ·

1442 2425 1507 2461 tibi
1527 2426 1687 2462 codicem
1700 2453 1709 2470 ‚
1737 2437 1845 2472 quem
1865 2438 1910 2463 ex
1934 2435 2143 2467 sanctorum
2163 2431 2310 2469 Patrum
2333 2435 2437 2472 dictis
2460 2437 2499 2474 in
2511 2431 2522 2470 i

1441 2485 1627 2522 historiam
1647 2486 1731 2523 Jesu
1753 2487 1850 2524 Nave
1874 2499 1981 2526 sensu
2002 2490 2192 2537 allegorico
2211 2494 2364 2539 prolatis
2383 2498 2494 2534 colle·

1442 2555 1576 2592 geram.
1598 2546 1638 2582 In
1656 2557 1727 2593 quo
1747 2557 1869 2594 opere,
1892 2549 1929 2586 in
1948 2550 2140 2596 aliquantis
2159 2552 2263 2597 locis,
2285 2565 2351 2600 pro
2369 2559 2490 2603 parvi·
2519 2590 2521 2595 .

1442 2612 1515 2642 tate
1537 2617 1664 2644 sensus
1680 2609 1816 2652 nostri,
1850 2609 1911 2646 ubi
1935 2620 2082 2647 necesse
2107 2612 2197 2657 suit,
2226 2614 2345 2652 divina
2365 2626 2498 2654 conce·
2510 2639 2540 2671 '1²‘-

1442 2668 1549 2704 dcnte
1570 2669 1699 2715 gratia,
1722 2669 1842 2715 aliqua
1863 2670 2109 2717 inserueram;
2139 2679 2267 2720 petens
2285 2682 2325 2712 ut
2342 2676 2496 2716 fratrum
2530 2669 2540 2683 ‘

1442 2730 1503 2774 qui
1528 2735 1644 2765 tecum
1666 2736 1749 2766 sunt
1778 2731 1993 2768 utilitatibus
2024 2733 2125 2769 illum
2156 2737 2426 2783 accommodes,
2456 2744 2498 2778 ut

1442 2790 1583 2826 discant
1603 2801 1647 2827 ex
1667 2797 1750 2838 typo
1769 2792 1854 2829 Jesn
1875 2794 2052 2838 historici,
2070 2797 2281 2843 mysterium
2300 2800 2376 2836 veri
2394 2799 2495 2845 ἔθευ,

1442 2851 1584 2888 Domini
1603 2853 1770 2889 videlicet
1790 2854 1988 2893 Salvatoris
2003 2884 2013 2900 ,
2048 2857 2110 2903 qui
2140 2859 2312 2905 sanguine
2339 2870 2405 2897 suo
2429 2872 2496 2898 nos

311 2918 490 2954 rationem
509 2923 609 2953 tuam
628 2915 770 2958 colunt,
801 2920 910 2960 atque
928 2915 1078 2951 colendo
1097 2914 1249 2961 diligunt
1267 2927 1275 2950 ε
1306 2926 1373 2951 no-
1390 2909 1420 2950 C
1442 2912 1614 2956 redemit,
1640 2922 1682 2949 ac
1702 2914 1746 2950 de
1762 2914 1973 2952 infirmitate
1991 2927 2061 2963 qua
2078 2918 2238 2963 peccatis
2260 2920 2394 2956 nostris
2416 2922 2493 2958 exi-

311 2979 439 3024 bisque
474 2978 559 3014 inde
588 2977 694 3013 valde
725 2976 892 3012 amabilis
925 2985 965 3011 es
997 2976 1093 3020 qnod
1125 2985 1198 3010 non
1230 2980 1370 3011 tantum

312 3042 533 3086 praesentes,
567 3037 631 3073 sed
663 3036 775 3071 etiam
807 3035 975 3070 absentes
1007 3034 1166 3071 fraterno
1196 3046 1371 3082 provocas

313 3108 450 3142 amore,
471 3108 515 3134 ac
533 3095 668 3133 salubri
687 3095 818 3131 incitas
835 3094 1103 3138 exhortatione,
1130 3101 1171 3131 ut
1194 3095 1284 3143 legis
1307 3096 1372 3133 Dei

315 3168 507 3197 commune
526 3163 646 3193 tecum
663 3164 899 3192 exerceamus
918 3146 1111 3201 negotium.
1144 3155 1218 3192 Nec
1242 3157 1370 3193 absur-

315 3220 400 3256 dum
418 3223 474 3256 est
494 3217 591 3264 quod
608 3216 721 3260 sacis,
756 3215 841 3251 lieet
870 3225 936 3251 nos
957 3215 1002 3251 ad
1031 3215 1101 3251 hoc
1121 3215 1277 3252 officium
1297 3218 1369 3253 im-

315 3289 422 3326 pares
443 3284 552 3324 atque
572 3276 711 3324 indigni
736 3276 869 3319 simus,
904 3285 986 3312 cum
1018 3275 1069 3312 ibi
1099 3276 1231 3322 quaeris
1261 3287 1373 3314 sacrae

315 3341 407 3388 legis
440 3338 756 3376 confirmationem
774 3364 784 3381 ,
825 3336 922 3373 unde
955 3336 1124 3382 accepisti
1157 3335 1372 3374 Christianae

317 3399 503 3447 religionis
523 3398 725 3435 exordium.
760 3396 1022 3433 Sanctissimus
1046 3405 1132 3444 ergo
1158 3397 1308 3434 antistes
1335 3403 1372 3434 et

316 3458 550 3496 beatissimus
567 3457 702 3494 Christi
731 3461 870 3504 martyr
885 3456 1090 3493 Bonisacius
1115 3462 1259 3504 gentem
1280 3457 1371 3494 Fre-

318 3531 447 3558 sonum
462 3546 473 3564 ,
505 3519 564 3556 cui
584 3525 644 3556 tua
663 3519 808 3556 dilectio
826 3523 958 3565 praeest
974 3545 983 3562 ‚
1017 3529 1090 3555 non
1113 3518 1230 3556 solum
1247 3520 1372 3564 verbo,

319 3581 382 3618 sed
399 3579 510 3617 etiam
529 3578 716 3626 sanguinis
749 3578 804 3615 sui
835 3577 1009 3625 effusione
1036 3578 1080 3614 ad
1111 3578 1221 3616 fidem
1239 3579 1374 3616 Christi

320 3639 512 3676 convertit.
545 3639 649 3676 Unde
668 3638 934 3675 rationabiliter
953 3639 1030 3684 agis
1050 3639 1147 3686 quod
1166 3640 1212 3677 ab
1229 3638 1290 3677 illo
1306 3639 1374 3677 mi-

320 3701 461 3739 nisterii
479 3702 532 3738 tui
550 3701 790 3748 patrocinium
809 3701 940 3748 quaeris
967 3712 988 3737 a
1013 3711 1083 3747 quo
1104 3702 1240 3740 ordinis
1260 3703 1312 3740 tui
1331 3713 1375 3740 ac

322 3761 418 3798 sedis
448 3761 603 3809 primam
634 3761 807 3811 accepisti
839 3760 1074 3800 functionem.
1113 3762 1198 3820 Ideo
1228 3773 1375 3813 quoque

1440 2973 1605 3018 gentibus
1637 2976 1902 3020 gravabamur,
1935 2977 2099 3013 salvavit.
2138 2978 2234 3015 Ante
2265 2990 2379 3017 annos
2409 2991 2495 3029 ergo

1440 3034 1593 3080 aliquot,
1614 3040 1811 3073 tractatum
1829 3037 1867 3073 in
1886 3038 2082 3085 Evangelio
2100 3038 2278 3083 Matthaei,
2305 3051 2415 3087 quem
2434 3052 2496 3079 ro-

1440 3102 1548 3141 gante
1571 3097 1675 3133 bonae
1702 3099 1886 3135 memoriae
1907 3098 2085 3136 Haistulso
2109 3099 2381 3147 archiepiscopo
2409 3111 2495 3138 con-

1440 3155 1615 3200 feceram,
1647 3157 1712 3194 tibi
1738 3160 1782 3194 ad
1805 3158 2075 3196 rescribendum
2102 3160 2386 3196 accommodavi.
2422 3161 2494 3198 Sed

1440 3218 1525 3262 quia
1553 3218 1652 3255 illum
1673 3220 1827 3255 necdum
1847 3220 2010 3265 recipere
2029 3221 2153 3265 potui,
2188 3222 2494 3262 remunerationis

1438 3276 1517 3312 vice
1531 3287 1692 3321 praesens
1707 3287 1796 3322 opus
1811 3278 2009 3320 transmisi,
2026 3282 2066 3312 ut
2087 3277 2214 3314 saltem
2230 3278 2300 3314 hoc
2316 3279 2492 3318 beneficio

1439 3335 1644 3371 admonitus
1659 3362 1669 3378 ,
1703 3336 1866 3372 remittas
1896 3335 2000 3372 fenus
2029 3337 2125 3381 quod
2157 3346 2362 3384 acceperas.
2397 3340 2492 3388 Lege

1438 3394 1628 3441 diligenter
1641 3394 1763 3431 Jesum
1776 3394 1887 3439 Nave,
1902 3395 2048 3441 quinon
2063 3395 2179 3432 solum
2194 3398 2349 3441 nomine,
2365 3409 2490 3439 verum
2512 3431 2513 3435 ,

1439 3456 1548 3492 etiam
1580 3455 1692 3502 gestis
1722 3454 1844 3492 Jesum
1869 3454 2054 3492 Christum
2087 3457 2205 3503 typice
2235 3458 2493 3506 praefiguravit.

1441 3515 1600 3553 Transiit
1616 3514 1825 3559 Iordanem,
1843 3516 2001 3552 hostium
2020 3526 2130 3564 regna
2149 3518 2348 3562 subvertit,
2369 3519 2502 3559 divisit>

1441 3583 1574 3614 terram
1593 3576 1720 3619 victori
1745 3576 1889 3623 populo,
1921 3582 1958 3613 et
1986 3587 2050 3624 per
2068 3577 2228 3626 singulas
2244 3579 2368 3623 urbes,
2385 3579 2488 3621 vicu-

1440 3638 1507 3683 los,
1525 3643 1667 3676 montes
1682 3643 1791 3684 atque
1807 3638 1978 3684 confinia,
1997 3639 2168 3679 Ecclesiae
2177 3632 2416 3687 *coelestisque
2432 3639 2491 3691 ,ἔδ-ι

1441 3701 1597 3747 rusalem
1612 3700 1788 3746 spiritalia
1802 3711 1912 3747 regna
1929 3702 2132 3750 descripsit.
2155 3701 2288 3748 stoque
2301 3692 2490 3749 cognoscis

1441 3760 1554 3808 ipsius
1571 3760 1655 3798 libri
1679 3764 1817 3798 textum
1837 3761 2052 3808 evangelicae
2077 3761 2224 3801 lectioni
2249 3761 2490 3808 concordare,
