2540 4016
99 261 169 300 25!

99 337 304 376 idololatria
321 342 556 384 everteretur,
583 345 653 379 nec
680 340 920 382 adorarentur
945 347 996 384 dii
1021 348 1143 393 alieni,

99 400 150 434 ait
171 411 179 435 :
200 399 373 436 Dominus
396 401 493 437 enim
511 402 608 439 Deus
622 404 744 440 zelans
762 410 908 451 nomen,
929 408 1025 445 Deus
1051 410 1147 446 zela-

97 464 154 495 tor
167 465 234 502 est,
250 458 286 496 td
301 463 370 502 est,
388 460 503 507 ipsum
523 473 654 499 nomen
672 465 767 511 quod
786 465 960 504 Dominus
977 469 1072 506 Deus
1090 470 1145 506 di-

96 519 204 562 citur,
224 519 344 556 zelans
364 526 436 563 est,
454 522 538 566 quia
558 522 654 560 Deus
680 525 817 561 zelator
846 533 916 571 est,
943 530 1044 575 quod
1073 542 1146 568 non

95 577 260 615 humana„²
272 581 556 626 perturbationis
575 585 664 620 vitio
685 586 769 623 facit
791 585 906 632 Deus,
933 599 1076 636 semper
1094 597 1147 628 at-

94 653 165 688 que
183 644 282 679 omni
313 645 418 681 modo
449 645 756 686 incommutabilis
772 646 882 697 >atque
903 654 1142 700 tranquillus;

90 701 155 736 sed
183 702 253 737 hoc
271 703 420 738 verbum
453 705 603 750 indicat,
626 718 697 743 non
716 709 863 755 impune
878 711 1020 757 plebem
1041 723 1144 750 suam

90 769 156 805 per
188 761 324 797 alienos
343 764 436 800 De'os
454 764 733 804 fornicaturam.
770 771 923 806 Ductum
958 777 1014 807 est
1047 774 1144 810 enim

90 820 241 856 verbum
263 827 365 868 tropo
384 827 597 870 metaphora
616 837 635 862 a
655 828 732 864 zelo
753 829 935 872 maritali,
955 831 1015 875 qui
1036 831 1144 869 ca'sti-

89 885 200 916 tatem
218 884 376 919 custodit
408 886 552 928 uxoris,
573 888 633 933 qui
652 889 758 924 nobis
780 890 942 934 prodest,
964 898 1034 926 non
1053 893 1139 929 Deo.

86 941 285 986 Quisenim
303 945 374 982 tale
390 952 520 992 genere
535 947 784 984 fornicationis
797 947 871 986 Deo
887 953 1064 994 nocuerit,
1080 956 1141 990 sed

86 1004 154 1040 sibi
183 1005 375 1051 plurimum
403 1012 443 1042 ut
467 1013 616 1052 pereat:
638 1008 709 1055 (Ex
737 1008 915 1060 Oriqene.)
936 1015 1018 1059 quia
1047 1012 1142 1052 Deus

84 1066 251 1111 prohibet
271 1072 409 1103 terrore
426 1069 653 1114 gravissimo,
677 1072 850 1109 zelantem
873 1085 912 1111 se
931 1077 1113 1122 appellans
1130 1091 1137 1114 :

83 1127 140 1162 cui
169 1128 300 1163 dicitur
323 1129 358 1164 in
386 1130 522 1175 psalmo
551 1141 561 1165 t
595 1131 787 1169 Perdidisti
820 1146 955 1172 omnem
988 1139 1047 1184 qni
1070 1139 1141 1185 [or-

81 1186 221 1221 nicatur
245 1187 306 1223 abs
336 1194 378 1224 te.
405 1188 494 1225 Mihi
513 1199 628 1227 amem
656 1194 835 1231 adhoerere
852 1196 924 1232 Deo
943 1198 1070 1235 bonum
1089 1207 1139 1236 est

80 1244 196 1294 (psat.
221 1248 346 1295 Lxxn).
370 1249 506 1287 Dehinc
534 1251 721 1300 Scriptura
745 1257 870 1293 eadem
891 1261 1036 1305 repetit,
1060 1272 1140 1308 quae

78 1306 116 1342 in
144 1309 326 1354 prioribus
346 1314 621 1358 commendavit,
645 1316 712 1352 hoc
731 1322 800 1360 est,
833 1319 877 1354 de
902 1321 1017 1357 tribus
1044 1321 1141 1358 sesti-

77 1367 249 1405 vitatibus
267 1373 473 1418 praecipuis,
493 1380 528 1410 et
546 1376 590 1411 de
605 1377 928 1423 primogenitorum
943 1383 1138 1428 oblatione,

72 1431 114 1466 'et
129 1431 172 1466 de
188 1432 357 1476 primitiis
373 1433 533 1480 frugum,
553 1447 703 1484 quaeque
723 1440 759 1475 in
777 1443 1020 1480 anterioribus
1037 1445 1139 1490 juxta

77 1498 222 1526 sensum
254 1491 402 1528 Pati-um
426 1496 589 1539 exposita
611 1503 706 1541 sunt,
738 1510 809 1535 non
835 1503 1040 1538 necessario
1061 1514 1140 1540 cre-

77 1550 195 1586 dimus
213 1552 272 1588 hic
289 1555 405 1588 denuo
427 1554 563 1590 iterari.
588 1556 633 1591 Et
654 1565 728 1593 erat
757 1560 805 1594 ibt
831 1560 969 1607 Moyses
994 1564 1031 1598 in
1053 1575 1137 1600 con-

75 1616 194 1655 spectu
210 1610 352 1647 Domini
371 1615 606 1661 quadraqinta
627 1618 746 1654 diebus
764 1628 796 1655 et
813 1622 1046 1670 quadraginta
1071 1637 1135 1661 no-

74 1670 199 1712 ctibus,
230 1684 354 1718 panem
379 1686 448 1710 non
469 1677 707 1722 ntanducavit,
736 1687 768 1716 et
796 1693 923 1729 aquam
950 1696 1020 1721 non
1039 1687 1134 1731 bibit,

73 1735 145 1765 etc.
162 1730 249 1774 Quae
262 1738 299 1768 et
312 1739 396 1769 ante
409 1735 562 1779 dixerat,
575 1739 719 1782 quando
735 1742 875 1778 tabulas
891 1746 1031 1791 accepit
1046 1756 1135 1792 quas

71 1788 192 1836 fregit.
220 1790 294 1827 Hoc
318 1794 427 1829 etiam
449 1795 554 1831 modo
583 1800 727 1844 repetit,
759 1812 830 1836 non
865 1806 1134 1851 recapitulando

71 1851 167 1896 quod
187 1852 320 1888 sactum
341 1860 409 1897 est,
442 1857 504 1892 sed
527 1858 657 1895 iterum
679 1863 774 1906 quod
800 1863 934 1902 sactum
953 1874 1009 1904 est
1032 1880 1133 1906 com-

71 1913 257 1950 mendans.
291 1916 362 1962 (Ex
378 1917 548 1967 Isidoro.)
571 1920 751 1968 Repetitio
781 1927 912 1974 quippe
940 1929 1030 1977 legis
1056 1930 1132 1976 jam

70 1974 155 2019 quid
181 1977 359 2023 significet
388 1980 559 2025 diximus,
594 1984 662 2020 boc
687 1992 757 2030 est,
778 1989 909 2026 tabulae
936 1991 1131 2039 imaginem

65 2034 365 2073 demonstrabant
396 2041 526 2086 priscae
556 2042 666 2090 legis,
698 2057 768 2082 non
788 2055 870 2094 post
892 2050 997 2098 longo
1019 2053 1131 2090 inter-

0 2078 4 2147 :
67 2094 161 2131 vasso
180 2097 300 2142 popuii
328 2106 477 2144 peccato
496 2106 684 2142 cessantis.
716 2108 805 2145 Aliae
835 2121 923 2147 vero
940 2114 985 2149 ad
1013 2114 1130 2151 instar

67 2155 229 2200 priorum
259 2158 416 2196 iteratim
446 2162 580 2207 incisae,
602 2165 691 2202 Novi
717 2168 937 2208 Testamenti
967 2175 1127 2214 habuere

67 2214 218 2261 figuram
244 2228 254 2253 ε
289 2220 367 2256 istae
405 2233 476 2259 non
510 2224 740 2274 franguntur,
778 2238 817 2267 ut
849 2236 1127 2275 ostenderentur

66 2275 157 2312 Novi
186 2278 407 2318 Testamenti
435 2285 575 2332 eloquia
594 2299 843 2334 permansura.
873 2294 977 2334 Unde
995 2305 1030 2335 et·
1051 2310 1127 2336 me-

67 2336 138 2372 rito
168 2349 190 2374 x
218 2341 338 2378 verbis
371 2343 518 2391 legenda
550 2349 785 2397 significatur,
807 2361 847 2391 ut
875 2368 941 2403 per
958 2361 1125 2398 eumdem

0 2388 2 2394 ’
52 2408 256 2436 munierum
286 2402 399 2449 figura
429 2410 548 2445 crucis
578 2414 854 2459 exprimeretur.
885 2420 998 2466 Hujus
1027 2425 1124 2460 enim

52 2458 181 2496 tion-ma
197 2462 233 2497 in
254 2465 360 2502 decas
385 2478 407 2503 x
433 2469 550 2507 littera
570 2481 637 2510 est.
658 2476 748 2513 Nam
770 2490 791 2515 x
813 2488 910 2517 recto
930 2494 1000 2520 uno
1021 2487 1123 2531 apice

55 2529 85 2555 .a
105 2531 246 2559 summo
262 2525 301 2560 in
323 2526 432 2563 imum
451 2531 608 2578 ducitur,
629 2545 771 2574 sursum
802 2541 872 2577 alio
891 2553 961 2578 non
990 2546 1122 2590 dispari

52 2581 209 2618 1tramite
223 2593 287 2628 per
303 2591 508 2626 transversa
522 2593 750 2633 brachiorum
766 2603 1006 2646 componitur.
1021 2604 1121 2641 Unde

8 2685 10 2690 ᾗ
62 2641 195 2686 etipse
222 2644 300 2679 ait:
324 2645 406 2681 Non
438 2651 515 2685 veni
541 2651 648 2698 leyem
674 2656 815 2701 solvere,
847 2661 908 2695 sed
930 2663 1121 2709 adimplere

65 2700 207 2746 (ΜαιιΙι.
244 2704 301 2751 v);
345 2707 468 2753 utique
503 2721 568 2756 per
599 2716 804 2759 passionem
841 2722 982 2766 crucis,
1018 2724 1119 2770 cujus

7 2801 8 2806 ¹
51 2761 179 2807 ‚imago
202 2763 266 2800 suit
296 2766 330 2801 in
352 2769 495 2805 tabulis.
523 2771 625 2815 Quod
646 2782 766 2812 autem
790 2779 866 2815 ait:
895 2781 1027 2818 Panem
1049 2796 1118 2821 non

3 2866 5 2874 y
48 2825 295 2868 mutandumve,
317 2833 348 2861 et
375 2839 502 2875 aquam
523 2843 591 2869 non
616 2834 714 2879 bibit,
743 2838 956 2887 intelligitur
978 2844 1118 2890 jejuna-

51 2880 123 2925 wit‚
144 2892 163 2917 a
184 2890 287 2929 parte
306 2892 430 2931 totum,
462 2891 498 2927 id
516 2899 584 2937 est,
606 2898 751 2934 nomine
777 2902 880 2945 panis
903 2894 1046 2941 omnem
1065 2907 1116 2943 ci-

4 2935 6 2939 ’
54 2951 156 2986 Ιπιιῐ),
187 2950 224 2980 et
255 2949 400 2986 nomine
427 2961 529 2997 aquae
559 2965 703 2993 omnem
729 2967 866 3005 potum,
887 2964 1114 3011 significante

6 2993 8 2999 ¹
50 3017 60 3026 2
109 3003 259 3049 riptura.
277 3007 371 3051 Quid
389 3017 510 3049 autem
539 3015 607 3050 sibi
631 3017 730 3060 velit,
750 3022 846 3065 quod
865 3022 1005 3070 Moyses
1023 3038 1113 3074 qua-

2 3051 5 3059 '
55 3059 219 3109 'raginta
245 3066 372 3106 diebus
394 3071 625 3119 jejunaverit,
654 3079 756 3124 cujus
777 3082 929 3120 actionis
947 3089 1109 3131 quaedam

53 3119 167 3173 “gnra
187 3131 242 3161 est
270 3127 306 3163 in
337 3129 443 3175 hujus
460 3136 599 3171 numeri
617 3139 905 3179 consideratione
926 3156 935 3179 :
955 3149 1111 3190 quadra-

64 3185 199 3236 suario
217 3188 315 3236 enim
334 3201 484 3230 numero
501 3201 537 3233 et
556 3197 696 3245 Moyses
713 3207 750 3237 et
766 3202 874 3248 Elias,
892 3211 927 3241 et
943 3207 1020 3253 ipse
1039 3211 1110 3247 Do-

63 3237 173 3299 sus
196 3245 470 3296 iejunaverunt;
488 3257 697 3303 praecipitur
713 3262 822 3305 enim,
835 3266 940 3302 nobis
967 3277 1012 3304 ex
1029 3269 1108 3317 lege

0 3278 10 3316 3
55 3322 63 3364 ι
87 3315 132 3346 μ.
182 3303 302 3351 betis,
321 3310 410 3346 etin
427 3312 504 3359 ipso
522 3315 727 3366 Evangelio,
750 3325 845 3369 quod
860 3327 1105 3367 testimonium

62 3358 69 3360 “
88 3407 93 3413 ,,
131 3365 201 3426 *23
217 3364 293 3420 lege
307 3374 344 3405 et
358 3373 556 3419 prophetis.
576 3378 676 3417 Unde
691 3382 800 3420 etiam
817 3385 854 3421 in
868 3395 990 3426 monte
1009 3391 1105 3430 inter

66 3457 69 3460 ι
136 3429 200 3468 '³⁴³2st
229 3440 238 3456 -,
257 3437 448 3486 ¹personam
477 3437 620 3476 medius
639 3439 806 3481 Salvator
829 3446 974 3493 effulsit,
998 3457 1040 3487 ut
1055 3452 1102 3488 ab

2 3484 15 3499 ²
91 3493 95 3507 ¹
131 3483 213 3548 ῗῖἐῇ
239 3490 366 3546 mundi
388 3493 569 3543 illecebris
598 3501 805 3542 aviditatem
831 3514 991 3547 nostram
1019 3517 1100 3548 tan·

0 3563 4 3573 Ι
91 3550 107 3565 ,ἱ
172 3545 210 3569 w·
232 3563 234 3568 Ι
272 3547 281 3556 .

711 266 1051 309 commmunia
1073 273 1123 311 IN
1146 275 1355 314 ExonUM.
1380 296 1429 306 --
1452 278 1539 316 ΜΒ.
1566 281 1628 318 W.

1163 351 1384 393 Adixerat:
1410 350 1534 392 Scribe
1559 357 1622 395 tibi
1649 359 1752 397 verba
1776 361 1866 398 hoec.
1893 361 1983 398 Cum
2009 373 2096 402 vero
2114 371 2272 414 primum

1214 411 1332 460 legem
1349 417 1499 462 accepit,
1513 417 1614 464 cujus
1629 421 1770 458 tabulas
1787 422 1918 468 abjecit
1931 430 1968 460 et
1981 424 2101 473 fregit,
2118 439 2185 467 nec
2197 434 2274 479 ipse

1214 473 1393 510 excidisse
1410 474 1527 530 dictus
1545 483 1599 514 est
1617 481 1759 518 tabulas
1771 482 1947 530 lapideas,
1964 490 2000 522 et
2016 487 2123 525 modo
2137 489 2273 529 dictum

1214 538 1296 569 est:
1318 534 1454 572 Excide
1473 538 1542 574 tibi
1570 541 1658 578 duas
1693 543 1834 581 tabulas
1865 542 2025 594 lapideas
2044 560 2053 592 ;
2076 561 2142 587 nec
2165 551 2199 588 ei
2223 555 2275 591 di-

1214 598 1311 630 ctum
1327 601 1382 631 est
1401 602 1439 632 ut
1458 599 1648 646 scriberet,
1675 603 1769 640 sicut
1784 606 1819 642 ei
1835 607 1942 643 modo
1961 609 2103 654 dicitur,
2127 623 2194 649 nec
2211 624 2275 653 eas

1213 653 1291 700 ipse
1318 658 1507 704 scripsisse
1538 667 1724 708 narratur,
1758 665 1852 702 sicut
1883 669 1990 706 modo
2019 678 2143 708 narrat
2173 672 2273 710 Scri-

1212 721 1318 761 ptura
1336 723 1372 755 et
1392 719 1479 756 dicit
1510 734 1518 757 :
1551 722 1699 771 Scripsit
1719 726 1756 761 in
1776 727 1905 764 tabulis
1927 728 2138 769 Testamenti
2156 733 2274 771 decem

1213 777 1328 821 verba,
1349 781 1412 816 sed
1427 787 1512 819 tunc
1530 783 1664 821 dictum
1683 793 1739 823 est
1757 800 1764 822 :
1786 788 1832 824 Et
1853 789 1948 826 dedit
1967 791 2083 839 Moysi
2101 795 2220 832 statim
2235 803 2274 833 ut

1213 841 1359 875 cessavit
1391 842 1485 890 toqui
1508 845 1554 880 ad
1580 858 1658 882 eum
1686 850 1722 884 in
1751 858 1866 887 monte
1891 851 1992 897 Sina,
2018 855 2108 892 duas
2133 858 2272 896 tabulas

1213 897 1415 938 Testimonii
1432 930 1441 946 ,
1491 905 1630 943 tabulas
1668 908 1824 956 lapideas
1866 914 2014 960 scriptas
2044 917 2153 963 diyito
2193 909 2270 956 ¹Dei.

1211 956 1345 996 Deinde
1375 964 1482 1008 paulo
1511 974 1593 1012 post
1617 981 1625 1002 :
1648 968 1862 1017 Conversus,
1898 974 2026 1020 inquit,
2054 976 2194 1025 Moyses
2215 980 2274 1016 de-

1210 1022 1340 1056 scendit
1360 1023 1402 1058 de
1413 1031 1539 1068 monte,
1560 1034 1592 1062 et
1605 1028 1685 1063 duoe
1703 1030 1832 1066 tabuloe
1852 1032 1999 1079 lapideae
2014 1038 2152 1084 scriptoe
2171 1046 2272 1090 utra-

1209 1091 1273 1126 que
1290 1088 1402 1127 parte,
1424 1083 1502 1118 hinc
1532 1091 1636 1132 atque
1662 1087 1742 1124 hinc
1771 1097 1871 1126 erant
1897 1094 2047 1140 scripcoe‚
2083 1103 2116 1132 et
2143 1098 2272 1137 tabulae

1209 1152 1295 1187 opus
1316 1142 1379 1177 Dei
1393 1151 1503 1180 erant.
1518 1145 1565 1182 Ee
1584 1149 1757 1194 scriptura
1773 1151 1841 1187 Dei
1855 1159 1904 1188 est
1925 1155 2060 1202 sculpta
2076 1157 2111 1193 in
2127 1158 2269 1196 tabulis.

1208 1202 1363 1240 Proinde
1381 1215 1508 1252 magna
1526 1208 1642 1244 oritur
1657 1212 1822 1257 quaestio,
1842 1217 2023 1260 quomodo
2042 1218 2113 1255 illae
2129 1220 2269 1266 tabulae,

1209 1273 1300 1308 quas
1321 1270 1398 1300 erat
1420 1265 1560 1314 Moyses
1589 1269 1663 1306 Deo
1694 1272 1820 1318 utique
1853 1277 2065 1320 praesciente
2092 1279 2269 1326 facturus,

1209 1326 1279 1351 non
1306 1318 1461 1355 hominis
1481 1330 1572 1366 opus
1593 1323 1759 1360 dicantur
1789 1337 1884 1371 esse,
1920 1331 1982 1366 sed
2014 1331 2099 1376 Dei;
2133 1345 2201 1371 nec
2225 1337 2270 1372 ab

1209 1377 1354 1414 homine
1369 1380 1527 1426 scriptae,
1547 1385 1608 1419 sed
1629 1386 1807 1432 scriptura
1822 1389 1897 1432 Dei,
1919 1391 2028 1437 digito
2043 1394 2106 1430 Dei
2123 1404 2132 1430 ε
2151 1404 2270 1442 poste-

1208 1438 1323 1474 riores
1344 1450 1431 1476 vero
1459 1443 1588 1480 tabulae
1614 1448 1738 1484 tandiu
1763 1460 1956 1495 mansurae,
1979 1460 2014 1490 et
2034 1455 2070 1491 in
2098 1458 2268 1494 taberna-

1207 1497 1287 1533 culo
1303 1509 1346 1535 ac
1367 1501 1499 1547 templo
1517 1503 1580 1539 Dei
1607 1505 1752 1551 suturae,
1774 1509 1924 1555 jubente
1940 1515 2085 1559 quidem
2106 1517 2191 1561 Deo,
2215 1525 2269 1555 ta-

1205 1568 1288 1594 men
1309 1560 1353 1596 ab
1375 1562 1522 1600 homine
1546 1566 1678 1602 excisae
1697 1569 1784 1612 sint,
1805 1571 1850 1607 ab
1873 1572 2020 1611 bomine
2036 1577 2192 1624 scriptae.
2211 1580 2268 1617 An

1206 1618 1298 1656 sorte
1317 1622 1353 1657 in
1373 1622 1445 1659 illis
1463 1625 1646 1670 prioribus
1664 1630 1780 1675 gratia
1796 1631 1860 1668 Dei
1881 1634 2175 1680 significabatur?
2188 1640 2267 1677 Non

1204 1679 1362 1718 hominis
1392 1693 1495 1729 opus,
1533 1696 1603 1732 quo
1634 1690 1750 1735 gratia
1770 1691 1908 1738 indigni
1934 1694 2019 1731 sacti
2045 1703 2127 1733 sunt
2146 1709 2267 1736 rever-

1205 1746 1322 1778 tentes
1338 1745 1447 1781 corde
1464 1746 1500 1781 in
1519 1746 1729 1796 AEgyptum‚
1754 1757 1790 1789 et
1809 1752 1983 1793 facientes
2007 1757 2152 1803 idolum,
2172 1763 2265 1799 unde

1203 1800 1264 1838 illo
1278 1803 1455 1842 beneficio
1471 1808 1604 1853 privati
1623 1817 1720 1856 sunt,
1741 1819 1778 1849 et
1797 1822 1988 1863 propterea
2007 1818 2148 1868 Moyses
2167 1824 2251 1859 tabu

1202 1860 1256 1897 las
1270 1862 1390 1911 fregit.
1411 1865 1494 1903 Istis
1521 1880 1605 1906 vero
1631 1873 1761 1910 tabulis
1778 1878 2042 1922 posterioribus
2071 1882 2263 1929 significati

1200 1928 1296 1965 sunt,
1328 1925 1389 1970 qui
1423 1926 1467 1963 de
1496 1929 1570 1966 suis
1601 1934 1771 1978 operibus
1800 1937 2012 1983 gloriantur.
2044 1942 2146 1980 Unde
2177 1946 2262 1982 dicit

1197 1981 1390 2029 Apostolus
1410 1996 1419 2021 :
1442 1987 1651 2035 lqnorames
1670 1994 1735 2030 Dei
1752 1996 1947 2044 justitiam,
1969 2008 2000 2036 et
2023 2015 2124 2040 suam
2145 2006 2253 2043 volen-

1198 2048 1247 2078 tes
1267 2047 1490 2093 constituere,
1506 2051 1658 2096 justiliae
1685 2055 1750 2091 Dei
1776 2069 1844 2094 non
1867 2068 1946 2096 sunt
1976 2063 2120 2110 subjecti
2140 2067 2259 2114 (Rom.

1197 2103 1234 2151 x)
1257 2117 1265 2140 :
1285 2114 1320 2141 et
1339 2107 1419 2144 ideo
1445 2111 1574 2149 tabulae
1602 2114 1761 2154 humano
1786 2129 1894 2166 opere
1927 2123 2139 2171 conscriptae
2166 2128 2260 2165 datae

1147 2155 1176 2198 C
1197 2172 1293 2211 sunt,
1313 2179 1392 2214 quae
1412 2182 1493 2207 cum
1515 2173 1601 2220 ipsis
1624 2187 1829 2225 manerent,
1851 2183 1896 2219 ad
1924 2193 1986 2221 eos
2005 2187 2259 2234 significandus

1194 2225 1239 2262 de
1256 2229 1330 2265 suis
1347 2233 1515 2276 operibus
1537 2235 1768 2285 gloriaturos,
1789 2252 1861 2278 non
1890 2244 1934 2280 de
1960 2246 2072 2294 digito
2091 2248 2168 2295 Dei,
2189 2251 2258 2288 boc

1193 2293 1248 2324 est
1263 2289 1307 2325 de
1324 2290 1458 2338 Spiritu
1479 2294 1556 2331 Dei.

1241 2350 1346 2389 Certe
1375 2364 1461 2401 ergo
1492 2360 1657 2404 repetitio
1681 2361 1772 2410 legis
1808 2364 1947 2403 Novum
1981 2369 2254 2410 Testamentum

1192 2411 1372 2457 significat
1391 2427 1398 2449 τ
1423 2417 1508 2453 illud
1524 2426 1644 2456 autem
1660 2423 1772 2460 Vetus
1789 2426 2029 2473 significabat.
2049 2431 2150 2468 Unde
2167 2444 2254 2470 con-

1191 2471 1345 2509 fractum
1365 2481 1402 2510 et
1418 2477 1591 2514 abolitum
1613 2487 1682 2524 est,
1705 2485 1862 2522 maxime
1892 2489 2061 2532 quoniam
2083 2502 2164 2528 cum
2191 2504 2250 2530 se-

1192 2533 1309 2569 cundo
1338 2534 1395 2569 lex
1415 2537 1532 2581 datur,
1564 2540 1662 2576 nullo
1688 2548 1826 2580 terrore
1853 2546 1973 2592 datur,
1999 2551 2094 2587 sicut
2120 2554 2179 2590 illa
2213 2557 2249 2595 in

1190 2599 1291 2630 tanto
1321 2597 1472 2642 strepitu
1500 2598 1651 2644 ignium,
1687 2604 1836 2643 nubium
1861 2612 1898 2642 et
1932 2609 2112 2648 tubarum.
2149 2609 2249 2652 Unde

1189 2655 1413 2700 tremefactus
1427 2659 1577 2704 populus
1591 2662 1680 2697 dixit
1695 2663 1801 2700 :Non
1818 2665 1982 2715 loquatur
1993 2670 2090 2708 Deus
2105 2675 2151 2710 ad
2168 2687 2246 2721 nos,

1188 2724 1230 2749 ne
1251 2716 1456 2753 moriamur.
1483 2718 1583 2756 Unde
1604 2722 1830 2769 significatur
1852 2728 1961 2765 timor
1982 2731 2022 2768 in
2042 2733 2164 2772 Veteri
2183 2736 2247 2774 Te-

1188 2783 1380 2820 stamento,
1419 2780 1457 2815 in
1492 2781 1592 2819 Novo
1630 2785 1785 2824 dilectio.
1820 2789 2007 2834 Quomodo
2030 2795 2141 2842 igitur
2169 2798 2246 2836 baec

1186 2839 1337 2875 solvitur
1355 2842 1521 2887 quaestio,
1541 2854 1653 2890 quare
1673 2847 1741 2884 illae
1765 2860 1857 2896 opus
1876 2852 1955 2898 Dei,
1975 2855 2054 2892 istae
2071 2868 2162 2905 opus
2178 2861 2245 2897 ho-

1184 2901 1315 2938 minis?
1333 2909 1370 2939 et
1387 2904 1454 2941 illae
1473 2909 1688 2955 conscriptae
1704 2912 1815 2959 digito
1836 2916 1913 2959 Dei,
1935 2918 2014 2956 istae
2032 2922 2178 2969 scriptae
2197 2925 2243 2962 ab

1182 2963 1353 3000 homine?
1374 2966 1427 3002 An
1448 2968 1542 3005 sorte
1560 2971 1641 3007 ideo
1658 2975 1773 3020 magis
1790 2975 1860 3013 iilis
1878 2979 2061 3023 prioribus
2077 2989 2181 3021 vetus
2199 2987 2243 3022 si-

1183 3024 1388 3070 gnificatum
1409 3037 1461 3064 est
1484 3029 1768 3079 Testamentum,
1790 3038 1884 3082 quod
1904 3039 1998 3077 Deus
2018 3042 2085 3079 sibi
2103 3054 2242 3091 praece-

1180 3085 1244 3131 pit,
1261 3087 1325 3122 sed
1348 3087 1455 3125 bomo
1481 3101 1551 3127 non
1569 3091 1679 3129 fecit?
1694 3095 1768 3131 Lex
1790 3099 1886 3134 enim
1905 3102 2020 3146 posita
2037 3109 2095 3140 est
2114 3105 2151 3141 in
2171 3106 2240 3143 Ve-

1180 3147 1249 3182 teri
1285 3148 1530 3195 Testamento,
1559 3163 1639 3200 quae
1672 3158 1901 3196 convinceret
1936 3167 2234 3210 transgressores,

1180 3216 1260 3252 quae
1289 3210 1504 3248 subintravit
1524 3219 1564 3249 ut
1587 3215 1788 3254 abundaret
1816 3219 1997 3258 delictum.
2030 3223 2108 3259 Non
2137 3226 2234 3261 enim

1176 3266 1396 3314 implebatur
1413 3271 1554 3318 timore,
1573 3285 1654 3320 quae
1671 3287 1742 3312 non
1764 3278 1938 3324 impletur.
1950 3282 2019 3318 nisi
2038 3283 2230 3322 charitate.

1172 3327 1220 3363 Et
1237 3328 1317 3365 ideo
1329 3329 1464 3367 dicitur
1475 3341 1567 3379 opus
1586 3334 1664 3379 Dei,
1685 3337 1770 3382 quia
1786 3337 1882 3374 Deus
1896 3339 2010 3384 legem
2029 3343 2229 3381 constituit.

1174 3389 1270 3428 Deus
1297 3395 1512 3441 conscripsit
1542 3398 1679 3434 nullum
1715 3410 1805 3445 opus
1834 3401 2017 3439 hominis:
2037 3405 2230 3457 quihomo

1170 3449 1246 3486 Deo
1263 3462 1335 3488 non
1355 3453 1628 3501 obtemperavit,
1645 3464 1682 3493 et
1698 3468 1780 3494 eum
1794 3460 1914 3505 potius
1927 3473 2034 3502 reum
2047 3466 2105 3504 lex
2124 3465 2223 3510 fecit.

1166 3509 1207 3545 in
1229 3512 1397 3550 semndis
1415 3521 1535 3551 autem
1546 3517 1684 3554 <tabulis
1714 3519 1823 3557 homo
1841 3532 1907 3568 per
1920 3520 2140 3576 adjutorium
2156 3531 2224 3571 'Dei

1158 1252 1190 1290 B

1086 3593 1101 3600 -
1163 3568 1310 3608 tabulas
1326 3572 1416 3610 {ecit
1423 3581 1535 3621 atque
1547 3574 1781 3627 enasci-ipsit,
1795 3583 1880 3630 quia
1894 3571 1985 3640 stuwi
1999 3584 2225 3632 *emmena

1166 3633 1330 3669 chamas
1344 3633 1460 3680 negem
1479 3635 1578 3673 ram.
1595 3632 1702 3678 unde
1720 3642 1809 3680 nien
1825 3644 1998 3687 omnious
2015 3655 2026 3688 ἰ
2045 3640 2224 3695 tren‘veffi

1165 3693 1279 3740 legem
1295 3693 1448 3741 solvere,
1461 3692 1530 3734 sed
1541 3699 1752 3747 adimplere.
1768 3702 1995 3747 mautarn
2005 3700 2219 3760 [pomp

1165 3751 1355 3791 Plenitudo
1372 3755 1457 3803 teg-'o
1476 3758 1650 3806 varim,
1669 3762 1710 3799 'ot
1720 3764 1811 3810 fida
1825 3772 2221 3819 mmmm

1164 3815 1461 3864 voratur-(Rom.
1478 3819 1576 3868 ιιι).
1591 3821 1833 3867 Enna-ni
2047 3837 2056 3846 “
2087 3837 2220 3878 ’ἠὼ

1163 3875 1200 3912 in
1228 3875 1328 3914 Novo
1363 3877 1621 3930 Testamento,-
1640 3887 1736 3934 quod
1766 3889 1804 3927 iu
1823 3891 1855 3930 V
1972 3894 2114 3939 diffide
2135 3900 2216 3948 ruit,

1939 3990 2007 4016 1-

1255 3975 1281 3982 -μ,

1543 3984 1568 4004 Φ
