2540 4016
298 176 344 213 65

294 306 427 344 dicitur
446 306 491 342 ad
519 306 694 353 Moysen:
727 315 806 351 quae
830 305 889 339 via
925 302 1132 349 praecipitur
1165 301 1342 348 eligenda.

293 367 448 411 nemersi,
482 367 612 414 inquit,
648 371 938 402 castrametentur
956 375 974 399 e
1002 364 1141 410 reqione
1172 362 1346 399 Phihahi-

294 433 385 474 roth,
412 429 610 475 etreliqua.
636 427 686 462 De
707 425 822 461 Ethan
858 424 990 470 quippe
1013 422 1166 459 Domino
1196 421 1346 468 jubente

293 492 430 529 reversi
446 491 508 527 filii
525 488 647 530 lsrael,
682 484 929 521 castrametati
960 483 1241 530 sunteregione
1260 483 1347 519 Phi-

294 551 480 594 hahiroth‚
497 558 575 595 quae
593 552 649 583 est
667 546 762 582 inter
795 544 999 591 Magdalum
1027 550 1063 580 et
1082 554 1196 587 mare,
1218 550 1345 581 contra

291 611 529 657 Beelsephon,
550 613 669 644 castra
688 612 865 652 ponentes
897 616 1004 653 super
1027 616 1141 642 mare.
1174 606 1346 642 Phihahi-

294 675 387 717 roth,
408 685 445 708 os
460 671 662 707 nobiliumn·
689 670 906 716 Magdalum,
940 671 1048 707 turris
1064 681 1076 705 .·
1104 670 1340 716 Beelsephon,

291 732 462 767 Dominus
493 729 642 777 aquilas.
666 730 712 766 Et
729 730 822 766 bene
841 736 897 766 est
921 735 963 766 ut
993 741 1056 767 ore
1074 732 1261 768 doctorum
1291 731 1346 766 in-

291 796 464 835 structus,
485 792 659 827 ascendas
695 791 826 826 turrim
853 791 1042 835 virtutum,
1065 797 1101 827 et
1135 791 1345 827 memineris

292 852 357 888 tibi
391 857 517 888 contra
550 851 742 887 Dominum
772 852 969 897 aquilonis,
1007 853 1042 888 id
1078 858 1133 888 est
1163 853 1344 889 diabolum

291 912 490 958 principem
528 912 740 955 infidelium,
790 923 933 959 semper
974 922 1053 953 esse
1095 915 1341 959 pugnandum.

291 971 397 1007 Juxta
420 973 528 1008 aliam
548 979 670 1009 autem
686 973 880 1009 editionem
895 973 946 1008 ita
964 973 1120 1019 legitur:
1142 974 1193 1010 De
1209 975 1342 1019 Othon,

292 1032 423 1079 inquit,
443 1034 624 1076 conversi,
651 1034 721 1069 iter
744 1033 852 1069 facite
885 1033 981 1070 iuter
1006 1034 1217 1080 Epauleum,
1237 1042 1274 1072 et
1292 1037 1345 1071 in-

292 1097 348 1127 ter
381 1091 599 1138 Magdalum,
623 1094 718 1138 quod
751 1099 806 1129 est
839 1100 964 1130 contra
993 1095 1226 1142 Beelsephon.
1261 1097 1344 1134 Haec

294 1158 413 1188 autem
448 1154 735 1200 interpretantur
773 1156 970 1202 Epauleum
1000 1159 1144 1203 quidem
1179 1139 1394 1197 ascensioB

295 1218 457 1250 tortuosa
490 1226 499 1250 :
526 1215 726 1263 Magdalum
771 1218 894 1254 turris.
928 1219 1151 1266 Beelscpbon
1181 1223 1344 1259 ascensio

291 1274 447 1320 speculae
465 1275 520 1311 vel
558 1277 697 1313 habens
717 1278 912 1323 speculam.
951 1280 1003 1315 Tu
1033 1281 1197 1318 fortassis
1222 1284 1345 1319 crede-

292 1335 358 1372 bas
375 1337 458 1382 quia
476 1337 545 1372 iter
562 1338 657 1383 quod
694 1337 868 1375 Dominus
887 1341 1043 1376 ostendit
1069 1342 1216 1387 planum
1249 1350 1346 1380 esset

292 1401 329 1431 et
352 1397 472 1441 molle,
507 1402 543 1434 et
575 1398 663 1434 nibil
694 1409 842 1445 prorsus
873 1401 1022 1437 haberet
1043 1401 1263 1440 difficultatis
1283 1410 1346 1439 aut

293 1456 441 1494 laboris.
473 1459 646 1496 Ascensio
675 1466 744 1504 est,
783 1467 818 1497 ct
852 1463 1018 1499 ascensio
1055 1469 1246 1501 tortuosa:
1272 1475 1343 1502 non

291 1518 385 1553 enim
404 1519 564 1560 proclive
594 1521 664 1556 iter
680 1526 750 1564 est,
771 1532 842 1567 quo
858 1523 1017 1558 tenditur
1033 1524 1078 1558 ad
1097 1525 1263 1567 virtutes,
1282 1527 1345 1562 sed

292 1580 511 1615 ascenditur.
531 1580 623 1616 Audi
646 1582 755 1617 etiam
793 1584 983 1619 Dominum
1017 1585 1053 1620 in
1079 1585 1272 1632 Evangelio
1293 1588 1346 1623 di-

291 1646 458 1676 centem:
482 1640 597 1683 Quam
620 1648 720 1676 arcta
751 1649 781 1677 et
802 1649 950 1689 anqusta
983 1644 1039 1679 via
1065 1651 1130 1689 est,
1151 1658 1228 1693 quw
1250 1647 1344 1683 ducit

292 1701 339 1736 ad
364 1701 467 1736 vitam
489 1700 633 1747 (Mattlz.
661 1701 741 1749 vn).
763 1703 827 1738 Est
856 1714 942 1750 ergo
965 1703 1035 1740 iter
1051 1715 1123 1750 quo
1159 1706 1343 1751 incedunt,

294 1761 459 1798 ascensio
484 1766 661 1805 tortuosa,
682 1767 718 1797 et
751 1763 916 1799 ascensio
935 1765 1103 1810 speculae,
1127 1766 1183 1802 vel
1210 1767 1345 1804 habens

291 1821 486 1868 speculam.
513 1820 686 1858 Ascensio
722 1823 767 1858 ad
790 1829 892 1861 actus
928 1826 1099 1871 pertinet,
1136 1828 1281 1872 specula
1300 1829 1346 1864 ad

290 1884 411 1919 fidem.
446 1883 612 1919 Ostendit
649 1894 736 1931 ergo
771 1886 856 1932 quia
894 1886 984 1921 etin
1003 1887 1146 1923 actibus
1167 1888 1255 1923 etin
1275 1888 1344 1924 fide

291 1945 402 1980 multa
432 1949 488 1980 est
520 1943 725 1986 difficultas,
753 1950 789 1980 et
812 1945 948 1982 multus
968 1946 1084 1982 labor.
1107 1947 1226 1984 Multae
1246 1948 1343 1985 enim

291 2005 394 2042 nobis
417 2004 637 2040 tentationes
661 2011 883 2041 occurrunt:
911 2007 1025 2043 multa
1046 2007 1258 2045 offendicula
1280 2020 1343 2046 vo-

290 2065 448 2101 lentibus
474 2073 581 2110 agere
606 2064 769 2110 quaedam
801 2071 896 2101 sunt.
924 2065 1015 2102 Tum
1051 2067 1180 2103 deinde
1212 2068 1247 2104 in
1273 2068 1343 2106 fide

290 2123 403 2161 multa
427 2123 590 2159 invenies
614 2129 791 2168 tortuosa,
817 2125 990 2171 plurimas
1006 2129 1234 2173 quaestiones,
1254 2130 1345 2166 mul-

291 2195 347 2226 tas
371 2190 592 2236 objectiones
619 2192 884 2235 haereticorum,
921 2194 1052 2230 multas
1086 2195 1343 2232 contradictio—

291 2262 357 2289 nes
380 2252 591 2289 infidelium.
618 2252 694 2290 Hoc
737 2254 806 2290 iter
842 2255 1020 2302 agendum
1064 2261 1120 2292 est
1160 2258 1344 2303 sequenti-

290 2312 359 2350 bus
385 2313 523 2358 Deum;
551 2315 614 2350 sed
639 2320 694 2351 est
718 2320 754 2351 et
777 2316 888 2352 turris
913 2315 950 2352 in
975 2317 1044 2353 hoc
1075 2317 1219 2355 itinere.
1258 2318 1344 2363 Qum

290 2378 346 2409 est
359 2373 428 2410 ista
444 2375 578 2411 turris?
590 2374 653 2411 Illa
668 2375 839 2412 nimirum
855 2386 963 2423 quam
979 2377 1069 2414 dixit
1082 2377 1119 2414 in
1134 2378 1342 2426 Evangelio.

290 2433 556 2482 Dicitquippe:
578 2433 666 2479 Quis
687 2441 839 2471 vestrum
856 2436 973 2473 volens
987 2438 1116 2473 turrim
1137 2438 1314 2484 (edificare
1331 2448 1343 2474 .·

290 2505 403 2530 nonne
419 2496 518 2541 prius
541 2494 671 2530 sedebit
690 2502 722 2531 et
739 2497 951 2542 computabit
985 2503 1144 2544 sumptus
1157 2524 1167 2540 ‚
1192 2498 1223 2533 si
1242 2498 1346 2534 habet

290 2555 382 2590 unde
401 2556 555 2600 perficiet
571 2555 671 2602 (Luc.
690 2555 765 2603 xiv)
780 2557 795 2592 ’.θ
818 2555 890 2604 [Ex
908 2557 1078 2606 Isidoro.]
1093 2558 1165 2595 Ista
1183 2564 1240 2595 est
1258 2569 1346 2606 ergo

291 2614 417 2656 turris,
430 2615 534 2650 sedes
551 2615 662 2650 ardua
678 2621 716 2651 et
730 2616 872 2652 excelsa
886 2618 1077 2654 virtutum.
1098 2617 1179 2655 Jam
1200 2625 1276 2655 tum
1294 2620 1348 2656 vi·

291 2673 397 2707 detur
409 2672 583 2708 Dominus
598 2678 704 2708 nocte
718 2673 755 2708 in
769 2674 935 2710 columna
955 2677 1058 2722 ignis,
1071 2684 1107 2713 et
1118 2687 1183 2724 per
1201 2679 1295 2715 diem
1308 2679 1345 2716 in

293 2732 459 2768 columna
477 2733 585 2769 nubis
602 2733 810 2780 praecedens
841 2736 1024 2781 populum,
1059 2743 1096 2773 et
1126 2739 1198 2774 dux
1229 2739 1346 2776 sactus

292 2791 446 2829 itineris.
477 2791 601 2829 Nubes
623 2793 692 2828 ista
709 2793 917 2838 praecedens
948 2793 1115 2832 Christus
1147 2803 1215 2833 est.
1248 2798 1346 2834 ldem

293 2853 403 2889 etiam
427 2851 593 2888 columna
610 2879 620 2895 ‚
650 2852 734 2898 quia
754 2858 876 2890 rectus
893 2859 930 2890 et
950 2853 1097 2899 firmus,
1133 2861 1170 2891 et
1194 2855 1346 2895 fulciens

294 2912 541 2948 infirmitatem
567 2918 751 2956 nostram;
772 2923 837 2960 per
856 2920 997 2951 noctem
1017 2914 1151 2957 lucens,
1171 2926 1238 2962 per
1252 2917 1346 2954 diem

295 2983 368 3010 non
386 2973 511 3010 lucens
530 2986 538 3008 :
568 2980 609 3010 ut
640 2975 701 3020 qui
721 2985 793 3011 non
806 2975 930 3011 vident
947 3002 957 3019 ,
976 2975 1142 3019 videant3
1159 2978 1274 3023 etqui
1293 2978 1347 3014 vi-

295 3033 380 3070 dent
395 3059 405 3076 ,
426 3034 511 3069 eaeci
533 3033 635 3069 flant.
654 3033 779 3071 Potest
797 3034 907 3070 etiam
926 3043 998 3071 non
1019 3034 1217 3082 incongrue
1233 3037 1348 3084 accipi

295 3092 433 3130 Christi
447 3098 734 3138 sacramentum,
751 3099 922 3141 tanquam
938 3095 974 3130 in
994 3098 1136 3132 terrore
1153 3101 1346 3141 nocturno,

295 3157 380 3204 qnia
417 3162 503 3194 tunc
532 3157 602 3194 erit
636 3167 767 3205 magna
808 3157 995 3194 tribulatio
1024 3157 1146 3195 saeculi
1174 3163 1347 3205 tanquam

296 3217 403 3264 ignis,
435 3222 473 3253 et
489 3216 625 3254 lucebit
650 3216 775 3262 justis,
797 3222 833 3254 et
851 3217 991 3254 ardebit
1011 3218 1168 3265 iniustis.
1188 3217 1347 3255 Rursum

295 3278 339 3314 de
358 3277 427 3314 bac
455 3277 622 3314 columna
637 3277 731 3324 ignis
749 3283 788 3314 et
806 3277 914 3314 nubis
931 3277 1055 3315 subtili
1073 3278 1349 3326 investigatione

295 3335 497 3373 discussum
527 3337 681 3385 intelligi
707 3342 744 3374 et
769 3337 874 3375 aliter
902 3342 1036 3386 potest.
1064 3338 1158 3384 Quid
1179 3344 1237 3376 est
1261 3349 1348 3387 ergo

296 3397 392 3443 quod
421 3397 585 3435 columna
609 3398 716 3436 nubis
730 3425 741 3445 ‚
769 3409 852 3447 qnae
867 3399 905 3436 in
924 3409 1048 3438 eremo
1062 3399 1217 3447 'praeibat
1234 3409 1350 3448 popu-

296 3454 386 3500 lun,
405 3455 595 3504 splendore
610 3458 706 3506 ignis
723 3455 851 3497 nonin
868 3457 943 3506 die.
962 3458 1027 3498 sed
1049 3458 1088 3496 in
1105 3462 1215 3497 nocte
1227 3456 1355 3496 radia-

296 3516 361 3555 bat
378 3543 390 3563 ,
422 3516 601 3564 nisi-quia
622 3515 999 3568 Redemptor'lnoster
1017 3528 1129 3565 ,τηε
1150 3513 1361 3596 eonversafi

297 3578 408 3617 tionis
426 3575 592 3628 exempto
620 3579 789 3629 ducatum
821 3575 1058 3633 sequentibus
1079 3579 1124 3619 se
1137 3581 1320 3630 praestari

299 3636 499 3686 deinum&
507 3643 580 3702 sua
595 3634 974 3680 confidentibniiulh
988 3639 1073 3731 lube
1084 3636 1265 3720 danda*
1321 3637 1353 3679 2(

718 172 758 208 B.
787 169 954 208 RABANI
979 166 1125 204 MAURI
1147 164 1363 203 ARCillEP.
1389 165 1598 205 MOGUNT.
1624 167 1816 207 OPERUM
1840 167 1960 206 PARS
1984 169 2013 206 Ι.

294 249 388 285 viam
409 246 536 283 salutis
553 246 755 283 ostendere.
779 245 849 282 Sed
870 245 1052 280 videamus
1066 242 1152 288 quid
1169 242 1343 288 posthaec
1360 240 1396 282 A
1411 241 1515 289 super
1532 242 1618 289 filiis
1640 242 1755 280 Israel
1773 255 1785 280 :
1811 244 1990 281 Coarctati
2017 249 2098 281 sunt
2116 243 2153 281 in
2170 242 2279 290 terra,
2297 245 2469 286 conctusa

2418 170 2472 210 64(

1412 314 1470 339 eos
1495 304 1669 341 desertum
1685 316 1698 342 .·
1721 312 1753 342 et
1773 306 1945 343 indurabo
1967 318 2028 343 cor
2057 308 2150 354 ejus,
2182 313 2215 344 et
2245 315 2471 358 persequetur

1412 370 1535 409 vos,et
1552 366 1705 412 reliqua.
1724 365 1803 404 Non
1822 367 1921 403 enim
1941 367 2011 404 iter
2027 368 2111 405 vitae
2128 369 2207 405 sine
2225 370 2470 409 tentationum

1412 422 1582 461 fluctibus
1617 426 1750 472 agitur,
1780 427 1875 463 sicut
1894 427 2090 474 Apostolus
2107 429 2196 466 dicit
2223 441 2231 465 :
2255 429 2384 467 Omnes
2407 431 2469 479 qui

1413 484 1530 521 volunt
1548 486 1603 531 pie
1623 486 1736 522 vivere
1752 487 1790 522 in
1811 486 1965 531 Christo,
1995 491 2268 535 persecutionem
2286 491 2470 538 patiuntur

1414 543 1472 590 (II
1497 543 1586 580 Tim.
1610 544 1681 591 ιιι).
1708 544 1882 582 AEstimat
1914 546 2059 585 Pharao
2088 559 2171 586 cum
2197 550 2329 598 ingerit
2346 561 2470 597 perse-

1414 604 1578 640 cutiones
1591 609 1628 639 et
1643 611 1804 642 coarctat
1822 606 2129 652 tribulationibus,
2149 610 2246 655 quod
2261 611 2334 647 cito
2354 611 2471 657 possit

1413 666 1626 701 subvertere
1645 675 1666 700 a
1687 665 1756 701 tide
1777 666 2023 705 Christianum
2048 682 2056 704 :
2078 671 2142 707 sed
2161 671 2191 707 si
2217 671 2364 718 Moysen
2384 700 2395 716 ,
2433 673 2471 709 id

1413 731 1468 762 est
1487 725 1603 773 legem
1635 725 1714 770 Dei,
1743 735 1899 772 sequens
1918 738 2004 774 agas
2026 729 2094 766 hoc
2113 731 2197 774 iter,
2216 730 2410 778 AEgyptius
2434 737 2470 769 te

1413 786 1558 832 quidem
1589 786 1819 831 persequitur
1852 793 1889 823 et
1922 787 2134 825 insectatur.
2174 789 2246 826 Sed
2278 790 2360 827 vide
2384 791 2470 837 quid

1414 848 1489 883 flat.
1510 847 1648 884 Levavi!
1672 859 1708 884 se
1722 875 1731 892 ,
1752 849 1881 894 inquit,
1905 850 2050 896 anqelus
2080 851 2234 895 Domini,
2255 851 2315 898 qui
2333 859 2471 889 antece-

1413 906 1513 943 debat
1534 913 1649 942 costra
1667 907 1838 952 Israel,et
1858 909 1942 944 abiit
1960 916 2037 956 post
2055 910 2157 946 illos:
2173 917 2204 946 et
2223 922 2302 947 cum
2319 923 2359 948 eo
2374 913 2471 959 pari-

1413 975 1466 1004 ter
1483 969 1645 1005 columna
1665 971 1782 1014 nubis,
1799 970 2113 1017 prioradimittens,
2129 979 2205 1018 post
2226 979 2361 1019 terqum
2377 974 2470 1009 stetit

1413 1030 1504 1065 inter
1520 1038 1635 1067 castra
1649 1031 1899 1078 AEyyptiorum
1918 1038 1950 1068 et
1961 1031 2219 1070 Israelitarum.
2232 1033 2317 1070 Haec
2333 1035 2470 1071 colum-

1414 1102 1459 1128 na
1478 1093 1586 1128 nubis
1617 1093 1748 1139 populo
1766 1094 1910 1139 quidem
1938 1094 2004 1131 Dei
2020 1094 2176 1131 efficitur
2193 1106 2334 1140 murus,
2355 1096 2469 1143 AEgy-

1413 1153 1499 1199 ptiis
1523 1163 1610 1188 vero
1633 1154 1892 1190 obscuritatem
1930 1153 2083 1200 imponit
2118 1160 2154 1192 et
2175 1155 2358 1192 tenebras.
2391 1157 2471 1194 Non

1414 1215 1511 1248 enim
1533 1212 1750 1251 transfertur
1771 1214 1939 1250 columna
1962 1214 2057 1261 ignis
2070 1216 2115 1251 ad
2135 1214 2340 1262 AEgyptios,
2360 1221 2401 1252 ut
2421 1215 2472 1252 vi-

1413 1275 1522 1310 deant
1558 1274 1695 1318 lueem;
1735 1274 1800 1311 sed
1835 1276 1871 1311 in
1903 1275 2066 1312 tenebris
2101 1281 2316 1322 permanent
2335 1303 2344 1319 ,
2385 1275 2471 1322 quia

1413 1334 1617 1371 dilexerunt
1638 1335 1752 1382 magis
1772 1336 1939 1372 tenebras
1967 1346 2075 1383 quam
2097 1335 2227 1373 lucem.
2250 1337 2295 1372 Et
2311 1341 2350 1372 tu
2368 1346 2470 1383 ergo,

1413 1395 1443 1430 si
1462 1395 1507 1430 ab
1530 1395 1710 1442 AEgyptiis
1746 1396 1910 1439 recedas,
1938 1401 2155 1442 potestatem
2183 1397 2386 1432 daemonum
2412 1397 2470 1432 l'u-

1412 1516 1495 1551 ride
1515 1516 1660 1561 quantis
1679 1514 1906 1560 adjutoribus
1925 1515 2040 1552 uteris
2058 1527 2066 1551 :
2096 1521 2237 1552 tantum
2255 1521 2311 1552 est
2329 1521 2369 1552 ut
2387 1525 2472 1562 per-

1411 1586 1560 1612 maneas
1580 1575 1685 1612 sortis
1705 1576 1741 1611 iu
1761 1576 1845 1619 fide,
1877 1586 1946 1612 nec
1963 1581 2001 1612 te
2017 1575 2269 1622 AEgyptiorum
2289 1576 2473 1622 equitatus

1412 1641 1448 1672 et
1483 1636 1742 1682 quadrigarum
1763 1636 1918 1672 formido
1937 1641 2164 1683 perterreat;
2198 1647 2266 1674 nec
2295 1637 2473 1676 reclames

1411 1702 1538 1733 contra
1576 1696 1743 1743 Moysen,
1770 1697 1838 1732 boc
1862 1701 1918 1732 est
1935 1695 2051 1742 legem
2069 1697 2162 1741 Dei,
2188 1702 2225 1732 et
2249 1697 2350 1734 dicas
2379 1698 2473 1735 sicut

1411 1758 1559 1803 quidam
1586 1767 1630 1793 ex
1650 1756 1719 1792 illis
1739 1756 1936 1792 dixerunt:
1961 1755 2142 1802 Tanquam
2173 1768 2244 1793 non
2279 1765 2392 1794 essent
2419 1769 2474 1796 se-

1411 1819 1534 1866 pulcra
1555 1819 1594 1853 in
1613 1817 1782 1863 AEqypto,
1807 1817 1857 1852 ita
1874 1816 2026 1852 eduxisti
2045 1828 2120 1861 nos,
2145 1824 2182 1853 ut
2202 1819 2240 1854 in
2257 1818 2392 1855 deserto
2407 1820 2472 1856 hoc

1411 1878 1619 1913 moriamur.
1646 1875 1774 1912 Metius
1791 1877 1907 1922 suerat
1930 1888 1992 1913 nos
2012 1878 2140 1914 servire
2167 1878 2346 1927 AEqyptiis
2367 1892 2473 1928 quam

1411 1939 1501 1974 mori
1533 1938 1570 1973 in
1600 1937 1736 1973 deserto
1758 1937 1836 1973 hoc.
1869 1937 1954 1974 Haec
1975 1937 2178 1976 fatiscentis
2213 1939 2472 1978 intentatione

1412 2000 1524 2035 animi
1545 1999 1654 2035 verba
1686 2004 1784 2035 sunt.
1817 1997 1890 2035 Sed
1919 1999 2000 2045 quis
2026 2000 2076 2035 ita
2095 2000 2225 2036 beatus
2243 2006 2300 2037 est
2323 2001 2384 2047 qui
2417 2001 2471 2038 sic

1413 2060 1656 2097 tentationum
1675 2060 1818 2106 pondus
1836 2060 2006 2106 expediat
2024 2088 2034 2104 ,
2066 2066 2107 2097 ut
2140 2061 2240 2098 nulla
2263 2061 2341 2108 ejus
2360 2063 2472 2100 menti

1412 2122 1585 2168 cogitatio
1614 2121 1862 2168 ambiguitatis
1907 2121 2086 2168 obrepat?
2117 2122 2208 2159 'Vide
2251 2133 2382 2171 magno
2420 2123 2472 2160 illi

1412 2184 1584 2221 Ecclesiae
1615 2183 1849 2220 fundamento
1880 2189 1917 2220 et
1942 2189 2055 2230 petrae
2086 2184 2325 2229 solidissimae,
2364 2194 2473 2232 super

1413 2257 1522 2294 quam
1550 2246 1716 2283 Christus
1742 2245 1910 2282 fundavit
1935 2245 2152 2291 Ecclesiam,
2171 2246 2259 2293 quid
2277 2246 2419 2283 dicatur
2451 2255 2473 2282 a

1412 2307 1566 2343 Domino
1603 2319 1610 2342 z
1643 2304 1795 2342 Modica:
1816 2332 1827 2350 ,
1862 2305 1981 2352 inquit
1994 2331 2003 2349 ,
2036 2305 2132 2350 fidei,
2166 2317 2276 2353 quare
2303 2305 2472 2342 dubitasti

1414 2366 1557 2415 (Matth.
1590 2365 1699 2414 xiv)?
1721 2366 1855 2403 Verum
1887 2371 2010 2402 tamen
2034 2366 2120 2412 quia
2150 2365 2275 2402 dicunt
2292 2393 2302 2410 ,
2342 2364 2472 2402 Metius

1413 2428 1529 2475 fuerat
1557 2438 1620 2463 nos
1646 2427 1776 2463 servire
1806 2425 1984 2474 AEqyptiis
2003 2436 2110 2473 quam
2131 2426 2222 2462 mori
2254 2427 2291 2462 in
2324 2437 2440 2463 eremo
2459 2452 2471 2471 ,

1415 2488 1625 2526 tentationis
1642 2493 1679 2525 et
1710 2486 1919 2534 fragilitatis
1944 2487 2023 2522 haec
2042 2486 2154 2522 verba
2178 2489 2264 2522 sunt
2280 2511 2291 2530 ,
2311 2485 2473 2533 alioquin

1413 2548 1544 2586 falsum
1562 2553 1647 2592 est,
1670 2547 1775 2593 longe
1791 2546 1890 2582 enim
1918 2545 2048 2582 melius
2061 2550 2118 2582 est
2144 2545 2182 2582 in
2216 2555 2339 2582 eremo
2361 2544 2471 2590 mori,

1414 2620 1521 2657 quam
1537 2608 1676 2646 servire
1689 2606 1884 2654 AEgyptiis.
1901 2605 1969 2650 Qui
1997 2606 2145 2643 enimin
2163 2615 2285 2642 eremo
2302 2605 2472 2651 moritur,

1414 2672 1484 2708 hoc
1500 2671 1579 2717 ipso
1593 2669 1691 2717 quod
1712 2673 1901 2715 separatus
1918 2672 1975 2704 est
1989 2668 2036 2704 ab
2054 2666 2238 2714 AEgyptiis
2254 2672 2292 2704 et
2308 2667 2474 2705 discessit

1414 2744 1436 2770 a
1473 2732 1677 2770 rectoribus
1702 2729 1936 2766 tenebrarum
1961 2732 2001 2763 et
2021 2727 2067 2762 de
2092 2731 2272 2772 potestate
2298 2725 2441 2764 Satanae
2458 2755 2470 2772 ,
2535 2747 2540 2749 -

1414 2792 1543 2828 habuit
1577 2790 1735 2835 aliquem
1771 2786 1976 2833 proiectum
1994 2811 2007 2830 ‚
2031 2784 2173 2822 etiamsi
2211 2785 2258 2821 ad
2290 2785 2472 2834 integrum

1414 2849 1606 2898 pervenire
1621 2858 1693 2885 non
1716 2847 1848 2894 potuit.

1363 2934 1400 2973 D
1463 2911 1591 2948 Melius
1611 2915 1667 2947 est
1689 2909 1786 2946 enim
1809 2907 2008 2955 perfectam
2023 2907 2136 2944 vitam
2155 2906 2333 2954 quaerenti
2352 2907 2392 2944 in
2410 2905 2474 2945 iti-
2537 2935 2540 2937 -

1416 2981 1504 3010 nere
1529 2970 1646 3014 mori,
1674 2980 1783 3016 quam
1808 2978 1852 3004 ne
1877 2967 2060 3015 proticisci
2090 2967 2236 3015 quidem
2271 2966 2318 3003 ad
2347 2964 2470 3014 perfe-
2532 2976 2540 3021 ξ

1417 3032 1575 3070 ctionem
1601 3030 1846 3078 quaerendam.

1465 3091 1568 3129 Unde
1590 3095 1626 3128 et
1645 3099 1771 3127 eorum
1789 3088 1865 3126 salli
1878 3089 2024 3126 videtur
2036 3088 2159 3136 opinio
2177 3087 2340 3146 quidum
2359 3085 2470 3125 nimis
2519 3127 2523 3138 ,

1418 3153 1570 3190 arduum
1589 3152 1660 3188 iter
1675 3150 1822 3187 virtutis
1837 3154 2024 3198 exponunt
2037 3176 2049 3195 ,
2066 3149 2225 3196 dumque
2241 3146 2472 3203 multaselus
2522 3140 2526 3151 “

1418 3213 1644 3251 difficultates
1660 3212 1846 3259 multaque
1862 3211 2023 3259 pericula
2038 3215 2078 3248 et
2093 3210 2217 3258 lapsus
2238 3198 2470 3257 enumerant,
2527 3208 2529 3222 ¹

1417 3283 1463 3310 ne
1487 3273 1683 3309 ineundum
1702 3272 1847 3320 quidem
1865 3271 1902 3309 id
1926 3275 1990 3309 ant
2017 3268 2263 3317 induendum
2283 3267 2484 3316 judie-at.

1418 3333 1489 3370 Sed
1505 3332 1619 3370 multo
1637 3332 1767 3370 melius
1785 3337 1866 3378 est,
1888 3341 1937 3371 ne
1954 3332 2003 3370 in
2009 3331 2090 3371 hoc
2099 3329 2254 3369 itinere
2259 3327 2338 3394 vel
2333 3319 2439 3367 muri
2452 3353 2468 3375 ,

1418 3393 1449 3430 si
1471 3393 1522 3430 ita
1544 3402 1694 3431 neeesse
1711 3397 1782 3439 est,
1801 3402 1912 3440 quam
1929 3390 2028 3431 inta'·
2044 3371 2469 3440 Qypt'issffirnffl·

1417 3459 1492 3492 tem
1508 3454 1646 3500 necari,
1664 3458 1702 3492 et
1716 3453 1820 3493 salsis
1838 3459 1950 3502 atque
1966 3446 2104 3492 amris
2132 3466 2270 3494 v.»
2320 3458 2337 3473 ²
2361 3457 2398 3492 (ζ
2443 3507 2466 3517 ‚.

1829 3508 2180 3584 caru-ruff
2303 3536 2325 3541 -
2419 3565 2434 3586 ,-
