<?xml version="1.0" encoding="UTF-8"?>
<!DOCTYPE html PUBLIC "-//W3C//DTD XHTML 1.0 Transitional//EN"
    "http://www.w3.org/TR/xhtml1/DTD/xhtml1-transitional.dtd">
<html xmlns="http://www.w3.org/1999/xhtml" xml:lang="en" lang="en">
 <head>
  <title>
</title>
<meta http-equiv="Content-Type" content="text/html;charset=utf-8" />
  <meta name='ocr-system' content='tesseract 3.04.00' />
  <meta name='ocr-capabilities' content='ocr_page ocr_carea ocr_par ocr_line ocrx_word'/>
</head>
<body>
  <div class='ocr_page' id='page_1' title='image "./patrologiae00unknuoft_0497.png"; bbox 0 0 2540 4016; ppageno 0'>
   <div class='ocr_carea' id='block_1_1' title="bbox 17 78 113 213">
    <p class='ocr_par' dir='ltr' id='par_1_1' title="bbox 17 78 113 213">
     <span class='ocr_line' id='line_1_1' title="bbox 17 78 113 213; baseline 0 -14"><span class='ocrx_word' id='word_1_1' title='bbox 17 78 113 213; x_wconf 57' lang='lat' dir='ltr'><strong>{aa</strong></span> 
     </span>
    </p>
   </div>
   <div class='ocr_carea' id='block_1_2' title="bbox 544 143 1711 195">
    <p class='ocr_par' dir='ltr' id='par_1_2' title="bbox 544 143 1711 195">
     <span class='ocr_line' id='line_1_2' title="bbox 544 143 1711 195; baseline 0.011 -16"><span class='ocrx_word' id='word_1_2' title='bbox 544 143 814 182; x_wconf 67' lang='lat' dir='ltr'><strong>awannam)</strong></span> <span class='ocrx_word' id='word_1_3' title='bbox 840 144 992 182; x_wconf 82' lang='lat' dir='ltr'>SUPER</span> <span class='ocrx_word' id='word_1_4' title='bbox 1018 146 1438 195; x_wconf 65' lang='lat' dir='ltr'><strong>Dssurssuotwmuu.</strong></span> <span class='ocrx_word' id='word_1_5' title='bbox 1464 171 1510 179; x_wconf 89' lang='lat'>—</span> <span class='ocrx_word' id='word_1_6' title='bbox 1535 154 1621 192; x_wconf 62' lang='lat' dir='ltr'><strong>HR.</strong></span> <span class='ocrx_word' id='word_1_7' title='bbox 1649 155 1711 194; x_wconf 53' lang='lat' dir='ltr'><strong>IV«.</strong></span> 
     </span>
    </p>
   </div>
   <div class='ocr_carea' id='block_1_3' title="bbox 45 217 2222 282">
    <p class='ocr_par' dir='ltr' id='par_1_3' title="bbox 45 217 2222 282">
     <span class='ocr_line' id='line_1_3' title="bbox 45 217 2222 282; baseline 0.004 -23"><span class='ocrx_word' id='word_1_8' title='bbox 45 221 193 282; x_wconf 67' lang='lat' dir='ltr'><strong>yaserit,</strong></span> <span class='ocrx_word' id='word_1_9' title='bbox 217 219 289 257; x_wconf 79' lang='lat' dir='ltr'><strong>nisi</strong></span> <span class='ocrx_word' id='word_1_10' title='bbox 311 228 350 256; x_wconf 90' lang='lat' dir='ltr'><strong>se</strong></span> <span class='ocrx_word' id='word_1_11' title='bbox 369 218 454 256; x_wconf 89' lang='lat' dir='ltr'><strong>inde</strong></span> <span class='ocrx_word' id='word_1_12' title='bbox 480 217 702 263; x_wconf 76' lang='lat' dir='ltr'><strong>liberaverit,</strong></span> <span class='ocrx_word' id='word_1_13' title='bbox 723 222 803 257; x_wconf 77' lang='lat' dir='ltr'><strong>sine</strong></span> <span class='ocrx_word' id='word_1_14' title='bbox 825 220 934 258; x_wconf 89' lang='lat' dir='ltr'><strong>dubio</strong></span> <span class='ocrx_word' id='word_1_15' title='bbox 951 222 990 257; x_wconf 86' lang='lat' dir='ltr'><strong>in</strong></span> <span class='ocrx_word' id='word_1_16' title='bbox 1005 229 1108 260; x_wconf 80' lang='lat' dir='ltr'><strong>aeter-</strong></span> <span class='ocrx_word' id='word_1_17' title='bbox 1123 224 1159 266; x_wconf 81' lang='lat' dir='ltr'>A</span> <span class='ocrx_word' id='word_1_18' title='bbox 1173 224 1647 266; x_wconf 59' lang='lat' dir='ltr'><strong>serviminis-miserebitur.</strong></span> <span class='ocrx_word' id='word_1_19' title='bbox 1673 242 1691 264; x_wconf 64' lang='grc' dir='ltr'>ι</span> <span class='ocrx_word' id='word_1_20' title='bbox 1709 230 1809 274; x_wconf 65' lang='lat' dir='ltr'><strong>flii·</strong></span> <span class='ocrx_word' id='word_1_21' title='bbox 1823 232 1864 270; x_wconf 81' lang='lat' dir='ltr'><strong>in</strong></span> <span class='ocrx_word' id='word_1_22' title='bbox 1884 237 2033 275; x_wconf 68' lang='lat' dir='ltr'><strong>»ooelesti</strong></span> <span class='ocrx_word' id='word_1_23' title='bbox 2054 239 2222 280; x_wconf 57' lang='lat' dir='ltr'><strong>,m</strong></span> 
     </span>
    </p>
   </div>
   <div class='ocr_carea' id='block_1_4' title="bbox 8 283 1112 1131">
    <p class='ocr_par' dir='ltr' id='par_1_4' title="bbox 8 283 1112 1131">
     <span class='ocr_line' id='line_1_4' title="bbox 45 283 1104 343; baseline -0.002 -18"><span class='ocrx_word' id='word_1_24' title='bbox 45 284 308 343; x_wconf 59' lang='lat' dir='ltr'><strong>pumperimit.</strong></span> <span class='ocrx_word' id='word_1_25' title='bbox 331 296 344 318; x_wconf 76' lang='grc' dir='ltr'>ι</span> <span class='ocrx_word' id='word_1_26' title='bbox 374 283 502 321; x_wconf 83' lang='lat' dir='ltr'>Nonne</span> <span class='ocrx_word' id='word_1_27' title='bbox 528 283 606 321; x_wconf 80' lang='lat' dir='ltr'><strong>haec</strong></span> <span class='ocrx_word' id='word_1_28' title='bbox 638 284 784 322; x_wconf 83' lang='lat' dir='ltr'><strong>condita</strong></span> <span class='ocrx_word' id='word_1_29' title='bbox 799 290 886 322; x_wconf 86' lang='lat' dir='ltr'><strong>sunt</strong></span> <span class='ocrx_word' id='word_1_30' title='bbox 913 287 1009 332; x_wconf 81' lang='lat' dir='ltr'><strong>apud</strong></span> <span class='ocrx_word' id='word_1_31' title='bbox 1031 298 1104 333; x_wconf 82' lang='lat' dir='ltr'><strong>me,</strong></span> 
     </span>
     <span class='ocr_line' id='line_1_5' title="bbox 22 343 1106 411; baseline -0.001 -25"><span class='ocrx_word' id='word_1_32' title='bbox 22 350 83 411; x_wconf 52' lang='grc' dir='ltr'><strong>’ρ</strong></span> <span class='ocrx_word' id='word_1_33' title='bbox 99 347 243 395; x_wconf 72' lang='lat' dir='ltr'><strong>signata</strong></span> <span class='ocrx_word' id='word_1_34' title='bbox 270 346 309 382; x_wconf 89' lang='lat' dir='ltr'><strong>in</strong></span> <span class='ocrx_word' id='word_1_35' title='bbox 344 346 527 383; x_wconf 79' lang='lat' dir='ltr'><strong>thesauris</strong></span> <span class='ocrx_word' id='word_1_36' title='bbox 550 343 665 383; x_wconf 69' lang='lat' dir='ltr'><strong>meis?</strong></span> <span class='ocrx_word' id='word_1_37' title='bbox 692 360 708 382; x_wconf 63' lang='grc' dir='ltr'>ι</span> <span class='ocrx_word' id='word_1_38' title='bbox 731 345 930 384; x_wconf 73' lang='lat' dir='ltr'><strong>Mor-isest</strong></span> <span class='ocrx_word' id='word_1_39' title='bbox 955 348 1106 386; x_wconf 85' lang='lat' dir='ltr'><strong>humani</strong></span> 
     </span>
     <span class='ocr_line' id='line_1_6' title="bbox 16 408 1108 468; baseline 0 -20"><span class='ocrx_word' id='word_1_40' title='bbox 16 422 25 453; x_wconf 73' lang='lat' dir='ltr'><strong>i</strong></span> <span class='ocrx_word' id='word_1_41' title='bbox 43 409 203 468; x_wconf 58' lang='lat' dir='ltr'><strong>generis,</strong></span> <span class='ocrx_word' id='word_1_42' title='bbox 228 413 269 444; x_wconf 87' lang='lat' dir='ltr'><strong>ut</strong></span> <span class='ocrx_word' id='word_1_43' title='bbox 284 408 472 455; x_wconf 85' lang='lat' dir='ltr'><strong>praeterita</strong></span> <span class='ocrx_word' id='word_1_44' title='bbox 496 408 569 446; x_wconf 91' lang='lat' dir='ltr'><strong>cito</strong></span> <span class='ocrx_word' id='word_1_45' title='bbox 596 408 868 453; x_wconf 70' lang='lat' dir='ltr'><strong>obliviscamur„</strong></span> <span class='ocrx_word' id='word_1_46' title='bbox 890 414 927 446; x_wconf 90' lang='lat' dir='ltr'><strong>et</strong></span> <span class='ocrx_word' id='word_1_47' title='bbox 946 420 1025 456; x_wconf 81' lang='lat' dir='ltr'><strong>quae</strong></span> <span class='ocrx_word' id='word_1_48' title='bbox 1040 411 1108 448; x_wconf 88' lang='lat' dir='ltr'><strong>aii-</strong></span> 
     </span>
     <span class='ocr_line' id='line_1_7' title="bbox 46 468 1107 526; baseline 0 -18"><span class='ocrx_word' id='word_1_49' title='bbox 46 470 189 526; x_wconf 70' lang='lat' dir='ltr'><strong>quando</strong></span> <span class='ocrx_word' id='word_1_50' title='bbox 196 468 353 517; x_wconf 78' lang='lat' dir='ltr'><strong>grandia</strong></span> <span class='ocrx_word' id='word_1_51' title='bbox 367 468 597 512; x_wconf 85' lang='lat' dir='ltr'><strong>videbantur,</strong></span> <span class='ocrx_word' id='word_1_52' title='bbox 618 470 738 516; x_wconf 87' lang='lat' dir='ltr'><strong>spatio</strong></span> <span class='ocrx_word' id='word_1_53' title='bbox 760 470 933 516; x_wconf 81' lang='lat' dir='ltr'><strong>temporis</strong></span> <span class='ocrx_word' id='word_1_54' title='bbox 944 470 1107 517; x_wconf 86' lang='lat' dir='ltr'><strong>labente,</strong></span> 
     </span>
     <span class='ocr_line' id='line_1_8' title="bbox 45 529 1109 578; baseline -0.005 -7"><span class='ocrx_word' id='word_1_55' title='bbox 45 530 154 571; x_wconf 80' lang='lat' dir='ltr'><strong>simul</strong></span> <span class='ocrx_word' id='word_1_56' title='bbox 166 529 244 578; x_wconf 88' lang='lat' dir='ltr'><strong>ipsa</strong></span> <span class='ocrx_word' id='word_1_57' title='bbox 261 529 296 566; x_wconf 88' lang='lat' dir='ltr'><strong>in</strong></span> <span class='ocrx_word' id='word_1_58' title='bbox 319 530 573 566; x_wconf 78' lang='lat' dir='ltr'>recordatione</span> <span class='ocrx_word' id='word_1_59' title='bbox 591 530 776 567; x_wconf 80' lang='lat' dir='ltr'><strong>deficiant.</strong></span> <span class='ocrx_word' id='word_1_60' title='bbox 794 531 864 567; x_wconf 88' lang='lat' dir='ltr'><strong>Sed</strong></span> <span class='ocrx_word' id='word_1_61' title='bbox 881 541 953 568; x_wconf 83' lang='lat' dir='ltr'><strong>non</strong></span> <span class='ocrx_word' id='word_1_62' title='bbox 981 531 1032 566; x_wconf 78' lang='lat' dir='ltr'><strong>ita</strong></span> <span class='ocrx_word' id='word_1_63' title='bbox 1053 535 1109 567; x_wconf 90' lang='lat' dir='ltr'><strong>est</strong></span> 
     </span>
     <span class='ocr_line' id='line_1_9' title="bbox 46 590 1110 641; baseline -0.004 -10"><span class='ocrx_word' id='word_1_64' title='bbox 46 593 141 641; x_wconf 87' lang='lat' dir='ltr'><strong>apud</strong></span> <span class='ocrx_word' id='word_1_65' title='bbox 155 592 282 635; x_wconf 88' lang='lat' dir='ltr'><strong>Deum,</strong></span> <span class='ocrx_word' id='word_1_66' title='bbox 301 590 363 627; x_wconf 91' lang='lat' dir='ltr'><strong>ubi</strong></span> <span class='ocrx_word' id='word_1_67' title='bbox 383 591 610 637; x_wconf 74' lang='lat' dir='ltr'><strong>praeteritum</strong></span> <span class='ocrx_word' id='word_1_68' title='bbox 633 596 669 628; x_wconf 89' lang='lat' dir='ltr'><strong>et</strong></span> <span class='ocrx_word' id='word_1_69' title='bbox 687 592 849 628; x_wconf 85' lang='lat' dir='ltr'><strong>futurum</strong></span> <span class='ocrx_word' id='word_1_70' title='bbox 868 602 942 629; x_wconf 87' lang='lat' dir='ltr'><strong>non</strong></span> <span class='ocrx_word' id='word_1_71' title='bbox 958 597 1028 636; x_wconf 82' lang='lat' dir='ltr'><strong>est,</strong></span> <span class='ocrx_word' id='word_1_72' title='bbox 1045 591 1110 628; x_wconf 88' lang='lat' dir='ltr'><strong>sed</strong></span> 
     </span>
     <span class='ocr_line' id='line_1_10' title="bbox 45 652 1111 705; baseline -0.003 -14"><span class='ocrx_word' id='word_1_73' title='bbox 45 663 205 705; x_wconf 61' lang='lat' dir='ltr'><strong>praesens</strong></span> <span class='ocrx_word' id='word_1_74' title='bbox 219 662 364 698; x_wconf 83' lang='lat' dir='ltr'>semper</span> <span class='ocrx_word' id='word_1_75' title='bbox 388 652 503 688; x_wconf 87' lang='lat' dir='ltr'><strong>adest.</strong></span> <span class='ocrx_word' id='word_1_76' title='bbox 532 652 618 696; x_wconf 77' lang='lat' dir='ltr'><strong>Quae</strong></span> <span class='ocrx_word' id='word_1_77' title='bbox 638 653 735 689; x_wconf 90' lang='lat' dir='ltr'><strong>enim</strong></span> <span class='ocrx_word' id='word_1_78' title='bbox 766 653 870 689; x_wconf 92' lang='lat' dir='ltr'><strong>nobis</strong></span> <span class='ocrx_word' id='word_1_79' title='bbox 888 657 1111 699; x_wconf 79' lang='lat' dir='ltr'><strong>praetereunt</strong></span> 
     </span>
     <span class='ocr_line' id='line_1_11' title="bbox 8 712 1111 756; baseline -0.002 -5"><span class='ocrx_word' id='word_1_80' title='bbox 8 728 12 729; x_wconf 47' lang='lat'><em>⁷</em></span> <span class='ocrx_word' id='word_1_81' title='bbox 46 713 97 751; x_wconf 86' lang='lat' dir='ltr'><strong>ibi</strong></span> <span class='ocrx_word' id='word_1_82' title='bbox 121 716 377 756; x_wconf 82' lang='lat' dir='ltr'>reservantur,</span> <span class='ocrx_word' id='word_1_83' title='bbox 405 723 474 748; x_wconf 90' lang='lat' dir='ltr'><strong>nec</strong></span> <span class='ocrx_word' id='word_1_84' title='bbox 497 712 669 750; x_wconf 88' lang='lat' dir='ltr'><strong>oblivioni</strong></span> <span class='ocrx_word' id='word_1_85' title='bbox 707 713 909 750; x_wconf 87' lang='lat' dir='ltr'><strong>tradentur.</strong></span> <span class='ocrx_word' id='word_1_86' title='bbox 938 713 1024 749; x_wconf 89' lang='lat' dir='ltr'><strong>Inde</strong></span> <span class='ocrx_word' id='word_1_87' title='bbox 1046 722 1111 749; x_wconf 87' lang='lat' dir='ltr'><strong>ne-</strong></span> 
     </span>
     <span class='ocr_line' id='line_1_12' title="bbox 48 774 1112 820; baseline -0.005 -6"><span class='ocrx_word' id='word_1_88' title='bbox 48 784 149 815; x_wconf 75' lang='lat' dir='ltr'><strong>cesse</strong></span> <span class='ocrx_word' id='word_1_89' title='bbox 172 779 241 819; x_wconf 88' lang='lat' dir='ltr'><strong>est,</strong></span> <span class='ocrx_word' id='word_1_90' title='bbox 260 780 300 811; x_wconf 90' lang='lat' dir='ltr'><strong>ut</strong></span> <span class='ocrx_word' id='word_1_91' title='bbox 317 779 480 820; x_wconf 85' lang='lat' dir='ltr'><strong>peccata,</strong></span> <span class='ocrx_word' id='word_1_92' title='bbox 499 785 578 820; x_wconf 73' lang='lat' dir='ltr'><strong>quae</strong></span> <span class='ocrx_word' id='word_1_93' title='bbox 612 775 744 811; x_wconf 90' lang='lat' dir='ltr'><strong>dudum</strong></span> <span class='ocrx_word' id='word_1_94' title='bbox 777 774 1040 818; x_wconf 86' lang='lat' dir='ltr'>commisimus,</span> <span class='ocrx_word' id='word_1_95' title='bbox 1059 774 1112 809; x_wconf 89' lang='lat' dir='ltr'><strong>in-</strong></span> 
     </span>
     <span class='ocr_line' id='line_1_13' title="bbox 48 834 1108 883; baseline -0.004 -9"><span class='ocrx_word' id='word_1_96' title='bbox 48 835 160 874; x_wconf 85' lang='lat' dir='ltr'><strong>stanti</strong></span> <span class='ocrx_word' id='word_1_97' title='bbox 176 836 392 883; x_wconf 82' lang='lat' dir='ltr'><strong>poenitentia</strong></span> <span class='ocrx_word' id='word_1_98' title='bbox 406 836 526 872; x_wconf 88' lang='lat' dir='ltr'><strong>delere</strong></span> <span class='ocrx_word' id='word_1_99' title='bbox 536 835 786 872; x_wconf 89' lang='lat' dir='ltr'><strong>coramoculis</strong></span> <span class='ocrx_word' id='word_1_100' title='bbox 797 835 862 871; x_wconf 91' lang='lat' dir='ltr'><strong>Dei</strong></span> <span class='ocrx_word' id='word_1_101' title='bbox 877 834 1088 871; x_wconf 72' lang='lat' dir='ltr'><strong>studeamus</strong></span> <span class='ocrx_word' id='word_1_102' title='bbox 1099 846 1108 869; x_wconf 77' lang='lat' dir='ltr'>z</span> 
     </span>
     <span class='ocr_line' id='line_1_14' title="bbox 46 896 1111 944; baseline -0.003 -9"><span class='ocrx_word' id='word_1_103' title='bbox 46 908 94 936; x_wconf 86' lang='lat' dir='ltr'><strong>ne</strong></span> <span class='ocrx_word' id='word_1_104' title='bbox 110 897 204 935; x_wconf 78' lang='lat' dir='ltr'><strong>forte</strong></span> <span class='ocrx_word' id='word_1_105' title='bbox 220 898 257 934; x_wconf 91' lang='lat' dir='ltr'><strong>in</strong></span> <span class='ocrx_word' id='word_1_106' title='bbox 280 897 403 934; x_wconf 84' lang='lat' dir='ltr'><strong>futuro</strong></span> <span class='ocrx_word' id='word_1_107' title='bbox 423 898 569 944; x_wconf 85' lang='lat' dir='ltr'><strong>quando</strong></span> <span class='ocrx_word' id='word_1_108' title='bbox 589 902 734 944; x_wconf 89' lang='lat' dir='ltr'><strong>tempus</strong></span> <span class='ocrx_word' id='word_1_109' title='bbox 753 896 922 933; x_wconf 79' lang='lat' dir='ltr'><strong>vindictae</strong></span> <span class='ocrx_word' id='word_1_110' title='bbox 947 896 1032 939; x_wconf 86' lang='lat' dir='ltr'><strong>erit,</strong></span> <span class='ocrx_word' id='word_1_111' title='bbox 1052 906 1111 932; x_wconf 94' lang='lat' dir='ltr'><strong>re-</strong></span> 
     </span>
     <span class='ocr_line' id='line_1_15' title="bbox 47 957 1112 1008; baseline -0.004 -10"><span class='ocrx_word' id='word_1_112' title='bbox 47 966 151 1008; x_wconf 89' lang='lat' dir='ltr'><strong>putet</strong></span> <span class='ocrx_word' id='word_1_113' title='bbox 167 961 270 998; x_wconf 90' lang='lat' dir='ltr'><strong>nobis</strong></span> <span class='ocrx_word' id='word_1_114' title='bbox 294 961 415 998; x_wconf 89' lang='lat' dir='ltr'><strong>debita</strong></span> <span class='ocrx_word' id='word_1_115' title='bbox 440 966 565 997; x_wconf 84' lang='lat' dir='ltr'><strong>nostra</strong></span> <span class='ocrx_word' id='word_1_116' title='bbox 588 964 624 995; x_wconf 87' lang='lat' dir='ltr'><strong>et</strong></span> <span class='ocrx_word' id='word_1_117' title='bbox 651 960 763 995; x_wconf 85' lang='lat' dir='ltr'><strong>dieat.</strong></span> <span class='ocrx_word' id='word_1_118' title='bbox 789 971 802 992; x_wconf 90' lang='lat'><strong>‹</strong></span> <span class='ocrx_word' id='word_1_119' title='bbox 822 958 908 994; x_wconf 85' lang='lat' dir='ltr'><strong>Haec</strong></span> <span class='ocrx_word' id='word_1_120' title='bbox 931 957 1050 994; x_wconf 77' lang='lat' dir='ltr'><strong>fecisti</strong></span> <span class='ocrx_word' id='word_1_121' title='bbox 1075 964 1112 994; x_wconf 88' lang='lat' dir='ltr'><strong>et</strong></span> 
     </span>
     <span class='ocr_line' id='line_1_16' title="bbox 54 1020 1109 1068; baseline -0.002 -10"><span class='ocrx_word' id='word_1_122' title='bbox 54 1035 68 1058; x_wconf 82' lang='lat'>‹</span> <span class='ocrx_word' id='word_1_123' title='bbox 93 1024 202 1059; x_wconf 89' lang='lat' dir='ltr'><strong>tacui.</strong></span> <span class='ocrx_word' id='word_1_124' title='bbox 218 1023 444 1060; x_wconf 76' lang='lat' dir='ltr'><strong>Existimasti</strong></span> <span class='ocrx_word' id='word_1_125' title='bbox 479 1023 602 1068; x_wconf 88' lang='lat' dir='ltr'><strong>inique</strong></span> <span class='ocrx_word' id='word_1_126' title='bbox 625 1021 722 1067; x_wconf 86' lang='lat' dir='ltr'><strong>quod</strong></span> <span class='ocrx_word' id='word_1_127' title='bbox 739 1030 858 1056; x_wconf 89' lang='lat' dir='ltr'><strong>essem</strong></span> <span class='ocrx_word' id='word_1_128' title='bbox 876 1020 940 1056; x_wconf 89' lang='lat' dir='ltr'><strong>tibi</strong></span> <span class='ocrx_word' id='word_1_129' title='bbox 961 1021 1109 1064; x_wconf 88' lang='lat' dir='ltr'><strong>similis;</strong></span> 
     </span>
     <span class='ocr_line' id='line_1_17' title="bbox 54 1082 1108 1131; baseline -0.002 -11"><span class='ocrx_word' id='word_1_130' title='bbox 54 1098 66 1120; x_wconf 77' lang='grc' dir='ltr'>ι</span> <span class='ocrx_word' id='word_1_131' title='bbox 92 1095 244 1131; x_wconf 79' lang='lat' dir='ltr'><strong>arguam</strong></span> <span class='ocrx_word' id='word_1_132' title='bbox 281 1089 317 1120; x_wconf 86' lang='lat' dir='ltr'><strong>te</strong></span> <span class='ocrx_word' id='word_1_133' title='bbox 348 1090 387 1120; x_wconf 87' lang='lat' dir='ltr'><strong>et</strong></span> <span class='ocrx_word' id='word_1_134' title='bbox 420 1088 576 1120; x_wconf 80' lang='lat' dir='ltr'><strong>statuam</strong></span> <span class='ocrx_word' id='word_1_135' title='bbox 599 1083 660 1118; x_wconf 89' lang='lat' dir='ltr'><strong>illa</strong></span> <span class='ocrx_word' id='word_1_136' title='bbox 677 1088 806 1119; x_wconf 84' lang='lat' dir='ltr'><strong>contra</strong></span> <span class='ocrx_word' id='word_1_137' title='bbox 832 1082 962 1119; x_wconf 79' lang='lat' dir='ltr'><strong>faciem</strong></span> <span class='ocrx_word' id='word_1_138' title='bbox 996 1088 1108 1119; x_wconf 88' lang='lat' dir='ltr'><strong>tuam.</strong></span> 
     </span>
    </p>
   </div>
   <div class='ocr_carea' id='block_1_5' title="bbox 54 1131 1162 1191">
    <p class='ocr_par' dir='ltr' id='par_1_5' title="bbox 54 1131 1162 1191">
     <span class='ocr_line' id='line_1_18' title="bbox 54 1131 1162 1191; baseline -0.003 -9"><span class='ocrx_word' id='word_1_139' title='bbox 54 1158 68 1181; x_wconf 79' lang='grc' dir='ltr'>ι</span> <span class='ocrx_word' id='word_1_140' title='bbox 90 1145 169 1182; x_wconf 87' lang='lat' dir='ltr'><strong>Mea</strong></span> <span class='ocrx_word' id='word_1_141' title='bbox 182 1150 238 1182; x_wconf 90' lang='lat' dir='ltr'><strong>est</strong></span> <span class='ocrx_word' id='word_1_142' title='bbox 256 1144 345 1180; x_wconf 89' lang='lat' dir='ltr'><strong>ultio</strong></span> <span class='ocrx_word' id='word_1_143' title='bbox 370 1149 407 1180; x_wconf 91' lang='lat' dir='ltr'><strong>et</strong></span> <span class='ocrx_word' id='word_1_144' title='bbox 421 1155 489 1191; x_wconf 81' lang='lat' dir='ltr'><strong>ego</strong></span> <span class='ocrx_word' id='word_1_145' title='bbox 509 1143 710 1180; x_wconf 77' lang='lat' dir='ltr'><strong>retribuam</strong></span> <span class='ocrx_word' id='word_1_146' title='bbox 727 1144 780 1180; x_wconf 86' lang='lat' dir='ltr'><strong>eis</strong></span> <span class='ocrx_word' id='word_1_147' title='bbox 815 1145 851 1180; x_wconf 89' lang='lat' dir='ltr'><strong>in</strong></span> <span class='ocrx_word' id='word_1_148' title='bbox 872 1150 1047 1190; x_wconf 82' lang='lat' dir='ltr'><strong>tempore,</strong></span> <span class='ocrx_word' id='word_1_149' title='bbox 1070 1149 1111 1180; x_wconf 91' lang='lat' dir='ltr'><strong>ut</strong></span> <span class='ocrx_word' id='word_1_150' title='bbox 1128 1131 1162 1170; x_wconf 76' lang='grc' dir='ltr'><em>Β</em></span> 
     </span>
    </p>
   </div>
   <div class='ocr_carea' id='block_1_6' title="bbox 50 1204 1121 2909">
    <p class='ocr_par' dir='ltr' id='par_1_6' title="bbox 50 1204 1121 2909">
     <span class='ocr_line' id='line_1_19' title="bbox 55 1204 1111 1252; baseline -0.001 -11"><span class='ocrx_word' id='word_1_151' title='bbox 55 1206 235 1244; x_wconf 77' lang='lat' dir='ltr'><strong>«labatur</strong></span> <span class='ocrx_word' id='word_1_152' title='bbox 259 1215 325 1252; x_wconf 85' lang='lat' dir='ltr'><strong>pes</strong></span> <span class='ocrx_word' id='word_1_153' title='bbox 345 1215 485 1242; x_wconf 87' lang='lat' dir='ltr'><strong>eorum.</strong></span> <span class='ocrx_word' id='word_1_154' title='bbox 513 1218 526 1239; x_wconf 85' lang='lat'><strong>›</strong></span> <span class='ocrx_word' id='word_1_155' title='bbox 551 1204 659 1241; x_wconf 86' lang='lat' dir='ltr'><strong>Certa</strong></span> <span class='ocrx_word' id='word_1_156' title='bbox 678 1211 762 1241; x_wconf 87' lang='lat' dir='ltr'><strong>sunt</strong></span> <span class='ocrx_word' id='word_1_157' title='bbox 781 1205 876 1251; x_wconf 87' lang='lat' dir='ltr'><strong>apud</strong></span> <span class='ocrx_word' id='word_1_158' title='bbox 902 1205 1111 1248; x_wconf 89' lang='lat' dir='ltr'><strong>Dominum,</strong></span> 
     </span>
     <span class='ocr_line' id='line_1_20' title="bbox 50 1265 1112 1314; baseline -0.001 -9"><span class='ocrx_word' id='word_1_159' title='bbox 50 1273 87 1306; x_wconf 83' lang='lat' dir='ltr'><strong>et</strong></span> <span class='ocrx_word' id='word_1_160' title='bbox 106 1273 244 1314; x_wconf 85' lang='lat' dir='ltr'><strong>tempus</strong></span> <span class='ocrx_word' id='word_1_161' title='bbox 261 1272 297 1303; x_wconf 88' lang='lat' dir='ltr'><strong>et</strong></span> <span class='ocrx_word' id='word_1_162' title='bbox 313 1267 441 1303; x_wconf 87' lang='lat' dir='ltr'><strong>modus</strong></span> <span class='ocrx_word' id='word_1_163' title='bbox 461 1267 644 1303; x_wconf 62' lang='lat' dir='ltr'><strong>vindictae.</strong></span> <span class='ocrx_word' id='word_1_164' title='bbox 665 1265 736 1302; x_wconf 90' lang='lat' dir='ltr'><strong>Sed</strong></span> <span class='ocrx_word' id='word_1_165' title='bbox 755 1266 840 1312; x_wconf 85' lang='lat' dir='ltr'><strong>quia</strong></span> <span class='ocrx_word' id='word_1_166' title='bbox 858 1266 982 1303; x_wconf 76' lang='lat' dir='ltr'><strong>multae</strong></span> <span class='ocrx_word' id='word_1_167' title='bbox 1000 1266 1112 1304; x_wconf 89' lang='lat' dir='ltr'><strong>mise-</strong></span> 
     </span>
     <span class='ocr_line' id='line_1_21' title="bbox 51 1327 1112 1375; baseline -0.001 -10"><span class='ocrx_word' id='word_1_168' title='bbox 51 1329 211 1366; x_wconf 80' lang='lat' dir='ltr'><strong>rationes</strong></span> <span class='ocrx_word' id='word_1_169' title='bbox 239 1327 317 1375; x_wconf 87' lang='lat' dir='ltr'><strong>ejus</strong></span> <span class='ocrx_word' id='word_1_170' title='bbox 342 1333 439 1373; x_wconf 87' lang='lat' dir='ltr'><strong>sunt,</strong></span> <span class='ocrx_word' id='word_1_171' title='bbox 463 1341 474 1362; x_wconf 83' lang='lat'>‹</span> <span class='ocrx_word' id='word_1_172' title='bbox 498 1338 797 1375; x_wconf 69' lang='lat' dir='ltr'><strong>praeoccupemus</strong></span> <span class='ocrx_word' id='word_1_173' title='bbox 823 1328 952 1364; x_wconf 84' lang='lat' dir='ltr'><strong>faeiem</strong></span> <span class='ocrx_word' id='word_1_174' title='bbox 973 1328 1054 1373; x_wconf 89' lang='lat' dir='ltr'><strong>ejus</strong></span> <span class='ocrx_word' id='word_1_175' title='bbox 1075 1329 1112 1364; x_wconf 92' lang='lat' dir='ltr'><strong>in</strong></span> 
     </span>
     <span class='ocr_line' id='line_1_22' title="bbox 51 1389 1113 1436; baseline -0.002 -8"><span class='ocrx_word' id='word_1_176' title='bbox 51 1391 293 1433; x_wconf 77' lang='lat' dir='ltr'><strong>confessione,</strong></span> <span class='ocrx_word' id='word_1_177' title='bbox 313 1395 350 1426; x_wconf 87' lang='lat' dir='ltr'><strong>et</strong></span> <span class='ocrx_word' id='word_1_178' title='bbox 369 1391 403 1426; x_wconf 91' lang='lat' dir='ltr'><strong>in</strong></span> <span class='ocrx_word' id='word_1_179' title='bbox 418 1390 569 1436; x_wconf 84' lang='lat' dir='ltr'><strong>psalmis</strong></span> <span class='ocrx_word' id='word_1_180' title='bbox 582 1389 779 1436; x_wconf 87' lang='lat' dir='ltr'><strong>jubilemus</strong></span> <span class='ocrx_word' id='word_1_181' title='bbox 804 1390 851 1426; x_wconf 92' lang='lat' dir='ltr'><strong>ei.</strong></span> <span class='ocrx_word' id='word_1_182' title='bbox 871 1389 1113 1426; x_wconf 87' lang='lat' dir='ltr'><strong>Humilicmus</strong></span> 
     </span>
     <span class='ocr_line' id='line_1_23' title="bbox 51 1450 1111 1498; baseline -0.002 -10"><span class='ocrx_word' id='word_1_183' title='bbox 51 1452 88 1489; x_wconf 90' lang='lat' dir='ltr'><strong>in</strong></span> <span class='ocrx_word' id='word_1_184' title='bbox 104 1451 241 1498; x_wconf 78' lang='lat' dir='ltr'><strong>jejunio</strong></span> <span class='ocrx_word' id='word_1_185' title='bbox 257 1453 399 1488; x_wconf 90' lang='lat' dir='ltr'><strong>animas</strong></span> <span class='ocrx_word' id='word_1_186' title='bbox 429 1456 595 1495; x_wconf 88' lang='lat' dir='ltr'><strong>nostras;</strong></span> <span class='ocrx_word' id='word_1_187' title='bbox 619 1464 631 1485; x_wconf 67' lang='lat' dir='ltr'><strong>i</strong></span> <span class='ocrx_word' id='word_1_188' title='bbox 657 1450 848 1497; x_wconf 83' lang='lat' dir='ltr'><strong>vigilemus</strong></span> <span class='ocrx_word' id='word_1_189' title='bbox 876 1455 914 1486; x_wconf 90' lang='lat' dir='ltr'><strong>et</strong></span> <span class='ocrx_word' id='word_1_190' title='bbox 951 1460 1111 1494; x_wconf 87' lang='lat' dir='ltr'><strong>oremus,</strong></span> 
     </span>
     <span class='ocr_line' id='line_1_24' title="bbox 55 1512 1111 1559; baseline -0.002 -10"><span class='ocrx_word' id='word_1_191' title='bbox 55 1526 68 1548; x_wconf 76' lang='grc' dir='ltr'>ι</span> <span class='ocrx_word' id='word_1_192' title='bbox 89 1514 350 1559; x_wconf 88' lang='lat' dir='ltr'><strong>quoniamquis</strong></span> <span class='ocrx_word' id='word_1_193' title='bbox 369 1513 450 1556; x_wconf 88' lang='lat' dir='ltr'><strong>scit,</strong></span> <span class='ocrx_word' id='word_1_194' title='bbox 471 1513 502 1549; x_wconf 90' lang='lat' dir='ltr'><strong>si</strong></span> <span class='ocrx_word' id='word_1_195' title='bbox 516 1518 751 1549; x_wconf 83' lang='lat' dir='ltr'><strong>convertatur</strong></span> <span class='ocrx_word' id='word_1_196' title='bbox 768 1518 804 1547; x_wconf 88' lang='lat' dir='ltr'><strong>et</strong></span> <span class='ocrx_word' id='word_1_197' title='bbox 821 1512 984 1558; x_wconf 84' lang='lat' dir='ltr'><strong>ignoscat</strong></span> <span class='ocrx_word' id='word_1_198' title='bbox 1000 1512 1111 1555; x_wconf 90' lang='lat' dir='ltr'><strong>Deus,</strong></span> 
     </span>
     <span class='ocr_line' id='line_1_25' title="bbox 51 1574 1113 1622; baseline -0.002 -9"><span class='ocrx_word' id='word_1_199' title='bbox 51 1580 88 1613; x_wconf 88' lang='lat' dir='ltr'><strong>et</strong></span> <span class='ocrx_word' id='word_1_200' title='bbox 107 1576 290 1621; x_wconf 87' lang='lat' dir='ltr'><strong>relinquat</strong></span> <span class='ocrx_word' id='word_1_201' title='bbox 308 1581 389 1622; x_wconf 90' lang='lat' dir='ltr'><strong>post</strong></span> <span class='ocrx_word' id='word_1_202' title='bbox 404 1585 448 1611; x_wconf 64' lang='lat' dir='ltr'><strong>&gt;se</strong></span> <span class='ocrx_word' id='word_1_203' title='bbox 482 1575 797 1612; x_wconf 85' lang='lat' dir='ltr'><strong>benedictionem?</strong></span> <span class='ocrx_word' id='word_1_204' title='bbox 826 1574 934 1610; x_wconf 83' lang='lat' dir='ltr'><strong>Juxta</strong></span> <span class='ocrx_word' id='word_1_205' title='bbox 953 1580 1009 1610; x_wconf 86' lang='lat' dir='ltr'><strong>est</strong></span> <span class='ocrx_word' id='word_1_206' title='bbox 1036 1574 1113 1611; x_wconf 86' lang='lat' dir='ltr'><strong>dies</strong></span> 
     </span>
     <span class='ocr_line' id='line_1_26' title="bbox 51 1635 1113 1685; baseline -0.003 -12"><span class='ocrx_word' id='word_1_207' title='bbox 51 1636 280 1685; x_wconf 78' lang='lat' dir='ltr'><strong>perditionis,</strong></span> <span class='ocrx_word' id='word_1_208' title='bbox 299 1642 335 1672; x_wconf 90' lang='lat' dir='ltr'><strong>et</strong></span> <span class='ocrx_word' id='word_1_209' title='bbox 367 1637 495 1673; x_wconf 85' lang='lat' dir='ltr'><strong>adesse</strong></span> <span class='ocrx_word' id='word_1_210' title='bbox 513 1635 687 1672; x_wconf 79' lang='lat' dir='ltr'><strong>festinant</strong></span> <span class='ocrx_word' id='word_1_211' title='bbox 710 1640 885 1682; x_wconf 86' lang='lat' dir='ltr'><strong>tempora.</strong></span> <span class='ocrx_word' id='word_1_212' title='bbox 903 1648 916 1670; x_wconf 89' lang='lat'>›</span> <span class='ocrx_word' id='word_1_213' title='bbox 936 1635 1043 1671; x_wconf 83' lang='lat' dir='ltr'><strong>Juxta</strong></span> <span class='ocrx_word' id='word_1_214' title='bbox 1057 1639 1113 1671; x_wconf 91' lang='lat' dir='ltr'><strong>est</strong></span> 
     </span>
     <span class='ocr_line' id='line_1_27' title="bbox 52 1697 1114 1745; baseline -0.004 -9"><span class='ocrx_word' id='word_1_215' title='bbox 52 1700 248 1745; x_wconf 89' lang='lat' dir='ltr'><strong>unicuique</strong></span> <span class='ocrx_word' id='word_1_216' title='bbox 268 1699 344 1735; x_wconf 86' lang='lat' dir='ltr'><strong>dies</strong></span> <span class='ocrx_word' id='word_1_217' title='bbox 362 1698 521 1742; x_wconf 86' lang='lat' dir='ltr'><strong>ultionis,</strong></span> <span class='ocrx_word' id='word_1_218' title='bbox 551 1699 635 1744; x_wconf 83' lang='lat' dir='ltr'><strong>qnia</strong></span> <span class='ocrx_word' id='word_1_219' title='bbox 653 1705 774 1735; x_wconf 88' lang='lat' dir='ltr'><strong>certus</strong></span> <span class='ocrx_word' id='word_1_220' title='bbox 794 1703 862 1742; x_wconf 87' lang='lat' dir='ltr'><strong>est,</strong></span> <span class='ocrx_word' id='word_1_221' title='bbox 884 1707 952 1734; x_wconf 89' lang='lat' dir='ltr'><strong>nec</strong></span> <span class='ocrx_word' id='word_1_222' title='bbox 978 1697 1114 1734; x_wconf 89' lang='lat' dir='ltr'><strong>diutur-</strong></span> 
     </span>
     <span class='ocr_line' id='line_1_28' title="bbox 53 1756 1114 1805; baseline -0.007 -7"><span class='ocrx_word' id='word_1_223' title='bbox 53 1770 140 1798; x_wconf 86' lang='lat' dir='ltr'><strong>num</strong></span> <span class='ocrx_word' id='word_1_224' title='bbox 168 1769 249 1796; x_wconf 90' lang='lat' dir='ltr'><strong>esse</strong></span> <span class='ocrx_word' id='word_1_225' title='bbox 265 1764 384 1805; x_wconf 88' lang='lat' dir='ltr'><strong>potest</strong></span> <span class='ocrx_word' id='word_1_226' title='bbox 411 1759 507 1804; x_wconf 85' lang='lat' dir='ltr'><strong>quod</strong></span> <span class='ocrx_word' id='word_1_227' title='bbox 535 1758 728 1804; x_wconf 84' lang='lat' dir='ltr'><strong>aliquando</strong></span> <span class='ocrx_word' id='word_1_228' title='bbox 767 1758 902 1794; x_wconf 84' lang='lat' dir='ltr'><strong>finitur.</strong></span> <span class='ocrx_word' id='word_1_229' title='bbox 933 1756 1114 1802; x_wconf 83' lang='lat' dir='ltr'><strong>Quidquid</strong></span> 
     </span>
     <span class='ocr_line' id='line_1_29' title="bbox 55 1818 1115 1866; baseline -0.004 -9"><span class='ocrx_word' id='word_1_230' title='bbox 55 1819 154 1857; x_wconf 85' lang='lat' dir='ltr'><strong>enim</strong></span> <span class='ocrx_word' id='word_1_231' title='bbox 173 1819 371 1866; x_wconf 81' lang='lat' dir='ltr'><strong>temporale</strong></span> <span class='ocrx_word' id='word_1_232' title='bbox 385 1825 427 1855; x_wconf 89' lang='lat' dir='ltr'><strong>ut</strong></span> <span class='ocrx_word' id='word_1_233' title='bbox 446 1824 502 1856; x_wconf 86' lang='lat' dir='ltr'><strong>est</strong></span> <span class='ocrx_word' id='word_1_234' title='bbox 518 1819 675 1856; x_wconf 88' lang='lat' dir='ltr'><strong>hominis</strong></span> <span class='ocrx_word' id='word_1_235' title='bbox 694 1824 796 1863; x_wconf 83' lang='lat' dir='ltr'><strong>aetas,</strong></span> <span class='ocrx_word' id='word_1_236' title='bbox 815 1818 875 1854; x_wconf 87' lang='lat' dir='ltr'><strong>vel</strong></span> <span class='ocrx_word' id='word_1_237' title='bbox 891 1818 1014 1854; x_wconf 86' lang='lat' dir='ltr'><strong>mundi</strong></span> <span class='ocrx_word' id='word_1_238' title='bbox 1034 1827 1115 1853; x_wconf 86' lang='lat' dir='ltr'><strong>cur-</strong></span> 
     </span>
     <span class='ocr_line' id='line_1_30' title="bbox 56 1879 1114 1927; baseline -0.002 -9"><span class='ocrx_word' id='word_1_239' title='bbox 56 1891 132 1925; x_wconf 86' lang='lat' dir='ltr'><strong>sus,</strong></span> <span class='ocrx_word' id='word_1_240' title='bbox 147 1881 194 1917; x_wconf 86' lang='lat' dir='ltr'><strong>ad</strong></span> <span class='ocrx_word' id='word_1_241' title='bbox 219 1881 463 1917; x_wconf 63' lang='lat' dir='ltr'><strong>aeternitatem</strong></span> <span class='ocrx_word' id='word_1_242' title='bbox 483 1886 726 1927; x_wconf 85' lang='lat' dir='ltr'><strong>comparatur,</strong></span> <span class='ocrx_word' id='word_1_243' title='bbox 744 1891 896 1927; x_wconf 87' lang='lat' dir='ltr'><strong>parvum</strong></span> <span class='ocrx_word' id='word_1_244' title='bbox 918 1880 958 1916; x_wconf 85' lang='lat' dir='ltr'><strong>fit</strong></span> <span class='ocrx_word' id='word_1_245' title='bbox 978 1879 1015 1917; x_wconf 90' lang='lat' dir='ltr'><strong>in</strong></span> <span class='ocrx_word' id='word_1_246' title='bbox 1036 1879 1114 1926; x_wconf 84' lang='lat' dir='ltr'><strong>ejus</strong></span> 
     </span>
     <span class='ocr_line' id='line_1_31' title="bbox 55 1941 1115 1988; baseline -0.004 -9"><span class='ocrx_word' id='word_1_247' title='bbox 55 1943 341 1988; x_wconf 85' lang='lat' dir='ltr'><strong>comparatione.</strong></span> <span class='ocrx_word' id='word_1_248' title='bbox 377 1942 462 1979; x_wconf 90' lang='lat' dir='ltr'><strong>ldeo</strong></span> <span class='ocrx_word' id='word_1_249' title='bbox 493 1943 639 1986; x_wconf 86' lang='lat' dir='ltr'><strong>dicitur,</strong></span> <span class='ocrx_word' id='word_1_250' title='bbox 668 1955 678 1976; x_wconf 78' lang='grc' dir='ltr'>ι</span> <span class='ocrx_word' id='word_1_251' title='bbox 708 1948 746 1979; x_wconf 92' lang='lat' dir='ltr'><strong>et</strong></span> <span class='ocrx_word' id='word_1_252' title='bbox 778 1943 907 1979; x_wconf 84' lang='lat' dir='ltr'><strong>adesse</strong></span> <span class='ocrx_word' id='word_1_253' title='bbox 938 1941 1115 1978; x_wconf 80' lang='lat' dir='ltr'><strong>festinant</strong></span> 
     </span>
     <span class='ocr_line' id='line_1_32' title="bbox 57 2003 1114 2052; baseline -0.006 -9"><span class='ocrx_word' id='word_1_254' title='bbox 57 2012 234 2052; x_wconf 79' lang='lat' dir='ltr'><strong>tempora,</strong></span> <span class='ocrx_word' id='word_1_255' title='bbox 249 2019 262 2041; x_wconf 88' lang='lat'><strong>›</strong></span> <span class='ocrx_word' id='word_1_256' title='bbox 280 2007 365 2051; x_wconf 89' lang='lat' dir='ltr'><strong>quia</strong></span> <span class='ocrx_word' id='word_1_257' title='bbox 383 2006 455 2042; x_wconf 91' lang='lat' dir='ltr'><strong>cito</strong></span> <span class='ocrx_word' id='word_1_258' title='bbox 473 2006 648 2042; x_wconf 86' lang='lat' dir='ltr'><strong>finiuntur</strong></span> <span class='ocrx_word' id='word_1_259' title='bbox 665 2004 893 2051; x_wconf 83' lang='lat' dir='ltr'><strong>temporalia.</strong></span> <span class='ocrx_word' id='word_1_260' title='bbox 907 2003 1114 2039; x_wconf 90' lang='lat' dir='ltr'><strong>Secundum</strong></span> 
     </span>
     <span class='ocr_line' id='line_1_33' title="bbox 57 2064 1112 2111; baseline -0.005 -7"><span class='ocrx_word' id='word_1_261' title='bbox 57 2066 248 2104; x_wconf 83' lang='lat' dir='ltr'><strong>historiam</strong></span> <span class='ocrx_word' id='word_1_262' title='bbox 267 2071 404 2110; x_wconf 83' lang='lat' dir='ltr'><strong>autem,</strong></span> <span class='ocrx_word' id='word_1_263' title='bbox 422 2066 668 2102; x_wconf 84' lang='lat' dir='ltr'><strong>israelitarum</strong></span> <span class='ocrx_word' id='word_1_264' title='bbox 690 2065 851 2101; x_wconf 81' lang='lat' dir='ltr'><strong>vindicta</strong></span> <span class='ocrx_word' id='word_1_265' title='bbox 867 2064 1112 2111; x_wconf 86' lang='lat' dir='ltr'><strong>appropiavit;</strong></span> 
     </span>
     <span class='ocr_line' id='line_1_34' title="bbox 57 2125 1118 2175; baseline -0.002 -11"><span class='ocrx_word' id='word_1_266' title='bbox 57 2128 140 2174; x_wconf 87' lang='lat' dir='ltr'><strong>quia</strong></span> <span class='ocrx_word' id='word_1_267' title='bbox 157 2137 203 2164; x_wconf 86' lang='lat' dir='ltr'><strong>ex</strong></span> <span class='ocrx_word' id='word_1_268' title='bbox 221 2137 292 2174; x_wconf 88' lang='lat' dir='ltr'><strong>quo</strong></span> <span class='ocrx_word' id='word_1_269' title='bbox 309 2127 487 2164; x_wconf 84' lang='lat' dir='ltr'><strong>rebellare</strong></span> <span class='ocrx_word' id='word_1_270' title='bbox 519 2131 720 2175; x_wconf 82' lang='lat' dir='ltr'><strong>coeperunt,</strong></span> <span class='ocrx_word' id='word_1_271' title='bbox 750 2135 935 2172; x_wconf 90' lang='lat' dir='ltr'><strong>nunquam</strong></span> <span class='ocrx_word' id='word_1_272' title='bbox 957 2125 1118 2172; x_wconf 85' lang='lat' dir='ltr'><strong>perfecte</strong></span> 
     </span>
     <span class='ocr_line' id='line_1_35' title="bbox 57 2187 1115 2234; baseline -0.002 -10"><span class='ocrx_word' id='word_1_273' title='bbox 57 2188 292 2230; x_wconf 87' lang='lat' dir='ltr'><strong>destiterunt,</strong></span> <span class='ocrx_word' id='word_1_274' title='bbox 301 2187 415 2224; x_wconf 85' lang='lat' dir='ltr'><strong>donec</strong></span> <span class='ocrx_word' id='word_1_275' title='bbox 429 2188 534 2234; x_wconf 85' lang='lat' dir='ltr'><strong>regni</strong></span> <span class='ocrx_word' id='word_1_276' title='bbox 549 2187 667 2224; x_wconf 91' lang='lat' dir='ltr'><strong>locum</strong></span> <span class='ocrx_word' id='word_1_277' title='bbox 683 2192 718 2223; x_wconf 90' lang='lat' dir='ltr'><strong>et</strong></span> <span class='ocrx_word' id='word_1_278' title='bbox 733 2187 815 2223; x_wconf 82' lang='lat' dir='ltr'><strong>vitae</strong></span> <span class='ocrx_word' id='word_1_279' title='bbox 823 2187 1115 2233; x_wconf 80' lang='lat' dir='ltr'><strong>prosperitatem,</strong></span> 
     </span>
     <span class='ocr_line' id='line_1_36' title="bbox 58 2247 1116 2295; baseline -0.001 -11"><span class='ocrx_word' id='word_1_280' title='bbox 58 2249 198 2295; x_wconf 88' lang='lat' dir='ltr'><strong>pariter</strong></span> <span class='ocrx_word' id='word_1_281' title='bbox 213 2249 463 2295; x_wconf 84' lang='lat' dir='ltr'><strong>perdiderunt.</strong></span> <span class='ocrx_word' id='word_1_282' title='bbox 484 2247 575 2286; x_wconf 89' lang='lat' dir='ltr'><strong>Nam</strong></span> <span class='ocrx_word' id='word_1_283' title='bbox 593 2254 787 2295; x_wconf 83' lang='lat' dir='ltr'><strong>postquam</strong></span> <span class='ocrx_word' id='word_1_284' title='bbox 806 2248 1002 2294; x_wconf 84' lang='lat' dir='ltr'><strong>prophetas</strong></span> <span class='ocrx_word' id='word_1_285' title='bbox 1017 2248 1116 2284; x_wconf 88' lang='lat' dir='ltr'><strong>occi-</strong></span> 
     </span>
     <span class='ocr_line' id='line_1_37' title="bbox 59 2308 1118 2354; baseline -0.003 -6"><span class='ocrx_word' id='word_1_286' title='bbox 59 2310 205 2354; x_wconf 83' lang='lat' dir='ltr'><strong>derunt,</strong></span> <span class='ocrx_word' id='word_1_287' title='bbox 237 2315 274 2347; x_wconf 88' lang='lat' dir='ltr'><strong>et</strong></span> <span class='ocrx_word' id='word_1_288' title='bbox 312 2310 536 2348; x_wconf 77' lang='lat' dir='ltr'><strong>salvatorem</strong></span> <span class='ocrx_word' id='word_1_289' title='bbox 567 2309 846 2352; x_wconf 85' lang='lat' dir='ltr'><strong>crucifixerunt,</strong></span> <span class='ocrx_word' id='word_1_290' title='bbox 880 2308 1118 2345; x_wconf 88' lang='lat' dir='ltr'><strong>seditionibus</strong></span> 
     </span>
     <span class='ocr_line' id='line_1_38' title="bbox 61 2369 1119 2418; baseline -0.004 -10"><span class='ocrx_word' id='word_1_291' title='bbox 61 2371 219 2418; x_wconf 81' lang='lat' dir='ltr'><strong>antiquis</strong></span> <span class='ocrx_word' id='word_1_292' title='bbox 239 2381 333 2408; x_wconf 87' lang='lat' dir='ltr'><strong>nova</strong></span> <span class='ocrx_word' id='word_1_293' title='bbox 351 2370 686 2418; x_wconf 80' lang='lat' dir='ltr'><strong>superadjicientes,</strong></span> <span class='ocrx_word' id='word_1_294' title='bbox 711 2370 896 2406; x_wconf 89' lang='lat' dir='ltr'><strong>Romanos</strong></span> <span class='ocrx_word' id='word_1_295' title='bbox 910 2369 1119 2406; x_wconf 88' lang='lat' dir='ltr'><strong>rebellando</strong></span> 
     </span>
     <span class='ocr_line' id='line_1_39' title="bbox 60 2432 1119 2479; baseline -0.003 -9"><span class='ocrx_word' id='word_1_296' title='bbox 60 2432 98 2470; x_wconf 88' lang='lat' dir='ltr'><strong>in</strong></span> <span class='ocrx_word' id='word_1_297' title='bbox 131 2443 170 2470; x_wconf 91' lang='lat' dir='ltr'><strong>se</strong></span> <span class='ocrx_word' id='word_1_298' title='bbox 192 2438 494 2479; x_wconf 73' lang='lat' dir='ltr'><strong>provocaverunt,</strong></span> <span class='ocrx_word' id='word_1_299' title='bbox 534 2433 598 2479; x_wconf 78' lang='lat' dir='ltr'><strong>qui</strong></span> <span class='ocrx_word' id='word_1_300' title='bbox 635 2432 723 2469; x_wconf 88' lang='lat' dir='ltr'><strong>urbe</strong></span> <span class='ocrx_word' id='word_1_301' title='bbox 759 2434 957 2476; x_wconf 87' lang='lat' dir='ltr'><strong>destructa,</strong></span> <span class='ocrx_word' id='word_1_302' title='bbox 985 2432 1119 2478; x_wconf 85' lang='lat' dir='ltr'><strong>templo</strong></span> 
     </span>
     <span class='ocr_line' id='line_1_40' title="bbox 59 2494 1120 2542; baseline -0.004 -9"><span class='ocrx_word' id='word_1_303' title='bbox 59 2505 248 2538; x_wconf 76' lang='lat' dir='ltr'><strong>succenso,</strong></span> <span class='ocrx_word' id='word_1_304' title='bbox 268 2495 400 2542; x_wconf 90' lang='lat' dir='ltr'><strong>populo</strong></span> <span class='ocrx_word' id='word_1_305' title='bbox 426 2496 522 2531; x_wconf 83' lang='lat' dir='ltr'><strong>same</strong></span> <span class='ocrx_word' id='word_1_306' title='bbox 548 2500 586 2530; x_wconf 78' lang='lat' dir='ltr'><strong>et</strong></span> <span class='ocrx_word' id='word_1_307' title='bbox 610 2494 729 2541; x_wconf 81' lang='lat' dir='ltr'><strong>gladio</strong></span> <span class='ocrx_word' id='word_1_308' title='bbox 770 2500 911 2536; x_wconf 89' lang='lat' dir='ltr'><strong>necato,</strong></span> <span class='ocrx_word' id='word_1_309' title='bbox 947 2494 1120 2539; x_wconf 88' lang='lat' dir='ltr'><strong>reliquias</strong></span> 
     </span>
     <span class='ocr_line' id='line_1_41' title="bbox 61 2554 1119 2602; baseline -0.002 -10"><span class='ocrx_word' id='word_1_310' title='bbox 61 2564 189 2593; x_wconf 87' lang='lat' dir='ltr'><strong>eorum</strong></span> <span class='ocrx_word' id='word_1_311' title='bbox 214 2565 279 2602; x_wconf 88' lang='lat' dir='ltr'><strong>per</strong></span> <span class='ocrx_word' id='word_1_312' title='bbox 299 2560 416 2591; x_wconf 85' lang='lat' dir='ltr'><strong>totum</strong></span> <span class='ocrx_word' id='word_1_313' title='bbox 447 2555 573 2592; x_wconf 85' lang='lat' dir='ltr'><strong>orbem</strong></span> <span class='ocrx_word' id='word_1_314' title='bbox 605 2555 867 2600; x_wconf 86' lang='lat' dir='ltr'><strong>disperserunt,</strong></span> <span class='ocrx_word' id='word_1_315' title='bbox 889 2554 951 2589; x_wconf 89' lang='lat' dir='ltr'><strong>ubi</strong></span> <span class='ocrx_word' id='word_1_316' title='bbox 972 2554 1119 2590; x_wconf 85' lang='lat' dir='ltr'><strong>incertis</strong></span> 
     </span>
     <span class='ocr_line' id='line_1_42' title="bbox 61 2613 1119 2662; baseline -0.003 -9"><span class='ocrx_word' id='word_1_317' title='bbox 61 2616 207 2653; x_wconf 88' lang='lat' dir='ltr'><strong>sedibus</strong></span> <span class='ocrx_word' id='word_1_318' title='bbox 222 2616 398 2661; x_wconf 81' lang='lat' dir='ltr'><strong>vagando,</strong></span> <span class='ocrx_word' id='word_1_319' title='bbox 414 2625 479 2662; x_wconf 83' lang='lat' dir='ltr'><strong>spe</strong></span> <span class='ocrx_word' id='word_1_320' title='bbox 493 2615 695 2651; x_wconf 85' lang='lat' dir='ltr'><strong>futur-orum</strong></span> <span class='ocrx_word' id='word_1_321' title='bbox 704 2620 850 2650; x_wconf 89' lang='lat' dir='ltr'><strong>manent</strong></span> <span class='ocrx_word' id='word_1_322' title='bbox 865 2614 1009 2650; x_wconf 88' lang='lat' dir='ltr'><strong>incerti.</strong></span> <span class='ocrx_word' id='word_1_323' title='bbox 1030 2626 1041 2647; x_wconf 88' lang='lat'><strong>‹</strong></span> <span class='ocrx_word' id='word_1_324' title='bbox 1057 2613 1119 2650; x_wconf 88' lang='lat' dir='ltr'><strong>Ju-</strong></span> 
     </span>
     <span class='ocr_line' id='line_1_43' title="bbox 62 2674 1119 2721; baseline -0.003 -8"><span class='ocrx_word' id='word_1_325' title='bbox 62 2675 198 2713; x_wconf 88' lang='lat' dir='ltr'><strong>dicabit</strong></span> <span class='ocrx_word' id='word_1_326' title='bbox 211 2674 388 2711; x_wconf 86' lang='lat' dir='ltr'><strong>Dominus</strong></span> <span class='ocrx_word' id='word_1_327' title='bbox 416 2674 588 2721; x_wconf 86' lang='lat' dir='ltr'><strong>populum</strong></span> <span class='ocrx_word' id='word_1_328' title='bbox 618 2684 737 2717; x_wconf 88' lang='lat' dir='ltr'><strong>suum,</strong></span> <span class='ocrx_word' id='word_1_329' title='bbox 757 2679 795 2710; x_wconf 88' lang='lat' dir='ltr'><strong>et</strong></span> <span class='ocrx_word' id='word_1_330' title='bbox 822 2674 859 2709; x_wconf 91' lang='lat' dir='ltr'><strong>in</strong></span> <span class='ocrx_word' id='word_1_331' title='bbox 891 2674 1007 2710; x_wconf 83' lang='lat' dir='ltr'><strong>servis</strong></span> <span class='ocrx_word' id='word_1_332' title='bbox 1043 2674 1119 2710; x_wconf 90' lang='lat' dir='ltr'><strong>suis</strong></span> 
     </span>
     <span class='ocr_line' id='line_1_44' title="bbox 62 2735 1119 2782; baseline -0.002 -9"><span class='ocrx_word' id='word_1_333' title='bbox 62 2736 307 2774; x_wconf 84' lang='lat' dir='ltr'><strong>miserebitur.</strong></span> <span class='ocrx_word' id='word_1_334' title='bbox 343 2748 357 2770; x_wconf 73' lang='grc' dir='ltr'>ι</span> <span class='ocrx_word' id='word_1_335' title='bbox 395 2735 577 2772; x_wconf 67' lang='lat' dir='ltr'><strong>iudicabit</strong></span> <span class='ocrx_word' id='word_1_336' title='bbox 610 2746 696 2782; x_wconf 85' lang='lat' dir='ltr'><strong>ergo</strong></span> <span class='ocrx_word' id='word_1_337' title='bbox 740 2735 914 2772; x_wconf 84' lang='lat' dir='ltr'><strong>Dominus</strong></span> <span class='ocrx_word' id='word_1_338' title='bbox 946 2735 1119 2782; x_wconf 84' lang='lat' dir='ltr'><strong>populum</strong></span> 
     </span>
     <span class='ocr_line' id='line_1_45' title="bbox 65 2797 1118 2845; baseline -0.005 -8"><span class='ocrx_word' id='word_1_339' title='bbox 65 2809 181 2842; x_wconf 88' lang='lat' dir='ltr'><strong>suum,</strong></span> <span class='ocrx_word' id='word_1_340' title='bbox 202 2798 348 2845; x_wconf 90' lang='lat' dir='ltr'><strong>quando</strong></span> <span class='ocrx_word' id='word_1_341' title='bbox 361 2797 495 2835; x_wconf 86' lang='lat' dir='ltr'><strong>electos</strong></span> <span class='ocrx_word' id='word_1_342' title='bbox 514 2808 600 2835; x_wconf 89' lang='lat' dir='ltr'><strong>suos</strong></span> <span class='ocrx_word' id='word_1_343' title='bbox 613 2808 634 2834; x_wconf 89' lang='lat' dir='ltr'><strong>a</strong></span> <span class='ocrx_word' id='word_1_344' title='bbox 652 2798 818 2844; x_wconf 83' lang='lat' dir='ltr'><strong>reprobis</strong></span> <span class='ocrx_word' id='word_1_345' title='bbox 833 2797 1002 2834; x_wconf 80' lang='lat' dir='ltr'><strong>secernit.</strong></span> <span class='ocrx_word' id='word_1_346' title='bbox 1027 2797 1118 2834; x_wconf 91' lang='lat' dir='ltr'><strong>Nam</strong></span> 
     </span>
     <span class='ocr_line' id='line_1_46' title="bbox 62 2859 1121 2909; baseline -0.003 -12"><span class='ocrx_word' id='word_1_347' title='bbox 62 2860 226 2909; x_wconf 82' lang='lat' dir='ltr'><strong>judicare</strong></span> <span class='ocrx_word' id='word_1_348' title='bbox 253 2859 446 2906; x_wconf 82' lang='lat' dir='ltr'><strong>aliquando</strong></span> <span class='ocrx_word' id='word_1_349' title='bbox 474 2870 542 2906; x_wconf 86' lang='lat' dir='ltr'><strong>pro</strong></span> <span class='ocrx_word' id='word_1_350' title='bbox 569 2860 792 2903; x_wconf 84' lang='lat' dir='ltr'><strong>discernere,</strong></span> <span class='ocrx_word' id='word_1_351' title='bbox 819 2859 1013 2905; x_wconf 88' lang='lat' dir='ltr'><strong>aliquando</strong></span> <span class='ocrx_word' id='word_1_352' title='bbox 1031 2869 1121 2895; x_wconf 88' lang='lat' dir='ltr'><strong>vero</strong></span> 
     </span>
    </p>
   </div>
   <div class='ocr_carea' id='block_1_7' title="bbox 65 2920 1175 2988">
    <p class='ocr_par' dir='ltr' id='par_1_7' title="bbox 65 2920 1175 2988">
     <span class='ocr_line' id='line_1_47' title="bbox 65 2920 1175 2988; baseline -0.002 -30"><span class='ocrx_word' id='word_1_353' title='bbox 65 2932 133 2969; x_wconf 84' lang='lat' dir='ltr'><strong>pro</strong></span> <span class='ocrx_word' id='word_1_354' title='bbox 145 2922 318 2959; x_wconf 88' lang='lat' dir='ltr'><strong>damnare</strong></span> <span class='ocrx_word' id='word_1_355' title='bbox 333 2921 521 2968; x_wconf 86' lang='lat' dir='ltr'><strong>accipitur.</strong></span> <span class='ocrx_word' id='word_1_356' title='bbox 546 2921 646 2958; x_wconf 84' lang='lat' dir='ltr'><strong>Unde</strong></span> <span class='ocrx_word' id='word_1_357' title='bbox 660 2921 696 2957; x_wconf 91' lang='lat' dir='ltr'><strong>in</strong></span> <span class='ocrx_word' id='word_1_358' title='bbox 717 2920 854 2966; x_wconf 83' lang='lat' dir='ltr'><strong>psalmo</strong></span> <span class='ocrx_word' id='word_1_359' title='bbox 875 2920 1055 2966; x_wconf 86' lang='lat' dir='ltr'><strong>Propheta</strong></span> <span class='ocrx_word' id='word_1_360' title='bbox 1074 2920 1121 2956; x_wconf 90' lang='lat' dir='ltr'><strong>ad</strong></span> <span class='ocrx_word' id='word_1_361' title='bbox 1138 2946 1175 2988; x_wconf 76' lang='lat' dir='ltr'>D</span> 
     </span>
    </p>
   </div>
   <div class='ocr_carea' id='block_1_8' title="bbox 63 2982 1128 3756">
    <p class='ocr_par' dir='ltr' id='par_1_8' title="bbox 63 2982 1128 3756">
     <span class='ocr_line' id='line_1_48' title="bbox 67 2982 1121 3027; baseline -0.002 -7"><span class='ocrx_word' id='word_1_362' title='bbox 67 2984 260 3020; x_wconf 82' lang='lat' dir='ltr'><strong>Dominum</strong></span> <span class='ocrx_word' id='word_1_363' title='bbox 276 2983 368 3020; x_wconf 82' lang='lat' dir='ltr'><strong>dixit</strong></span> <span class='ocrx_word' id='word_1_364' title='bbox 386 2993 396 3019; x_wconf 69' lang='grc' dir='ltr'><strong><em>ε</em></strong></span> <span class='ocrx_word' id='word_1_365' title='bbox 413 2995 427 3017; x_wconf 74' lang='grc' dir='ltr'>ι</span> <span class='ocrx_word' id='word_1_366' title='bbox 440 2982 568 3020; x_wconf 82' lang='lat' dir='ltr'><strong>Judica</strong></span> <span class='ocrx_word' id='word_1_367' title='bbox 584 2993 655 3027; x_wconf 91' lang='lat' dir='ltr'><strong>me,</strong></span> <span class='ocrx_word' id='word_1_368' title='bbox 669 2982 779 3026; x_wconf 87' lang='lat' dir='ltr'><strong>Deus,</strong></span> <span class='ocrx_word' id='word_1_369' title='bbox 797 2987 833 3019; x_wconf 89' lang='lat' dir='ltr'><strong>et</strong></span> <span class='ocrx_word' id='word_1_370' title='bbox 853 2982 1018 3019; x_wconf 87' lang='lat' dir='ltr'><strong>discerne</strong></span> <span class='ocrx_word' id='word_1_371' title='bbox 1032 2992 1121 3018; x_wconf 85' lang='lat' dir='ltr'><strong>cau-</strong></span> 
     </span>
     <span class='ocr_line' id='line_1_49' title="bbox 67 3043 1123 3092; baseline -0.003 -10"><span class='ocrx_word' id='word_1_372' title='bbox 67 3055 145 3083; x_wconf 87' lang='lat' dir='ltr'><strong>sam</strong></span> <span class='ocrx_word' id='word_1_373' title='bbox 159 3046 336 3082; x_wconf 84' lang='lat' dir='ltr'><strong>meamde</strong></span> <span class='ocrx_word' id='word_1_374' title='bbox 349 3051 458 3092; x_wconf 81' lang='lat' dir='ltr'><strong>gente</strong></span> <span class='ocrx_word' id='word_1_375' title='bbox 478 3055 549 3082; x_wconf 92' lang='lat' dir='ltr'><strong>non</strong></span> <span class='ocrx_word' id='word_1_376' title='bbox 568 3051 707 3088; x_wconf 86' lang='lat' dir='ltr'><strong>sancta,</strong></span> <span class='ocrx_word' id='word_1_377' title='bbox 726 3045 771 3081; x_wconf 90' lang='lat' dir='ltr'><strong>ab</strong></span> <span class='ocrx_word' id='word_1_378' title='bbox 787 3044 933 3080; x_wconf 89' lang='lat' dir='ltr'><strong>homine</strong></span> <span class='ocrx_word' id='word_1_379' title='bbox 950 3043 1074 3090; x_wconf 88' lang='lat' dir='ltr'><strong>iniquo</strong></span> <span class='ocrx_word' id='word_1_380' title='bbox 1087 3048 1123 3079; x_wconf 90' lang='lat' dir='ltr'><strong>et</strong></span> 
     </span>
     <span class='ocr_line' id='line_1_50' title="bbox 68 3102 1124 3152; baseline -0.003 -10"><span class='ocrx_word' id='word_1_381' title='bbox 68 3105 192 3143; x_wconf 70' lang='lat' dir='ltr'><strong>(bleso</strong></span> <span class='ocrx_word' id='word_1_382' title='bbox 211 3105 310 3151; x_wconf 85' lang='lat' dir='ltr'><strong>eripe</strong></span> <span class='ocrx_word' id='word_1_383' title='bbox 330 3102 444 3152; x_wconf 78' lang='lat' dir='ltr'><strong>(Psat.</strong></span> <span class='ocrx_word' id='word_1_384' title='bbox 465 3104 570 3152; x_wconf 73' lang='lat' dir='ltr'><strong>nn).</strong></span> <span class='ocrx_word' id='word_1_385' title='bbox 599 3118 612 3139; x_wconf 70' lang='grc' dir='ltr'>ι</span> <span class='ocrx_word' id='word_1_386' title='bbox 638 3105 704 3140; x_wconf 88' lang='lat' dir='ltr'><strong>Hic</strong></span> <span class='ocrx_word' id='word_1_387' title='bbox 715 3104 879 3151; x_wconf 86' lang='lat' dir='ltr'><strong>judicare</strong></span> <span class='ocrx_word' id='word_1_388' title='bbox 894 3113 962 3150; x_wconf 87' lang='lat' dir='ltr'><strong>pro</strong></span> <span class='ocrx_word' id='word_1_389' title='bbox 988 3104 1124 3140; x_wconf 85' lang='lat' dir='ltr'><strong>discre-</strong></span> 
     </span>
     <span class='ocr_line' id='line_1_51' title="bbox 69 3163 1122 3213; baseline -0.004 -9"><span class='ocrx_word' id='word_1_390' title='bbox 69 3165 166 3204; x_wconf 77' lang='lat' dir='ltr'><strong>tione</strong></span> <span class='ocrx_word' id='word_1_391' title='bbox 181 3165 340 3213; x_wconf 70' lang='lat' dir='ltr'><strong>ponitur.</strong></span> <span class='ocrx_word' id='word_1_392' title='bbox 361 3163 457 3201; x_wconf 79' lang='lat' dir='ltr'><strong>Alibi</strong></span> <span class='ocrx_word' id='word_1_393' title='bbox 483 3170 604 3202; x_wconf 87' lang='lat' dir='ltr'><strong>autem</strong></span> <span class='ocrx_word' id='word_1_394' title='bbox 638 3164 818 3211; x_wconf 87' lang='lat' dir='ltr'><strong>Propheta</strong></span> <span class='ocrx_word' id='word_1_395' title='bbox 851 3163 897 3200; x_wconf 91' lang='lat' dir='ltr'><strong>ad</strong></span> <span class='ocrx_word' id='word_1_396' title='bbox 930 3164 1122 3200; x_wconf 91' lang='lat' dir='ltr'><strong>Dominum</strong></span> 
     </span>
     <span class='ocr_line' id='line_1_52' title="bbox 70 3222 1123 3270; baseline -0.002 -8"><span class='ocrx_word' id='word_1_397' title='bbox 70 3224 228 3263; x_wconf 84' lang='lat' dir='ltr'><strong>clamans</strong></span> <span class='ocrx_word' id='word_1_398' title='bbox 249 3225 299 3262; x_wconf 86' lang='lat' dir='ltr'><strong>ait</strong></span> <span class='ocrx_word' id='word_1_399' title='bbox 319 3234 330 3260; x_wconf 70' lang='grc' dir='ltr'><strong><em>ε</em></strong></span> <span class='ocrx_word' id='word_1_400' title='bbox 352 3235 365 3259; x_wconf 79' lang='grc' dir='ltr'>ι</span> <span class='ocrx_word' id='word_1_401' title='bbox 385 3222 526 3269; x_wconf 81' lang='lat' dir='ltr'><strong>Judiea,</strong></span> <span class='ocrx_word' id='word_1_402' title='bbox 542 3225 706 3267; x_wconf 88' lang='lat' dir='ltr'><strong>Domine,</strong></span> <span class='ocrx_word' id='word_1_403' title='bbox 725 3229 899 3261; x_wconf 81' lang='lat' dir='ltr'><strong>nocentes</strong></span> <span class='ocrx_word' id='word_1_404' title='bbox 917 3234 988 3267; x_wconf 83' lang='lat' dir='ltr'><strong>me,</strong></span> <span class='ocrx_word' id='word_1_405' title='bbox 1011 3234 1123 3270; x_wconf 88' lang='lat' dir='ltr'><strong>expu-</strong></span> 
     </span>
     <span class='ocr_line' id='line_1_53' title="bbox 63 3285 1126 3335; baseline 0 -13"><span class='ocrx_word' id='word_1_406' title='bbox 63 3295 139 3333; x_wconf 61' lang='grc' dir='ltr'><strong>,μ</strong></span> <span class='ocrx_word' id='word_1_407' title='bbox 181 3286 437 3335; x_wconf 79' lang='lat' dir='ltr'><strong>impugnantes</strong></span> <span class='ocrx_word' id='word_1_408' title='bbox 463 3296 522 3324; x_wconf 86' lang='lat' dir='ltr'><strong>me</strong></span> <span class='ocrx_word' id='word_1_409' title='bbox 542 3286 658 3334; x_wconf 76' lang='lat' dir='ltr'><strong>(Psal.</strong></span> <span class='ocrx_word' id='word_1_410' title='bbox 677 3286 816 3334; x_wconf 82' lang='lat' dir='ltr'><strong>xxxiv).</strong></span> <span class='ocrx_word' id='word_1_411' title='bbox 841 3299 854 3322; x_wconf 76' lang='grc' dir='ltr'>ι</span> <span class='ocrx_word' id='word_1_412' title='bbox 875 3285 950 3323; x_wconf 87' lang='lat' dir='ltr'><strong>Sed</strong></span> <span class='ocrx_word' id='word_1_413' title='bbox 977 3286 1036 3323; x_wconf 90' lang='lat' dir='ltr'><strong>hic</strong></span> <span class='ocrx_word' id='word_1_414' title='bbox 1068 3286 1126 3333; x_wconf 82' lang='lat' dir='ltr'><strong>ju-</strong></span> 
     </span>
     <span class='ocr_line' id='line_1_54' title="bbox 71 3346 1127 3395; baseline -0.002 -10"><span class='ocrx_word' id='word_1_415' title='bbox 71 3346 204 3385; x_wconf 83' lang='lat' dir='ltr'><strong>dicium</strong></span> <span class='ocrx_word' id='word_1_416' title='bbox 219 3356 286 3394; x_wconf 81' lang='lat' dir='ltr'><strong>pro</strong></span> <span class='ocrx_word' id='word_1_417' title='bbox 315 3347 550 3385; x_wconf 84' lang='lat' dir='ltr'><strong>damnatione</strong></span> <span class='ocrx_word' id='word_1_418' title='bbox 572 3348 731 3395; x_wconf 88' lang='lat' dir='ltr'><strong>positum</strong></span> <span class='ocrx_word' id='word_1_419' title='bbox 751 3353 820 3385; x_wconf 90' lang='lat' dir='ltr'><strong>est.</strong></span> <span class='ocrx_word' id='word_1_420' title='bbox 857 3346 1040 3384; x_wconf 69' lang='lat' dir='ltr'><strong>iudicabit</strong></span> <span class='ocrx_word' id='word_1_421' title='bbox 1056 3348 1127 3384; x_wconf 93' lang='lat' dir='ltr'><strong>Do-</strong></span> 
     </span>
     <span class='ocr_line' id='line_1_55' title="bbox 71 3406 1127 3455; baseline -0.003 -9"><span class='ocrx_word' id='word_1_422' title='bbox 71 3407 192 3446; x_wconf 77' lang='lat' dir='ltr'><strong>minus</strong></span> <span class='ocrx_word' id='word_1_423' title='bbox 209 3413 356 3446; x_wconf 85' lang='lat' dir='ltr'><strong>sanctos</strong></span> <span class='ocrx_word' id='word_1_424' title='bbox 374 3419 474 3454; x_wconf 88' lang='lat' dir='ltr'><strong>suos,</strong></span> <span class='ocrx_word' id='word_1_425' title='bbox 495 3409 642 3455; x_wconf 87' lang='lat' dir='ltr'><strong>quando</strong></span> <span class='ocrx_word' id='word_1_426' title='bbox 657 3408 772 3445; x_wconf 71' lang='lat' dir='ltr'><strong>cosin</strong></span> <span class='ocrx_word' id='word_1_427' title='bbox 789 3408 848 3444; x_wconf 90' lang='lat' dir='ltr'><strong>die</strong></span> <span class='ocrx_word' id='word_1_428' title='bbox 861 3406 990 3453; x_wconf 85' lang='lat' dir='ltr'><strong>judicii</strong></span> <span class='ocrx_word' id='word_1_429' title='bbox 1005 3416 1127 3453; x_wconf 83' lang='lat' dir='ltr'><strong>segre-</strong></span> 
     </span>
     <span class='ocr_line' id='line_1_56' title="bbox 73 3467 1128 3516; baseline -0.002 -10"><span class='ocrx_word' id='word_1_430' title='bbox 73 3477 164 3516; x_wconf 68' lang='lat' dir='ltr'><strong>gans</strong></span> <span class='ocrx_word' id='word_1_431' title='bbox 177 3470 464 3516; x_wconf 59' lang='lat' dir='ltr'><strong>moecatur-ibus</strong></span> <span class='ocrx_word' id='word_1_432' title='bbox 497 3469 690 3508; x_wconf 75' lang='lat' dir='ltr'><strong>collocabit</strong></span> <span class='ocrx_word' id='word_1_433' title='bbox 720 3469 758 3505; x_wconf 92' lang='lat' dir='ltr'><strong>in</strong></span> <span class='ocrx_word' id='word_1_434' title='bbox 786 3469 935 3504; x_wconf 82' lang='lat' dir='ltr'><strong>dextera</strong></span> <span class='ocrx_word' id='word_1_435' title='bbox 959 3474 1037 3504; x_wconf 85' lang='lat' dir='ltr'><strong>sua.</strong></span> <span class='ocrx_word' id='word_1_436' title='bbox 1055 3467 1128 3504; x_wconf 80' lang='lat' dir='ltr'><strong>lio-</strong></span> 
     </span>
     <span class='ocr_line' id='line_1_57' title="bbox 74 3527 1124 3578; baseline -0.004 -11"><span class='ocrx_word' id='word_1_437' title='bbox 74 3533 168 3567; x_wconf 84' lang='lat' dir='ltr'><strong>stem</strong></span> <span class='ocrx_word' id='word_1_438' title='bbox 185 3535 308 3568; x_wconf 88' lang='lat' dir='ltr'><strong>autem</strong></span> <span class='ocrx_word' id='word_1_439' title='bbox 317 3534 749 3578; x_wconf 84' lang='lat' dir='ltr'><strong>eorumetpersecutores</strong></span> <span class='ocrx_word' id='word_1_440' title='bbox 763 3538 783 3564; x_wconf 89' lang='lat' dir='ltr'><strong>a</strong></span> <span class='ocrx_word' id='word_1_441' title='bbox 799 3527 956 3565; x_wconf 83' lang='lat' dir='ltr'><strong>sinistris</strong></span> <span class='ocrx_word' id='word_1_442' title='bbox 976 3531 1124 3571; x_wconf 82' lang='lat' dir='ltr'><strong>statuet,</strong></span> 
     </span>
     <span class='ocr_line' id='line_1_58' title="bbox 73 3586 1123 3634; baseline -0.006 -6"><span class='ocrx_word' id='word_1_443' title='bbox 73 3595 117 3628; x_wconf 82' lang='lat' dir='ltr'><strong>ut</strong></span> <span class='ocrx_word' id='word_1_444' title='bbox 129 3591 397 3629; x_wconf 82' lang='lat' dir='ltr'><strong>damnationem</strong></span> <span class='ocrx_word' id='word_1_445' title='bbox 415 3596 553 3629; x_wconf 80' lang='lat' dir='ltr'><strong>certam</strong></span> <span class='ocrx_word' id='word_1_446' title='bbox 567 3601 651 3628; x_wconf 89' lang='lat' dir='ltr'><strong>cum</strong></span> <span class='ocrx_word' id='word_1_447' title='bbox 665 3589 807 3628; x_wconf 85' lang='lat' dir='ltr'><strong>diabolo</strong></span> <span class='ocrx_word' id='word_1_448' title='bbox 826 3593 862 3624; x_wconf 89' lang='lat' dir='ltr'><strong>et</strong></span> <span class='ocrx_word' id='word_1_449' title='bbox 879 3587 1015 3634; x_wconf 85' lang='lat' dir='ltr'><strong>angelis</strong></span> <span class='ocrx_word' id='word_1_450' title='bbox 1033 3586 1123 3632; x_wconf 85' lang='lat' dir='ltr'><strong>ejus,</strong></span> 
     </span>
     <span class='ocr_line' id='line_1_59' title="bbox 77 3648 1125 3699; baseline -0.004 -12"><span class='ocrx_word' id='word_1_451' title='bbox 77 3650 115 3687; x_wconf 89' lang='lat' dir='ltr'><strong>in</strong></span> <span class='ocrx_word' id='word_1_452' title='bbox 131 3650 271 3689; x_wconf 66' lang='lat' dir='ltr'><strong>incutio</strong></span> <span class='ocrx_word' id='word_1_453' title='bbox 284 3653 472 3699; x_wconf 82' lang='lat' dir='ltr'><strong>recipiant,</strong></span> <span class='ocrx_word' id='word_1_454' title='bbox 497 3657 534 3688; x_wconf 88' lang='lat' dir='ltr'><strong>et</strong></span> <span class='ocrx_word' id='word_1_455' title='bbox 550 3651 655 3689; x_wconf 87' lang='lat' dir='ltr'><strong>ibunt</strong></span> <span class='ocrx_word' id='word_1_456' title='bbox 668 3651 707 3688; x_wconf 88' lang='lat' dir='ltr'><strong>hi</strong></span> <span class='ocrx_word' id='word_1_457' title='bbox 733 3651 770 3687; x_wconf 89' lang='lat' dir='ltr'><strong>in</strong></span> <span class='ocrx_word' id='word_1_458' title='bbox 786 3648 1002 3696; x_wconf 87' lang='lat' dir='ltr'><strong>supplicium</strong></span> <span class='ocrx_word' id='word_1_459' title='bbox 1018 3652 1125 3684; x_wconf 89' lang='lat' dir='ltr'><strong>aeter—</strong></span> 
     </span>
     <span class='ocr_line' id='line_1_60' title="bbox 77 3708 1126 3756; baseline -0.006 -6"><span class='ocrx_word' id='word_1_460' title='bbox 77 3718 182 3753; x_wconf 80' lang='lat' dir='ltr'><strong>num,-</strong></span> <span class='ocrx_word' id='word_1_461' title='bbox 191 3709 282 3755; x_wconf 68' lang='lat' dir='ltr'><strong>imit</strong></span> <span class='ocrx_word' id='word_1_462' title='bbox 293 3713 471 3750; x_wconf 77' lang='lat' dir='ltr'><strong>autem-in</strong></span> <span class='ocrx_word' id='word_1_463' title='bbox 485 3712 598 3749; x_wconf 84' lang='lat' dir='ltr'><strong>vitam</strong></span> <span class='ocrx_word' id='word_1_464' title='bbox 611 3716 796 3749; x_wconf 78' lang='lat' dir='ltr'><strong>aeternam.</strong></span> <span class='ocrx_word' id='word_1_465' title='bbox 815 3710 916 3746; x_wconf 90' lang='lat' dir='ltr'><strong>Tunc</strong></span> <span class='ocrx_word' id='word_1_466' title='bbox 927 3708 1126 3756; x_wconf 74' lang='lat' dir='ltr'><strong>perfectum</strong></span> 
     </span>
    </p>
   </div>
   <div class='ocr_carea' id='block_1_9' title="bbox 79 3770 1128 3827">
    <p class='ocr_par' dir='ltr' id='par_1_9' title="bbox 79 3770 1162 3827">
     <span class='ocr_line' id='line_1_61' title="bbox 79 3770 1128 3827; baseline 0.006 -23"><span class='ocrx_word' id='word_1_467' title='bbox 79 3770 272 3827; x_wconf 53' lang='lat' dir='ltr'><strong>qritrqnoui</strong></span> <span class='ocrx_word' id='word_1_468' title='bbox 293 3771 529 3821; x_wconf 52' lang='lat' dir='ltr'><strong>tin-pradia&amp;</strong></span> <span class='ocrx_word' id='word_1_469' title='bbox 560 3780 670 3811; x_wconf 66' lang='lat' dir='ltr'><strong>vorsu</strong></span> <span class='ocrx_word' id='word_1_470' title='bbox 701 3770 934 3820; x_wconf 57' lang='lat' dir='ltr'><strong>subsequitur</strong></span> <span class='ocrx_word' id='word_1_471' title='bbox 956 3781 966 3808; x_wconf 71' lang='grc' dir='ltr'>ε</span> <span class='ocrx_word' id='word_1_472' title='bbox 991 3782 1005 3807; x_wconf 76' lang='grc' dir='ltr'>ι</span> <span class='ocrx_word' id='word_1_473' title='bbox 1025 3770 1071 3809; x_wconf 84' lang='lat' dir='ltr'><strong>Et</strong></span> <span class='ocrx_word' id='word_1_474' title='bbox 1088 3770 1128 3810; x_wconf 82' lang='lat' dir='ltr'><strong>iu</strong></span> 
     </span>
    </p>
   </div>
   <div class='ocr_carea' id='block_1_10' title="bbox 873 3913 885 3937">
    <p class='ocr_par' dir='ltr' id='par_1_10' title="bbox 873 3913 885 3937">
     <span class='ocr_line' id='line_1_62' title="bbox 873 3913 885 3937; baseline 0 0"><span class='ocrx_word' id='word_1_475' title='bbox 873 3913 885 3937; x_wconf 88' lang='grc' dir='ltr'><strong><em>Ι</em></strong></span> 
     </span>
    </p>
   </div>
   <div class='ocr_carea' id='block_1_11' title="bbox 1134 2037 1163 2078">
    <p class='ocr_par' dir='ltr' id='par_1_11' title="bbox 1134 2037 1163 2078">
     <span class='ocr_line' id='line_1_63' title="bbox 1134 2037 1163 2078; baseline 0 0"><span class='ocrx_word' id='word_1_476' title='bbox 1134 2037 1163 2078; x_wconf 91' lang='lat' dir='ltr'>C</span> 
     </span>
    </p>
   </div>
   <div class='ocr_carea' id='block_1_12' title="bbox 1173 285 2245 3392">
    <p class='ocr_par' dir='ltr' id='par_1_12' title="bbox 1173 285 2230 635">
     <span class='ocr_line' id='line_1_64' title="bbox 1175 285 2218 339; baseline 0.013 -16"><span class='ocrx_word' id='word_1_477' title='bbox 1175 286 1259 323; x_wconf 12' lang='lat' dir='ltr'><strong>«fitne</strong></span> <span class='ocrx_word' id='word_1_478' title='bbox 1271 285 1832 326; x_wconf 58' lang='lat' dir='ltr'><strong>tidelibussuiszmisuiaordiam</strong></span> <span class='ocrx_word' id='word_1_479' title='bbox 1841 297 2218 339; x_wconf 57' lang='lat' dir='ltr'><strong>[immutor-n.</strong></span> 
     </span>
     <span class='ocr_line' id='line_1_65' title="bbox 1173 345 2222 400; baseline 0.003 -18"><span class='ocrx_word' id='word_1_480' title='bbox 1173 345 1299 382; x_wconf 86' lang='lat' dir='ltr'><strong>Potest</strong></span> <span class='ocrx_word' id='word_1_481' title='bbox 1321 352 1359 382; x_wconf 89' lang='lat' dir='ltr'><strong>et</strong></span> <span class='ocrx_word' id='word_1_482' title='bbox 1379 347 1449 384; x_wconf 83' lang='lat' dir='ltr'><strong>iste</strong></span> <span class='ocrx_word' id='word_1_483' title='bbox 1466 357 1599 385; x_wconf 65' lang='lat' dir='ltr'><strong>vassus</strong></span> <span class='ocrx_word' id='word_1_484' title='bbox 1614 348 1661 385; x_wconf 81' lang='lat' dir='ltr'><strong>ad</strong></span> <span class='ocrx_word' id='word_1_485' title='bbox 1684 346 1893 387; x_wconf 65' lang='lat' dir='ltr'><strong>Judoemum</strong></span> <span class='ocrx_word' id='word_1_486' title='bbox 1910 357 2222 400; x_wconf 59' lang='lat' dir='ltr'><strong>mmmm</strong></span> 
     </span>
     <span class='ocr_line' id='line_1_66' title="bbox 1175 405 2223 464; baseline 0.01 -22"><span class='ocrx_word' id='word_1_487' title='bbox 1175 405 1341 443; x_wconf 75' lang='lat' dir='ltr'><strong>ultimam</strong></span> <span class='ocrx_word' id='word_1_488' title='bbox 1362 407 1512 452; x_wconf 35' lang='lat' dir='ltr'><strong>traferri,</strong></span> <span class='ocrx_word' id='word_1_489' title='bbox 1535 408 1692 455; x_wconf 64' lang='lat' dir='ltr'><strong>quando</strong></span> <span class='ocrx_word' id='word_1_490' title='bbox 1719 409 1922 448; x_wconf 69' lang='lat' dir='ltr'><strong>miserante</strong></span> <span class='ocrx_word' id='word_1_491' title='bbox 1946 413 2025 451; x_wconf 75' lang='lat' dir='ltr'><strong>Deo</strong></span> <span class='ocrx_word' id='word_1_492' title='bbox 2049 422 2223 464; x_wconf 63' lang='lat' dir='ltr'><strong>mum</strong></span> 
     </span>
     <span class='ocr_line' id='line_1_67' title="bbox 1176 470 2223 522; baseline 0 -13"><span class='ocrx_word' id='word_1_493' title='bbox 1176 477 1296 511; x_wconf 77' lang='lat' dir='ltr'><strong>suum,</strong></span> <span class='ocrx_word' id='word_1_494' title='bbox 1315 474 1396 515; x_wconf 77' lang='lat' dir='ltr'><strong>pest</strong></span> <span class='ocrx_word' id='word_1_495' title='bbox 1411 470 1681 514; x_wconf 42' lang='lat' dir='ltr'><strong>,plenitudinem</strong></span> <span class='ocrx_word' id='word_1_496' title='bbox 1709 471 1875 516; x_wconf 67' lang='lat' dir='ltr'><strong>gentium</strong></span> <span class='ocrx_word' id='word_1_497' title='bbox 1899 473 2164 516; x_wconf 60' lang='lat' dir='ltr'><strong>subintrantem</strong></span> <span class='ocrx_word' id='word_1_498' title='bbox 2181 483 2223 522; x_wconf 56' lang='lat'><strong>„1</strong></span> 
     </span>
     <span class='ocr_line' id='line_1_68' title="bbox 1175 529 2230 578; baseline 0.009 -13"><span class='ocrx_word' id='word_1_499' title='bbox 1175 529 1300 573; x_wconf 69' lang='lat' dir='ltr'><strong>fidant,</strong></span> <span class='ocrx_word' id='word_1_500' title='bbox 1317 531 1437 567; x_wconf 86' lang='lat' dir='ltr'><strong>omnis</strong></span> <span class='ocrx_word' id='word_1_501' title='bbox 1449 531 1650 578; x_wconf 56' lang='lat' dir='ltr'><strong>deturpet</strong></span> <span class='ocrx_word' id='word_1_502' title='bbox 1666 533 1824 577; x_wconf 82' lang='lat' dir='ltr'><strong>gratiam</strong></span> <span class='ocrx_word' id='word_1_503' title='bbox 1839 532 1996 572; x_wconf 72' lang='lat' dir='ltr'><strong>divinam</strong></span> <span class='ocrx_word' id='word_1_504' title='bbox 2010 537 2230 578; x_wconf 71' lang='lat' dir='ltr'><strong>ati-eamdem</strong></span> 
     </span>
     <span class='ocr_line' id='line_1_69' title="bbox 1177 589 1753 635; baseline 0.009 -10"><span class='ocrx_word' id='word_1_505' title='bbox 1177 589 1286 626; x_wconf 77' lang='lat' dir='ltr'><strong>fidem</strong></span> <span class='ocrx_word' id='word_1_506' title='bbox 1306 599 1516 635; x_wconf 77' lang='lat' dir='ltr'><strong>conversus,</strong></span> <span class='ocrx_word' id='word_1_507' title='bbox 1533 590 1658 628; x_wconf 83' lang='lat' dir='ltr'><strong>salvus</strong></span> <span class='ocrx_word' id='word_1_508' title='bbox 1678 590 1753 630; x_wconf 81' lang='lat' dir='ltr'><strong>liet.</strong></span> 
     </span>
    </p>

    <p class='ocr_par' dir='ltr' id='par_1_13' title="bbox 1178 653 2244 2601">
     <span class='ocr_line' id='line_1_70' title="bbox 1231 653 2233 706; baseline 0.006 -17"><span class='ocrx_word' id='word_1_509' title='bbox 1231 665 1244 686; x_wconf 87' lang='lat'>‹</span> <span class='ocrx_word' id='word_1_510' title='bbox 1267 653 1411 690; x_wconf 75' lang='lat' dir='ltr'><strong>Videbit</strong></span> <span class='ocrx_word' id='word_1_511' title='bbox 1426 653 1521 699; x_wconf 84' lang='lat' dir='ltr'><strong>qued</strong></span> <span class='ocrx_word' id='word_1_512' title='bbox 1534 654 1717 691; x_wconf 83' lang='lat' dir='ltr'><strong>infirmata</strong></span> <span class='ocrx_word' id='word_1_513' title='bbox 1732 656 1782 692; x_wconf 82' lang='lat' dir='ltr'><strong>sit</strong></span> <span class='ocrx_word' id='word_1_514' title='bbox 1798 666 1942 702; x_wconf 87' lang='lat' dir='ltr'><strong>manus,</strong></span> <span class='ocrx_word' id='word_1_515' title='bbox 1957 662 1994 694; x_wconf 87' lang='lat' dir='ltr'><strong>et</strong></span> <span class='ocrx_word' id='word_1_516' title='bbox 2014 657 2126 695; x_wconf 84' lang='lat' dir='ltr'><strong>clausi</strong></span> <span class='ocrx_word' id='word_1_517' title='bbox 2145 669 2233 706; x_wconf 86' lang='lat' dir='ltr'><strong>quo-</strong></span> 
     </span>
     <span class='ocr_line' id='line_1_71' title="bbox 1184 713 2234 765; baseline 0.008 -17"><span class='ocrx_word' id='word_1_518' title='bbox 1184 725 1196 748; x_wconf 82' lang='lat'><strong>«</strong></span> <span class='ocrx_word' id='word_1_519' title='bbox 1220 724 1290 760; x_wconf 84' lang='lat' dir='ltr'><strong>que</strong></span> <span class='ocrx_word' id='word_1_520' title='bbox 1326 713 1535 750; x_wconf 74' lang='lat' dir='ltr'><strong>defecerunt</strong></span> <span class='ocrx_word' id='word_1_521' title='bbox 1563 727 1571 751; x_wconf 75' lang='grc' dir='ltr'><strong><em>ε</em></strong></span> <span class='ocrx_word' id='word_1_522' title='bbox 1599 716 1806 763; x_wconf 87' lang='lat' dir='ltr'><strong>residuique</strong></span> <span class='ocrx_word' id='word_1_523' title='bbox 1833 719 2038 765; x_wconf 79' lang='lat' dir='ltr'><strong>consumpti</strong></span> <span class='ocrx_word' id='word_1_524' title='bbox 2072 725 2167 755; x_wconf 69' lang='lat' dir='ltr'><strong>siunt.</strong></span> <span class='ocrx_word' id='word_1_525' title='bbox 2188 720 2234 757; x_wconf 83' lang='lat' dir='ltr'><strong>Et</strong></span> 
     </span>
     <span class='ocr_line' id='line_1_72' title="bbox 1178 776 2232 827; baseline 0.006 -16"><span class='ocrx_word' id='word_1_526' title='bbox 1178 788 1197 810; x_wconf 68' lang='lat'><strong>⁴</strong></span> <span class='ocrx_word' id='word_1_527' title='bbox 1221 777 1318 812; x_wconf 85' lang='lat' dir='ltr'><strong>dicet</strong></span> <span class='ocrx_word' id='word_1_528' title='bbox 1344 788 1353 813; x_wconf 90' lang='lat'><strong>:</strong></span> <span class='ocrx_word' id='word_1_529' title='bbox 1383 776 1452 813; x_wconf 88' lang='lat' dir='ltr'><strong>Ubi</strong></span> <span class='ocrx_word' id='word_1_530' title='bbox 1486 785 1570 814; x_wconf 87' lang='lat' dir='ltr'><strong>sunt</strong></span> <span class='ocrx_word' id='word_1_531' title='bbox 1592 779 1642 815; x_wconf 91' lang='lat' dir='ltr'><strong>dii</strong></span> <span class='ocrx_word' id='word_1_532' title='bbox 1658 789 1799 823; x_wconf 89' lang='lat' dir='ltr'><strong>eorum,</strong></span> <span class='ocrx_word' id='word_1_533' title='bbox 1826 780 1862 816; x_wconf 87' lang='lat' dir='ltr'><strong>in</strong></span> <span class='ocrx_word' id='word_1_534' title='bbox 1894 780 2025 827; x_wconf 85' lang='lat' dir='ltr'><strong>quibus</strong></span> <span class='ocrx_word' id='word_1_535' title='bbox 2049 781 2232 818; x_wconf 80' lang='lat' dir='ltr'><strong>habebant</strong></span> 
     </span>
     <span class='ocr_line' id='line_1_73' title="bbox 1179 837 2232 888; baseline 0.007 -16"><span class='ocrx_word' id='word_1_536' title='bbox 1179 849 1196 871; x_wconf 70' lang='lat' dir='ltr'><strong>r‹</strong></span> <span class='ocrx_word' id='word_1_537' title='bbox 1221 837 1413 874; x_wconf 85' lang='lat' dir='ltr'><strong>fiduciam?</strong></span> <span class='ocrx_word' id='word_1_538' title='bbox 1434 838 1648 885; x_wconf 81' lang='lat' dir='ltr'><strong>Exquorum</strong></span> <span class='ocrx_word' id='word_1_539' title='bbox 1662 840 1819 878; x_wconf 87' lang='lat' dir='ltr'><strong>victimis</strong></span> <span class='ocrx_word' id='word_1_540' title='bbox 1834 842 2071 878; x_wconf 89' lang='lat' dir='ltr'><strong>comedebant</strong></span> <span class='ocrx_word' id='word_1_541' title='bbox 2092 842 2232 888; x_wconf 86' lang='lat' dir='ltr'><strong>adipes,</strong></span> 
     </span>
     <span class='ocr_line' id='line_1_74' title="bbox 1178 899 2234 949; baseline 0.005 -16"><span class='ocrx_word' id='word_1_542' title='bbox 1178 911 1198 933; x_wconf 64' lang='lat' dir='ltr'><strong>a</strong></span> <span class='ocrx_word' id='word_1_543' title='bbox 1218 904 1257 935; x_wconf 87' lang='lat' dir='ltr'><strong>et</strong></span> <span class='ocrx_word' id='word_1_544' title='bbox 1274 899 1445 936; x_wconf 82' lang='lat' dir='ltr'><strong>bibebant</strong></span> <span class='ocrx_word' id='word_1_545' title='bbox 1476 901 1600 937; x_wconf 89' lang='lat' dir='ltr'><strong>vinum</strong></span> <span class='ocrx_word' id='word_1_546' title='bbox 1626 901 1850 938; x_wconf 82' lang='lat' dir='ltr'><strong>libaminum.</strong></span> <span class='ocrx_word' id='word_1_547' title='bbox 1873 903 2033 949; x_wconf 86' lang='lat' dir='ltr'><strong>Surgant</strong></span> <span class='ocrx_word' id='word_1_548' title='bbox 2050 909 2088 940; x_wconf 88' lang='lat' dir='ltr'><strong>et</strong></span> <span class='ocrx_word' id='word_1_549' title='bbox 2114 902 2234 949; x_wconf 88' lang='lat' dir='ltr'><strong>opitu-</strong></span> 
     </span>
     <span class='ocr_line' id='line_1_75' title="bbox 1180 961 2231 1011; baseline 0.003 -15"><span class='ocrx_word' id='word_1_550' title='bbox 1180 972 1198 994; x_wconf 86' lang='lat'>‹</span> <span class='ocrx_word' id='word_1_551' title='bbox 1219 961 1344 997; x_wconf 80' lang='lat' dir='ltr'><strong>lentur</strong></span> <span class='ocrx_word' id='word_1_552' title='bbox 1368 961 1482 1005; x_wconf 87' lang='lat' dir='ltr'><strong>vobis,</strong></span> <span class='ocrx_word' id='word_1_553' title='bbox 1502 969 1539 998; x_wconf 89' lang='lat' dir='ltr'><strong>et</strong></span> <span class='ocrx_word' id='word_1_554' title='bbox 1563 963 1599 998; x_wconf 94' lang='lat' dir='ltr'><strong>in</strong></span> <span class='ocrx_word' id='word_1_555' title='bbox 1617 964 1894 1000; x_wconf 80' lang='lat' dir='ltr'><strong>necessitatibus</strong></span> <span class='ocrx_word' id='word_1_556' title='bbox 1909 973 1974 1001; x_wconf 90' lang='lat' dir='ltr'><strong>vos</strong></span> <span class='ocrx_word' id='word_1_557' title='bbox 1993 969 2196 1011; x_wconf 71' lang='lat' dir='ltr'><strong>protegant.</strong></span> <span class='ocrx_word' id='word_1_558' title='bbox 2220 977 2231 998; x_wconf 72' lang='lat' dir='ltr'><strong>i</strong></span> 
     </span>
     <span class='ocr_line' id='line_1_76' title="bbox 1181 1020 2238 1069; baseline 0.005 -13"><span class='ocrx_word' id='word_1_559' title='bbox 1181 1020 1340 1064; x_wconf 82' lang='lat' dir='ltr'><strong>Videbit,</strong></span> <span class='ocrx_word' id='word_1_560' title='bbox 1358 1022 1489 1067; x_wconf 89' lang='lat' dir='ltr'><strong>inquit,</strong></span> <span class='ocrx_word' id='word_1_561' title='bbox 1513 1023 1608 1068; x_wconf 90' lang='lat' dir='ltr'><strong>quod</strong></span> <span class='ocrx_word' id='word_1_562' title='bbox 1630 1023 1813 1060; x_wconf 83' lang='lat' dir='ltr'><strong>infirmata</strong></span> <span class='ocrx_word' id='word_1_563' title='bbox 1834 1025 1881 1060; x_wconf 87' lang='lat' dir='ltr'><strong>sit</strong></span> <span class='ocrx_word' id='word_1_564' title='bbox 1913 1035 2054 1069; x_wconf 87' lang='lat' dir='ltr'><strong>manus,</strong></span> <span class='ocrx_word' id='word_1_565' title='bbox 2079 1034 2162 1061; x_wconf 91' lang='lat' dir='ltr'><strong>cum</strong></span> <span class='ocrx_word' id='word_1_566' title='bbox 2182 1023 2238 1060; x_wconf 85' lang='lat' dir='ltr'><strong>vi-</strong></span> 
     </span>
     <span class='ocr_line' id='line_1_77' title="bbox 1178 1080 2236 1130; baseline 0.002 -13"><span class='ocrx_word' id='word_1_567' title='bbox 1178 1080 1408 1117; x_wconf 78' lang='lat' dir='ltr'><strong>derifecerit</strong></span> <span class='ocrx_word' id='word_1_568' title='bbox 1441 1083 1541 1128; x_wconf 82' lang='lat' dir='ltr'><strong>quod</strong></span> <span class='ocrx_word' id='word_1_569' title='bbox 1563 1092 1674 1127; x_wconf 89' lang='lat' dir='ltr'><strong>opera</strong></span> <span class='ocrx_word' id='word_1_570' title='bbox 1698 1084 1891 1127; x_wconf 79' lang='lat' dir='ltr'><strong>malorum,</strong></span> <span class='ocrx_word' id='word_1_571' title='bbox 1917 1094 1997 1130; x_wconf 81' lang='lat' dir='ltr'><strong>quae</strong></span> <span class='ocrx_word' id='word_1_572' title='bbox 2016 1085 2180 1120; x_wconf 84' lang='lat' dir='ltr'><strong>fecerunt</strong></span> <span class='ocrx_word' id='word_1_573' title='bbox 2198 1084 2236 1119; x_wconf 91' lang='lat' dir='ltr'><strong>in</strong></span> 
     </span>
     <span class='ocr_line' id='line_1_78' title="bbox 1181 1144 2238 1192; baseline 0 -11"><span class='ocrx_word' id='word_1_574' title='bbox 1181 1144 1386 1181; x_wconf 87' lang='lat' dir='ltr'><strong>idololatria</strong></span> <span class='ocrx_word' id='word_1_575' title='bbox 1426 1145 1483 1180; x_wconf 90' lang='lat' dir='ltr'><strong>vel</strong></span> <span class='ocrx_word' id='word_1_576' title='bbox 1511 1146 1653 1181; x_wconf 71' lang='lat' dir='ltr'><strong>cacteris</strong></span> <span class='ocrx_word' id='word_1_577' title='bbox 1689 1146 2055 1192; x_wconf 82' lang='lat' dir='ltr'><strong>transgressionibus,</strong></span> <span class='ocrx_word' id='word_1_578' title='bbox 2096 1144 2238 1181; x_wconf 76' lang='lat' dir='ltr'><strong>infirma</strong></span> 
     </span>
     <span class='ocr_line' id='line_1_79' title="bbox 1179 1207 2238 1253; baseline -0.001 -10"><span class='ocrx_word' id='word_1_579' title='bbox 1179 1207 1328 1250; x_wconf 81' lang='lat' dir='ltr'><strong>suerint,</strong></span> <span class='ocrx_word' id='word_1_580' title='bbox 1345 1208 1489 1253; x_wconf 87' lang='lat' dir='ltr'><strong>quando</strong></span> <span class='ocrx_word' id='word_1_581' title='bbox 1506 1209 1552 1244; x_wconf 88' lang='lat' dir='ltr'><strong>ad</strong></span> <span class='ocrx_word' id='word_1_582' title='bbox 1565 1207 1718 1243; x_wconf 88' lang='lat' dir='ltr'><strong>nihilum</strong></span> <span class='ocrx_word' id='word_1_583' title='bbox 1738 1209 1897 1252; x_wconf 83' lang='lat' dir='ltr'><strong>redacta,</strong></span> <span class='ocrx_word' id='word_1_584' title='bbox 1921 1207 2010 1244; x_wconf 90' lang='lat' dir='ltr'><strong>nihil</strong></span> <span class='ocrx_word' id='word_1_585' title='bbox 2026 1207 2093 1251; x_wconf 88' lang='lat' dir='ltr'><strong>cis,</strong></span> <span class='ocrx_word' id='word_1_586' title='bbox 2118 1207 2179 1253; x_wconf 83' lang='lat' dir='ltr'><strong>qui</strong></span> <span class='ocrx_word' id='word_1_587' title='bbox 2197 1217 2238 1243; x_wconf 87' lang='lat' dir='ltr'><strong>ea</strong></span> 
     </span>
     <span class='ocr_line' id='line_1_80' title="bbox 1180 1269 2236 1316; baseline -0.001 -11"><span class='ocrx_word' id='word_1_588' title='bbox 1180 1269 1355 1312; x_wconf 83' lang='lat' dir='ltr'><strong>fecerant,</strong></span> <span class='ocrx_word' id='word_1_589' title='bbox 1386 1269 1602 1315; x_wconf 83' lang='lat' dir='ltr'><strong>profuerint.</strong></span> <span class='ocrx_word' id='word_1_590' title='bbox 1629 1271 1672 1306; x_wconf 90' lang='lat' dir='ltr'><strong>Et</strong></span> <span class='ocrx_word' id='word_1_591' title='bbox 1703 1270 1815 1306; x_wconf 85' lang='lat' dir='ltr'><strong>clausi</strong></span> <span class='ocrx_word' id='word_1_592' title='bbox 1837 1280 1979 1316; x_wconf 87' lang='lat' dir='ltr'><strong>quoque</strong></span> <span class='ocrx_word' id='word_1_593' title='bbox 2016 1270 2236 1306; x_wconf 79' lang='lat' dir='ltr'><strong>defecerunt.</strong></span> 
     </span>
     <span class='ocr_line' id='line_1_81' title="bbox 1181 1329 2239 1378; baseline 0 -13"><span class='ocrx_word' id='word_1_594' title='bbox 1181 1329 1258 1366; x_wconf 86' lang='lat' dir='ltr'><strong>Hoc</strong></span> <span class='ocrx_word' id='word_1_595' title='bbox 1273 1335 1340 1372; x_wconf 87' lang='lat' dir='ltr'><strong>cst,</strong></span> <span class='ocrx_word' id='word_1_596' title='bbox 1360 1330 1435 1366; x_wconf 90' lang='lat' dir='ltr'><strong>sive</strong></span> <span class='ocrx_word' id='word_1_597' title='bbox 1454 1329 1568 1366; x_wconf 78' lang='lat' dir='ltr'><strong>Judaei</strong></span> <span class='ocrx_word' id='word_1_598' title='bbox 1587 1331 1632 1366; x_wconf 89' lang='lat' dir='ltr'><strong>ad</strong></span> <span class='ocrx_word' id='word_1_599' title='bbox 1661 1332 1906 1378; x_wconf 87' lang='lat' dir='ltr'><strong>captivitatem</strong></span> <span class='ocrx_word' id='word_1_600' title='bbox 1930 1331 1974 1366; x_wconf 88' lang='lat' dir='ltr'><strong>ab</strong></span> <span class='ocrx_word' id='word_1_601' title='bbox 1996 1331 2155 1366; x_wconf 90' lang='lat' dir='ltr'><strong>inimicis</strong></span> <span class='ocrx_word' id='word_1_602' title='bbox 2176 1331 2239 1366; x_wconf 89' lang='lat' dir='ltr'><strong>du-</strong></span> 
     </span>
     <span class='ocr_line' id='line_1_82' title="bbox 1181 1390 2239 1438; baseline 0.002 -12"><span class='ocrx_word' id='word_1_603' title='bbox 1181 1391 1246 1433; x_wconf 85' lang='lat' dir='ltr'><strong>cti,</strong></span> <span class='ocrx_word' id='word_1_604' title='bbox 1274 1391 1407 1427; x_wconf 84' lang='lat' dir='ltr'><strong>ibidem</strong></span> <span class='ocrx_word' id='word_1_605' title='bbox 1421 1392 1622 1438; x_wconf 87' lang='lat' dir='ltr'><strong>consumpti</strong></span> <span class='ocrx_word' id='word_1_606' title='bbox 1643 1398 1738 1436; x_wconf 89' lang='lat' dir='ltr'><strong>sunt,</strong></span> <span class='ocrx_word' id='word_1_607' title='bbox 1763 1393 1818 1429; x_wconf 91' lang='lat' dir='ltr'><strong>vel</strong></span> <span class='ocrx_word' id='word_1_608' title='bbox 1841 1401 1966 1429; x_wconf 88' lang='lat' dir='ltr'><strong>omnes</strong></span> <span class='ocrx_word' id='word_1_609' title='bbox 1990 1390 2091 1438; x_wconf 88' lang='lat' dir='ltr'><strong>impii</strong></span> <span class='ocrx_word' id='word_1_610' title='bbox 2115 1391 2151 1427; x_wconf 92' lang='lat' dir='ltr'><strong>in</strong></span> <span class='ocrx_word' id='word_1_611' title='bbox 2175 1401 2239 1437; x_wconf 85' lang='lat' dir='ltr'><strong>po-</strong></span> 
     </span>
     <span class='ocr_line' id='line_1_83' title="bbox 1181 1453 2235 1502; baseline -0.002 -12"><span class='ocrx_word' id='word_1_612' title='bbox 1181 1459 1349 1491; x_wconf 86' lang='lat' dir='ltr'><strong>testatem</strong></span> <span class='ocrx_word' id='word_1_613' title='bbox 1368 1455 1573 1492; x_wconf 82' lang='lat' dir='ltr'><strong>daemonum</strong></span> <span class='ocrx_word' id='word_1_614' title='bbox 1600 1455 1739 1500; x_wconf 84' lang='lat' dir='ltr'><strong>traditi,</strong></span> <span class='ocrx_word' id='word_1_615' title='bbox 1768 1456 1862 1491; x_wconf 89' lang='lat' dir='ltr'><strong>ultra</strong></span> <span class='ocrx_word' id='word_1_616' title='bbox 1882 1466 1954 1492; x_wconf 91' lang='lat' dir='ltr'><strong>non</strong></span> <span class='ocrx_word' id='word_1_617' title='bbox 1975 1453 2235 1502; x_wconf 60' lang='lat' dir='ltr'><strong>praevalebunt.</strong></span> 
     </span>
     <span class='ocr_line' id='line_1_84' title="bbox 1182 1516 2238 1564; baseline -0.001 -13"><span class='ocrx_word' id='word_1_618' title='bbox 1182 1516 1404 1562; x_wconf 86' lang='lat' dir='ltr'><strong>Residuique</strong></span> <span class='ocrx_word' id='word_1_619' title='bbox 1422 1518 1626 1564; x_wconf 89' lang='lat' dir='ltr'><strong>consumpti</strong></span> <span class='ocrx_word' id='word_1_620' title='bbox 1643 1523 1737 1560; x_wconf 84' lang='lat' dir='ltr'><strong>sunt,</strong></span> <span class='ocrx_word' id='word_1_621' title='bbox 1763 1518 1847 1564; x_wconf 86' lang='lat' dir='ltr'><strong>quia</strong></span> <span class='ocrx_word' id='word_1_622' title='bbox 1869 1518 1992 1554; x_wconf 88' lang='lat' dir='ltr'><strong>abbae</strong></span> <span class='ocrx_word' id='word_1_623' title='bbox 2011 1517 2084 1552; x_wconf 86' lang='lat' dir='ltr'><strong>vita</strong></span> <span class='ocrx_word' id='word_1_624' title='bbox 2106 1525 2238 1552; x_wconf 80' lang='lat' dir='ltr'><strong>exeun-</strong></span> 
     </span>
     <span class='ocr_line' id='line_1_85' title="bbox 1182 1574 2238 1624; baseline -0.004 -10"><span class='ocrx_word' id='word_1_625' title='bbox 1182 1584 1250 1621; x_wconf 88' lang='lat' dir='ltr'><strong>tes,</strong></span> <span class='ocrx_word' id='word_1_626' title='bbox 1276 1588 1347 1614; x_wconf 92' lang='lat' dir='ltr'><strong>non</strong></span> <span class='ocrx_word' id='word_1_627' title='bbox 1379 1578 1564 1615; x_wconf 87' lang='lat' dir='ltr'><strong>habebunt</strong></span> <span class='ocrx_word' id='word_1_628' title='bbox 1592 1578 1745 1615; x_wconf 83' lang='lat' dir='ltr'><strong>ulterius</strong></span> <span class='ocrx_word' id='word_1_629' title='bbox 1762 1583 1981 1624; x_wconf 87' lang='lat' dir='ltr'><strong>potestatem</strong></span> <span class='ocrx_word' id='word_1_630' title='bbox 1997 1582 2104 1622; x_wconf 87' lang='lat' dir='ltr'><strong>atquc</strong></span> <span class='ocrx_word' id='word_1_631' title='bbox 2125 1574 2238 1611; x_wconf 82' lang='lat' dir='ltr'><strong>&#39;sacul-</strong></span> 
     </span>
     <span class='ocr_line' id='line_1_86' title="bbox 1182 1633 2241 1684; baseline -0.005 -11"><span class='ocrx_word' id='word_1_632' title='bbox 1182 1643 1292 1675; x_wconf 85' lang='lat' dir='ltr'><strong>tatem</strong></span> <span class='ocrx_word' id='word_1_633' title='bbox 1315 1638 1450 1684; x_wconf 85' lang='lat' dir='ltr'><strong>aliquid</strong></span> <span class='ocrx_word' id='word_1_634' title='bbox 1482 1638 1651 1674; x_wconf 82' lang='lat' dir='ltr'><strong>faciendi.</strong></span> <span class='ocrx_word' id='word_1_635' title='bbox 1678 1637 1815 1674; x_wconf 84' lang='lat' dir='ltr'><strong>idcirco</strong></span> <span class='ocrx_word' id='word_1_636' title='bbox 1849 1637 1886 1673; x_wconf 90' lang='lat' dir='ltr'><strong>in</strong></span> <span class='ocrx_word' id='word_1_637' title='bbox 1921 1635 2138 1672; x_wconf 85' lang='lat' dir='ltr'><strong>Ecclesiaste</strong></span> <span class='ocrx_word' id='word_1_638' title='bbox 2157 1633 2241 1670; x_wconf 85' lang='lat' dir='ltr'><strong>scri-</strong></span> 
     </span>
     <span class='ocr_line' id='line_1_87' title="bbox 1181 1693 2237 1745; baseline -0.005 -11"><span class='ocrx_word' id='word_1_639' title='bbox 1181 1703 1282 1745; x_wconf 85' lang='lat' dir='ltr'><strong>ptum</strong></span> <span class='ocrx_word' id='word_1_640' title='bbox 1300 1704 1354 1735; x_wconf 81' lang='lat' dir='ltr'><strong>est</strong></span> <span class='ocrx_word' id='word_1_641' title='bbox 1375 1711 1383 1734; x_wconf 76' lang='lat' dir='ltr'><strong>t</strong></span> <span class='ocrx_word' id='word_1_642' title='bbox 1408 1710 1420 1732; x_wconf 70' lang='grc' dir='ltr'>ι</span> <span class='ocrx_word' id='word_1_643' title='bbox 1446 1698 1692 1744; x_wconf 83' lang='lat' dir='ltr'><strong>Quodcunque</strong></span> <span class='ocrx_word' id='word_1_644' title='bbox 1708 1703 1828 1744; x_wconf 87' lang='lat' dir='ltr'><strong>potest</strong></span> <span class='ocrx_word' id='word_1_645' title='bbox 1857 1706 1987 1732; x_wconf 80' lang='lat' dir='ltr'><strong>manus</strong></span> <span class='ocrx_word' id='word_1_646' title='bbox 2009 1701 2071 1731; x_wconf 87' lang='lat' dir='ltr'><strong>tua</strong></span> <span class='ocrx_word' id='word_1_647' title='bbox 2106 1693 2237 1736; x_wconf 80' lang='lat' dir='ltr'><strong>facere,</strong></span> 
     </span>
     <span class='ocr_line' id='line_1_88' title="bbox 1182 1757 2242 1808; baseline -0.007 -10"><span class='ocrx_word' id='word_1_648' title='bbox 1182 1762 1362 1798; x_wconf 85' lang='lat' dir='ltr'><strong>instanter</strong></span> <span class='ocrx_word' id='word_1_649' title='bbox 1373 1771 1539 1808; x_wconf 88' lang='lat' dir='ltr'><strong>operare,</strong></span> <span class='ocrx_word' id='word_1_650' title='bbox 1562 1760 1647 1806; x_wconf 87' lang='lat' dir='ltr'><strong>quia</strong></span> <span class='ocrx_word' id='word_1_651' title='bbox 1671 1770 1739 1796; x_wconf 91' lang='lat' dir='ltr'><strong>ncc</strong></span> <span class='ocrx_word' id='word_1_652' title='bbox 1759 1769 1861 1806; x_wconf 87' lang='lat' dir='ltr'><strong>opus,</strong></span> <span class='ocrx_word' id='word_1_653' title='bbox 1879 1767 1944 1794; x_wconf 83' lang='lat' dir='ltr'><strong>nec</strong></span> <span class='ocrx_word' id='word_1_654' title='bbox 1962 1757 2069 1801; x_wconf 86' lang='lat' dir='ltr'><strong>ratio,</strong></span> <span class='ocrx_word' id='word_1_655' title='bbox 2093 1766 2160 1793; x_wconf 84' lang='lat' dir='ltr'><strong>nec</strong></span> <span class='ocrx_word' id='word_1_656' title='bbox 2184 1766 2242 1792; x_wconf 88' lang='lat' dir='ltr'><strong>sa-</strong></span> 
     </span>
     <span class='ocr_line' id='line_1_89' title="bbox 1183 1818 2242 1868; baseline -0.008 -10"><span class='ocrx_word' id='word_1_657' title='bbox 1183 1822 1333 1868; x_wconf 85' lang='lat' dir='ltr'><strong>pientia,</strong></span> <span class='ocrx_word' id='word_1_658' title='bbox 1355 1832 1421 1858; x_wconf 87' lang='lat' dir='ltr'><strong>nce</strong></span> <span class='ocrx_word' id='word_1_659' title='bbox 1454 1822 1623 1865; x_wconf 87' lang='lat' dir='ltr'><strong>scicntia,</strong></span> <span class='ocrx_word' id='word_1_660' title='bbox 1660 1826 1767 1857; x_wconf 89' lang='lat' dir='ltr'><strong>erunt</strong></span> <span class='ocrx_word' id='word_1_661' title='bbox 1801 1820 1894 1865; x_wconf 85' lang='lat' dir='ltr'><strong>apud</strong></span> <span class='ocrx_word' id='word_1_662' title='bbox 1920 1818 2067 1861; x_wconf 82' lang='lat' dir='ltr'><strong>inferos,</strong></span> <span class='ocrx_word' id='word_1_663' title='bbox 2097 1827 2168 1863; x_wconf 86' lang='lat' dir='ltr'><strong>quo</strong></span> <span class='ocrx_word' id='word_1_664' title='bbox 2202 1821 2242 1852; x_wconf 89' lang='lat' dir='ltr'><strong>tu</strong></span> 
     </span>
     <span class='ocr_line' id='line_1_90' title="bbox 1182 1876 2239 1928; baseline -0.007 -11"><span class='ocrx_word' id='word_1_665' title='bbox 1182 1883 1355 1928; x_wconf 77' lang='lat' dir='ltr'><strong>properas</strong></span> <span class='ocrx_word' id='word_1_666' title='bbox 1388 1880 1537 1928; x_wconf 84' lang='lat' dir='ltr'><strong>(Eccles.</strong></span> <span class='ocrx_word' id='word_1_667' title='bbox 1569 1880 1634 1927; x_wconf 83' lang='lat' dir='ltr'><strong>ix).</strong></span> <span class='ocrx_word' id='word_1_668' title='bbox 1665 1893 1678 1915; x_wconf 87' lang='lat'>›</span> <span class='ocrx_word' id='word_1_669' title='bbox 1709 1880 1811 1924; x_wconf 85' lang='lat' dir='ltr'><strong>Quod</strong></span> <span class='ocrx_word' id='word_1_670' title='bbox 1849 1885 1968 1915; x_wconf 87' lang='lat' dir='ltr'><strong>autem</strong></span> <span class='ocrx_word' id='word_1_671' title='bbox 2000 1876 2239 1923; x_wconf 82' lang='lat' dir='ltr'><strong>subjungitur,</strong></span> 
     </span>
     <span class='ocr_line' id='line_1_91' title="bbox 1189 1938 2235 1988; baseline -0.005 -11"><span class='ocrx_word' id='word_1_672' title='bbox 1189 1955 1201 1977; x_wconf 81' lang='grc' dir='ltr'>ι</span> <span class='ocrx_word' id='word_1_673' title='bbox 1225 1943 1286 1979; x_wconf 87' lang='lat' dir='ltr'><strong>ubi</strong></span> <span class='ocrx_word' id='word_1_674' title='bbox 1299 1948 1383 1979; x_wconf 88' lang='lat' dir='ltr'><strong>sunt</strong></span> <span class='ocrx_word' id='word_1_675' title='bbox 1399 1943 1447 1979; x_wconf 88' lang='lat' dir='ltr'><strong>dii</strong></span> <span class='ocrx_word' id='word_1_676' title='bbox 1468 1953 1592 1979; x_wconf 89' lang='lat' dir='ltr'><strong>eorum</strong></span> <span class='ocrx_word' id='word_1_677' title='bbox 1609 1942 1646 1979; x_wconf 90' lang='lat' dir='ltr'><strong>in</strong></span> <span class='ocrx_word' id='word_1_678' title='bbox 1663 1942 1793 1988; x_wconf 78' lang='lat' dir='ltr'><strong>quibus</strong></span> <span class='ocrx_word' id='word_1_679' title='bbox 1815 1941 1994 1977; x_wconf 87' lang='lat' dir='ltr'><strong>habebant</strong></span> <span class='ocrx_word' id='word_1_680' title='bbox 2024 1938 2204 1979; x_wconf 84' lang='lat' dir='ltr'><strong>fiduciam,</strong></span> <span class='ocrx_word' id='word_1_681' title='bbox 2223 1950 2235 1971; x_wconf 83' lang='lat'><strong>›</strong></span> 
     </span>
     <span class='ocr_line' id='line_1_92' title="bbox 1185 1996 2239 2050; baseline -0.008 -10"><span class='ocrx_word' id='word_1_682' title='bbox 1185 2004 1387 2050; x_wconf 85' lang='lat' dir='ltr'><strong>etreliqua,</strong></span> <span class='ocrx_word' id='word_1_683' title='bbox 1411 2003 1604 2050; x_wconf 82' lang='lat' dir='ltr'><strong>significat,</strong></span> <span class='ocrx_word' id='word_1_684' title='bbox 1635 2003 1730 2049; x_wconf 88' lang='lat' dir='ltr'><strong>quod</strong></span> <span class='ocrx_word' id='word_1_685' title='bbox 1748 2001 1944 2038; x_wconf 80' lang='lat' dir='ltr'><strong>idololatrae</strong></span> <span class='ocrx_word' id='word_1_686' title='bbox 1966 1999 2103 2036; x_wconf 87' lang='lat' dir='ltr'><strong>nullum</strong></span> <span class='ocrx_word' id='word_1_687' title='bbox 2137 1996 2239 2042; x_wconf 85' lang='lat' dir='ltr'><strong>adju-</strong></span> 
     </span>
     <span class='ocr_line' id='line_1_93' title="bbox 1186 2057 2241 2103; baseline -0.01 -1"><span class='ocrx_word' id='word_1_688' title='bbox 1186 2066 1320 2102; x_wconf 90' lang='lat' dir='ltr'><strong>torium</strong></span> <span class='ocrx_word' id='word_1_689' title='bbox 1339 2066 1377 2101; x_wconf 89' lang='lat' dir='ltr'><strong>in</strong></span> <span class='ocrx_word' id='word_1_690' title='bbox 1395 2066 1452 2101; x_wconf 89' lang='lat' dir='ltr'><strong>die</strong></span> <span class='ocrx_word' id='word_1_691' title='bbox 1468 2063 1696 2101; x_wconf 86' lang='lat' dir='ltr'><strong>necessitatis</strong></span> <span class='ocrx_word' id='word_1_692' title='bbox 1715 2063 1872 2099; x_wconf 82' lang='lat' dir='ltr'><strong>habeant</strong></span> <span class='ocrx_word' id='word_1_693' title='bbox 1897 2061 1942 2097; x_wconf 86' lang='lat' dir='ltr'><strong>ab</strong></span> <span class='ocrx_word' id='word_1_694' title='bbox 1966 2059 2072 2096; x_wconf 88' lang='lat' dir='ltr'><strong>idolis</strong></span> <span class='ocrx_word' id='word_1_695' title='bbox 2085 2085 2094 2102; x_wconf 92' lang='lat'><strong>,</strong></span> <span class='ocrx_word' id='word_1_696' title='bbox 2110 2057 2241 2103; x_wconf 86' lang='lat' dir='ltr'><strong>quibus</strong></span> 
     </span>
     <span class='ocr_line' id='line_1_94' title="bbox 1187 2120 2240 2163; baseline -0.01 0"><span class='ocrx_word' id='word_1_697' title='bbox 1187 2131 1293 2163; x_wconf 88' lang='lat' dir='ltr'><strong>antea</strong></span> <span class='ocrx_word' id='word_1_698' title='bbox 1309 2126 1444 2162; x_wconf 90' lang='lat' dir='ltr'><strong>cultum</strong></span> <span class='ocrx_word' id='word_1_699' title='bbox 1464 2125 1716 2162; x_wconf 79' lang='lat' dir='ltr'><strong>exhibuerant.</strong></span> <span class='ocrx_word' id='word_1_700' title='bbox 1734 2122 1806 2159; x_wconf 89' lang='lat' dir='ltr'><strong>Sed</strong></span> <span class='ocrx_word' id='word_1_701' title='bbox 1820 2133 1886 2159; x_wconf 86' lang='lat' dir='ltr'><strong>nce</strong></span> <span class='ocrx_word' id='word_1_702' title='bbox 1903 2120 2027 2158; x_wconf 91' lang='lat' dir='ltr'><strong>mundi</strong></span> <span class='ocrx_word' id='word_1_703' title='bbox 2047 2123 2240 2162; x_wconf 77' lang='lat' dir='ltr'><strong>ainatores,</strong></span> 
     </span>
     <span class='ocr_line' id='line_1_95' title="bbox 1188 2181 2244 2235; baseline -0.009 -11"><span class='ocrx_word' id='word_1_704' title='bbox 1188 2189 1249 2235; x_wconf 86' lang='lat' dir='ltr'><strong>qui</strong></span> <span class='ocrx_word' id='word_1_705' title='bbox 1263 2198 1330 2235; x_wconf 86' lang='lat' dir='ltr'><strong>per</strong></span> <span class='ocrx_word' id='word_1_706' title='bbox 1347 2187 1552 2230; x_wconf 87' lang='lat' dir='ltr'><strong>avaritiam,</strong></span> <span class='ocrx_word' id='word_1_707' title='bbox 1574 2196 1654 2233; x_wconf 80' lang='lat' dir='ltr'><strong>quac</strong></span> <span class='ocrx_word' id='word_1_708' title='bbox 1687 2191 1742 2222; x_wconf 87' lang='lat' dir='ltr'><strong>est</strong></span> <span class='ocrx_word' id='word_1_709' title='bbox 1778 2184 1957 2221; x_wconf 87' lang='lat' dir='ltr'><strong>idolorum</strong></span> <span class='ocrx_word' id='word_1_710' title='bbox 1994 2181 2165 2224; x_wconf 87' lang='lat' dir='ltr'><strong>servitus,</strong></span> <span class='ocrx_word' id='word_1_711' title='bbox 2183 2189 2244 2226; x_wconf 86' lang='lat' dir='ltr'><strong>pe-</strong></span> 
     </span>
     <span class='ocr_line' id='line_1_96' title="bbox 1188 2243 2243 2295; baseline -0.01 -8"><span class='ocrx_word' id='word_1_712' title='bbox 1188 2251 1315 2288; x_wconf 87' lang='lat' dir='ltr'><strong>cunias</strong></span> <span class='ocrx_word' id='word_1_713' title='bbox 1338 2250 1376 2286; x_wconf 92' lang='lat' dir='ltr'><strong>in</strong></span> <span class='ocrx_word' id='word_1_714' title='bbox 1406 2247 1540 2285; x_wconf 92' lang='lat' dir='ltr'><strong>mundo</strong></span> <span class='ocrx_word' id='word_1_715' title='bbox 1577 2247 1860 2295; x_wconf 84' lang='lat' dir='ltr'><strong>congregabant,</strong></span> <span class='ocrx_word' id='word_1_716' title='bbox 1883 2245 1944 2292; x_wconf 89' lang='lat' dir='ltr'><strong>qui</strong></span> <span class='ocrx_word' id='word_1_717' title='bbox 1977 2243 2115 2280; x_wconf 75' lang='lat' dir='ltr'><strong>deficiis</strong></span> <span class='ocrx_word' id='word_1_718' title='bbox 2135 2247 2243 2287; x_wconf 81' lang='lat' dir='ltr'><strong>atquc</strong></span> 
     </span>
     <span class='ocr_line' id='line_1_97' title="bbox 1187 2308 2243 2355; baseline -0.01 -7"><span class='ocrx_word' id='word_1_719' title='bbox 1187 2311 1340 2348; x_wconf 77' lang='lat' dir='ltr'><strong>luxuriae</strong></span> <span class='ocrx_word' id='word_1_720' title='bbox 1367 2310 1634 2353; x_wconf 86' lang='lat' dir='ltr'><strong>deserviebant,</strong></span> <span class='ocrx_word' id='word_1_721' title='bbox 1669 2318 1821 2355; x_wconf 85' lang='lat' dir='ltr'><strong>quorum</strong></span> <span class='ocrx_word' id='word_1_722' title='bbox 1842 2308 1937 2343; x_wconf 88' lang='lat' dir='ltr'><strong>Deus</strong></span> <span class='ocrx_word' id='word_1_723' title='bbox 1953 2310 2079 2342; x_wconf 87' lang='lat' dir='ltr'><strong>venter</strong></span> <span class='ocrx_word' id='word_1_724' title='bbox 2098 2308 2188 2345; x_wconf 87' lang='lat' dir='ltr'><strong>crat,</strong></span> <span class='ocrx_word' id='word_1_725' title='bbox 2207 2308 2243 2338; x_wconf 91' lang='lat' dir='ltr'><strong>et</strong></span> 
     </span>
     <span class='ocr_line' id='line_1_98' title="bbox 1189 2363 2239 2419; baseline -0.008 -13"><span class='ocrx_word' id='word_1_726' title='bbox 1189 2372 1304 2419; x_wconf 83' lang='lat' dir='ltr'><strong>gloria</strong></span> <span class='ocrx_word' id='word_1_727' title='bbox 1323 2371 1361 2406; x_wconf 90' lang='lat' dir='ltr'><strong>in</strong></span> <span class='ocrx_word' id='word_1_728' title='bbox 1379 2369 1592 2406; x_wconf 79' lang='lat' dir='ltr'><strong>confusione</strong></span> <span class='ocrx_word' id='word_1_729' title='bbox 1614 2378 1739 2405; x_wconf 88' lang='lat' dir='ltr'><strong>eorum</strong></span> <span class='ocrx_word' id='word_1_730' title='bbox 1770 2368 1831 2414; x_wconf 89' lang='lat' dir='ltr'><strong>qui</strong></span> <span class='ocrx_word' id='word_1_731' title='bbox 1870 2373 2014 2403; x_wconf 85' lang='lat' dir='ltr'><strong>terrena</strong></span> <span class='ocrx_word' id='word_1_732' title='bbox 2039 2363 2239 2410; x_wconf 86' lang='lat' dir='ltr'><strong>sapiebant,</strong></span> 
     </span>
     <span class='ocr_line' id='line_1_99' title="bbox 1188 2427 2238 2470; baseline -0.01 -1"><span class='ocrx_word' id='word_1_733' title='bbox 1188 2432 1278 2470; x_wconf 90' lang='lat' dir='ltr'><strong>nihil</strong></span> <span class='ocrx_word' id='word_1_734' title='bbox 1297 2440 1418 2468; x_wconf 88' lang='lat' dir='ltr'><strong>secum</strong></span> <span class='ocrx_word' id='word_1_735' title='bbox 1433 2429 1624 2467; x_wconf 86' lang='lat' dir='ltr'><strong>conserunt</strong></span> <span class='ocrx_word' id='word_1_736' title='bbox 1641 2430 1684 2465; x_wconf 89' lang='lat' dir='ltr'><strong>de</strong></span> <span class='ocrx_word' id='word_1_737' title='bbox 1698 2429 1870 2464; x_wconf 85' lang='lat' dir='ltr'><strong>universo</strong></span> <span class='ocrx_word' id='word_1_738' title='bbox 1883 2427 2006 2462; x_wconf 83' lang='lat' dir='ltr'><strong>labore</strong></span> <span class='ocrx_word' id='word_1_739' title='bbox 2024 2435 2104 2467; x_wconf 93' lang='lat' dir='ltr'><strong>suo,</strong></span> <span class='ocrx_word' id='word_1_740' title='bbox 2124 2434 2238 2470; x_wconf 88' lang='lat' dir='ltr'><strong>quan-</strong></span> 
     </span>
     <span class='ocr_line' id='line_1_100' title="bbox 1189 2484 2237 2540; baseline -0.01 -9"><span class='ocrx_word' id='word_1_741' title='bbox 1189 2495 1234 2531; x_wconf 86' lang='lat' dir='ltr'><strong>do</strong></span> <span class='ocrx_word' id='word_1_742' title='bbox 1257 2503 1321 2540; x_wconf 88' lang='lat' dir='ltr'><strong>pro</strong></span> <span class='ocrx_word' id='word_1_743' title='bbox 1340 2491 1499 2539; x_wconf 88' lang='lat' dir='ltr'><strong>peccatis</strong></span> <span class='ocrx_word' id='word_1_744' title='bbox 1520 2490 1594 2528; x_wconf 88' lang='lat' dir='ltr'><strong>suis</strong></span> <span class='ocrx_word' id='word_1_745' title='bbox 1619 2490 1663 2527; x_wconf 87' lang='lat' dir='ltr'><strong>ad</strong></span> <span class='ocrx_word' id='word_1_746' title='bbox 1678 2495 1856 2526; x_wconf 82' lang='lat' dir='ltr'><strong>tartarum</strong></span> <span class='ocrx_word' id='word_1_747' title='bbox 1872 2499 1893 2524; x_wconf 86' lang='lat' dir='ltr'><strong>a</strong></span> <span class='ocrx_word' id='word_1_748' title='bbox 1915 2486 2080 2533; x_wconf 88' lang='lat' dir='ltr'><strong>malignis</strong></span> <span class='ocrx_word' id='word_1_749' title='bbox 2099 2484 2237 2532; x_wconf 89' lang='lat' dir='ltr'><strong>spiriti-</strong></span> 
     </span>
     <span class='ocr_line' id='line_1_101' title="bbox 1188 2553 1543 2601; baseline -0.011 -9"><span class='ocrx_word' id='word_1_750' title='bbox 1188 2555 1255 2592; x_wconf 90' lang='lat' dir='ltr'><strong>bus</strong></span> <span class='ocrx_word' id='word_1_751' title='bbox 1273 2553 1543 2601; x_wconf 87' lang='lat' dir='ltr'><strong>pertrahuntur.</strong></span> 
     </span>
    </p>

    <p class='ocr_par' dir='ltr' id='par_1_14' title="bbox 1188 2605 2245 3392">
     <span class='ocr_line' id='line_1_102' title="bbox 1240 2605 2242 2661; baseline -0.007 -11"><span class='ocrx_word' id='word_1_752' title='bbox 1240 2628 1254 2650; x_wconf 73' lang='grc' dir='ltr'>ι</span> <span class='ocrx_word' id='word_1_753' title='bbox 1280 2615 1409 2652; x_wconf 79' lang='lat' dir='ltr'><strong>Videte</strong></span> <span class='ocrx_word' id='word_1_754' title='bbox 1429 2614 1523 2660; x_wconf 87' lang='lat' dir='ltr'><strong>quod</strong></span> <span class='ocrx_word' id='word_1_755' title='bbox 1538 2622 1604 2661; x_wconf 84' lang='lat' dir='ltr'><strong>ego</strong></span> <span class='ocrx_word' id='word_1_756' title='bbox 1620 2612 1688 2649; x_wconf 83' lang='lat' dir='ltr'><strong>sim</strong></span> <span class='ocrx_word' id='word_1_757' title='bbox 1708 2610 1820 2655; x_wconf 87' lang='lat' dir='ltr'><strong>solus,</strong></span> <span class='ocrx_word' id='word_1_758' title='bbox 1838 2616 1873 2647; x_wconf 85' lang='lat' dir='ltr'><strong>et</strong></span> <span class='ocrx_word' id='word_1_759' title='bbox 1888 2621 1960 2648; x_wconf 91' lang='lat' dir='ltr'><strong>non</strong></span> <span class='ocrx_word' id='word_1_760' title='bbox 1977 2609 2024 2646; x_wconf 90' lang='lat' dir='ltr'><strong>sit</strong></span> <span class='ocrx_word' id='word_1_761' title='bbox 2039 2608 2130 2645; x_wconf 87' lang='lat' dir='ltr'><strong>alius</strong></span> <span class='ocrx_word' id='word_1_762' title='bbox 2146 2605 2242 2644; x_wconf 86' lang='lat' dir='ltr'><strong>Deus</strong></span> 
     </span>
     <span class='ocr_line' id='line_1_103' title="bbox 1188 2668 2240 2724; baseline -0.009 -12"><span class='ocrx_word' id='word_1_763' title='bbox 1188 2681 1321 2724; x_wconf 56' lang='lat' dir='ltr'><strong>praeter</strong></span> <span class='ocrx_word' id='word_1_764' title='bbox 1334 2685 1405 2711; x_wconf 88' lang='lat' dir='ltr'><strong>me.</strong></span> <span class='ocrx_word' id='word_1_765' title='bbox 1438 2687 1451 2709; x_wconf 66' lang='lat' dir='ltr'><strong>i</strong></span> <span class='ocrx_word' id='word_1_766' title='bbox 1482 2674 1566 2710; x_wconf 57' lang='lat' dir='ltr'><strong>Haec</strong></span> <span class='ocrx_word' id='word_1_767' title='bbox 1585 2672 1785 2710; x_wconf 80' lang='lat' dir='ltr'><strong>admonitio</strong></span> <span class='ocrx_word' id='word_1_768' title='bbox 1809 2671 2024 2719; x_wconf 81' lang='lat' dir='ltr'><strong>generaliter</strong></span> <span class='ocrx_word' id='word_1_769' title='bbox 2049 2668 2093 2705; x_wconf 88' lang='lat' dir='ltr'><strong>ad</strong></span> <span class='ocrx_word' id='word_1_770' title='bbox 2116 2677 2240 2705; x_wconf 81' lang='lat' dir='ltr'><strong>omnes</strong></span> 
     </span>
     <span class='ocr_line' id='line_1_104' title="bbox 1190 2730 2240 2781; baseline -0.009 -8"><span class='ocrx_word' id='word_1_771' title='bbox 1190 2737 1353 2773; x_wconf 86' lang='lat' dir='ltr'><strong>homines</strong></span> <span class='ocrx_word' id='word_1_772' title='bbox 1380 2735 1552 2781; x_wconf 90' lang='lat' dir='ltr'><strong>pertinet,</strong></span> <span class='ocrx_word' id='word_1_773' title='bbox 1577 2738 1617 2770; x_wconf 90' lang='lat' dir='ltr'><strong>ut</strong></span> <span class='ocrx_word' id='word_1_774' title='bbox 1641 2734 1768 2770; x_wconf 88' lang='lat' dir='ltr'><strong>relicta</strong></span> <span class='ocrx_word' id='word_1_775' title='bbox 1789 2732 1946 2769; x_wconf 84' lang='lat' dir='ltr'><strong>salsitate</strong></span> <span class='ocrx_word' id='word_1_776' title='bbox 1972 2730 2162 2773; x_wconf 75' lang='lat' dir='ltr'><strong>idolorum,</strong></span> <span class='ocrx_word' id='word_1_777' title='bbox 2186 2734 2240 2764; x_wconf 86' lang='lat' dir='ltr'><strong>at-</strong></span> 
     </span>
     <span class='ocr_line' id='line_1_105' title="bbox 1190 2790 2241 2845; baseline -0.011 -10"><span class='ocrx_word' id='word_1_778' title='bbox 1190 2808 1260 2845; x_wconf 87' lang='lat' dir='ltr'><strong>que</strong></span> <span class='ocrx_word' id='word_1_779' title='bbox 1285 2797 1498 2844; x_wconf 89' lang='lat' dir='ltr'><strong>deceptione</strong></span> <span class='ocrx_word' id='word_1_780' title='bbox 1530 2795 1799 2839; x_wconf 79' lang='lat' dir='ltr'><strong>haereticorum,</strong></span> <span class='ocrx_word' id='word_1_781' title='bbox 1834 2803 1994 2831; x_wconf 87' lang='lat' dir='ltr'><strong>necnon</strong></span> <span class='ocrx_word' id='word_1_782' title='bbox 2014 2797 2050 2828; x_wconf 89' lang='lat' dir='ltr'><strong>et</strong></span> <span class='ocrx_word' id='word_1_783' title='bbox 2081 2790 2241 2827; x_wconf 85' lang='lat' dir='ltr'><strong>omnium</strong></span> 
     </span>
     <span class='ocr_line' id='line_1_106' title="bbox 1190 2848 2240 2907; baseline -0.012 -10"><span class='ocrx_word' id='word_1_784' title='bbox 1190 2860 1422 2907; x_wconf 85' lang='lat' dir='ltr'><strong>iniquitatum</strong></span> <span class='ocrx_word' id='word_1_785' title='bbox 1437 2857 1617 2900; x_wconf 88' lang='lat' dir='ltr'><strong>sordibus,</strong></span> <span class='ocrx_word' id='word_1_786' title='bbox 1642 2856 1687 2892; x_wconf 87' lang='lat' dir='ltr'><strong>ad</strong></span> <span class='ocrx_word' id='word_1_787' title='bbox 1707 2864 1821 2892; x_wconf 90' lang='lat' dir='ltr'><strong>unum</strong></span> <span class='ocrx_word' id='word_1_788' title='bbox 1841 2860 1876 2891; x_wconf 92' lang='lat' dir='ltr'><strong>ct</strong></span> <span class='ocrx_word' id='word_1_789' title='bbox 1894 2853 2007 2890; x_wconf 88' lang='lat' dir='ltr'><strong>solum</strong></span> <span class='ocrx_word' id='word_1_790' title='bbox 2038 2851 2152 2887; x_wconf 87' lang='lat' dir='ltr'><strong>Deum</strong></span> <span class='ocrx_word' id='word_1_791' title='bbox 2170 2848 2240 2885; x_wconf 86' lang='lat' dir='ltr'><strong>Pa-</strong></span> 
     </span>
     <span class='ocr_line' id='line_1_107' title="bbox 1192 2910 2242 2966; baseline -0.013 -8"><span class='ocrx_word' id='word_1_792' title='bbox 1192 2927 1286 2958; x_wconf 89' lang='lat' dir='ltr'><strong>trem</strong></span> <span class='ocrx_word' id='word_1_793' title='bbox 1305 2925 1341 2957; x_wconf 90' lang='lat' dir='ltr'><strong>et</strong></span> <span class='ocrx_word' id='word_1_794' title='bbox 1359 2918 1537 2966; x_wconf 89' lang='lat' dir='ltr'><strong>Spiritum</strong></span> <span class='ocrx_word' id='word_1_795' title='bbox 1568 2922 1746 2960; x_wconf 88' lang='lat' dir='ltr'><strong>sanctum,</strong></span> <span class='ocrx_word' id='word_1_796' title='bbox 1788 2924 1854 2962; x_wconf 88' lang='lat' dir='ltr'><strong>per</strong></span> <span class='ocrx_word' id='word_1_797' title='bbox 1890 2913 1998 2950; x_wconf 86' lang='lat' dir='ltr'><strong>fidem</strong></span> <span class='ocrx_word' id='word_1_798' title='bbox 2028 2910 2242 2949; x_wconf 83' lang='lat' dir='ltr'><strong>catholicam</strong></span> 
     </span>
     <span class='ocr_line' id='line_1_108' title="bbox 1195 2971 2245 3024; baseline -0.014 -4"><span class='ocrx_word' id='word_1_799' title='bbox 1195 2981 1386 3021; x_wconf 87' lang='lat' dir='ltr'><strong>colendum</strong></span> <span class='ocrx_word' id='word_1_800' title='bbox 1405 2985 1676 3023; x_wconf 86' lang='lat' dir='ltr'><strong>convertantur,</strong></span> <span class='ocrx_word' id='word_1_801' title='bbox 1696 2986 1850 3024; x_wconf 88' lang='lat' dir='ltr'><strong>eumque</strong></span> <span class='ocrx_word' id='word_1_802' title='bbox 1869 2985 1914 3012; x_wconf 83' lang='lat' dir='ltr'><strong>ex</strong></span> <span class='ocrx_word' id='word_1_803' title='bbox 1933 2979 2007 3011; x_wconf 86' lang='lat' dir='ltr'><strong>toto</strong></span> <span class='ocrx_word' id='word_1_804' title='bbox 2030 2971 2150 3015; x_wconf 89' lang='lat' dir='ltr'><strong>corde,</strong></span> <span class='ocrx_word' id='word_1_805' title='bbox 2171 2977 2245 3007; x_wconf 84' lang='lat' dir='ltr'><strong>tota</strong></span> 
     </span>
     <span class='ocr_line' id='line_1_109' title="bbox 1196 3031 2245 3087; baseline -0.013 -7"><span class='ocrx_word' id='word_1_806' title='bbox 1196 3044 1327 3086; x_wconf 87' lang='lat' dir='ltr'><strong>anima,</strong></span> <span class='ocrx_word' id='word_1_807' title='bbox 1366 3047 1511 3087; x_wconf 81' lang='lat' dir='ltr'><strong>totaque</strong></span> <span class='ocrx_word' id='word_1_808' title='bbox 1546 3040 1682 3077; x_wconf 86' lang='lat' dir='ltr'><strong>virtute</strong></span> <span class='ocrx_word' id='word_1_809' title='bbox 1714 3036 1880 3084; x_wconf 82' lang='lat' dir='ltr'><strong>diligant,</strong></span> <span class='ocrx_word' id='word_1_810' title='bbox 1917 3040 1953 3072; x_wconf 90' lang='lat' dir='ltr'><strong>et</strong></span> <span class='ocrx_word' id='word_1_811' title='bbox 1979 3032 2142 3070; x_wconf 85' lang='lat' dir='ltr'><strong>mandata</strong></span> <span class='ocrx_word' id='word_1_812' title='bbox 2167 3031 2245 3078; x_wconf 84' lang='lat' dir='ltr'><strong>ejus</strong></span> 
     </span>
     <span class='ocr_line' id='line_1_110' title="bbox 1196 3091 2243 3152; baseline -0.015 -10"><span class='ocrx_word' id='word_1_813' title='bbox 1196 3111 1304 3152; x_wconf 84' lang='lat' dir='ltr'><strong>atque</strong></span> <span class='ocrx_word' id='word_1_814' title='bbox 1330 3102 1467 3149; x_wconf 85' lang='lat' dir='ltr'><strong>judicia</strong></span> <span class='ocrx_word' id='word_1_815' title='bbox 1484 3101 1676 3148; x_wconf 83' lang='lat' dir='ltr'><strong>diligenter</strong></span> <span class='ocrx_word' id='word_1_816' title='bbox 1709 3102 1934 3141; x_wconf 81' lang='lat' dir='ltr'><strong>conservent,</strong></span> <span class='ocrx_word' id='word_1_817' title='bbox 1957 3101 2130 3142; x_wconf 85' lang='lat' dir='ltr'><strong>quatenus</strong></span> <span class='ocrx_word' id='word_1_818' title='bbox 2143 3091 2243 3138; x_wconf 80' lang='lat' dir='ltr'><strong>regni</strong></span> 
     </span>
     <span class='ocr_line' id='line_1_111' title="bbox 1195 3153 2238 3203; baseline -0.017 0"><span class='ocrx_word' id='word_1_819' title='bbox 1195 3163 1354 3203; x_wconf 86' lang='lat' dir='ltr'><strong>coelestis</strong></span> <span class='ocrx_word' id='word_1_820' title='bbox 1365 3163 1529 3200; x_wconf 77' lang='lat' dir='ltr'><strong>haeredes</strong></span> <span class='ocrx_word' id='word_1_821' title='bbox 1542 3161 1632 3199; x_wconf 85' lang='lat' dir='ltr'><strong>effici</strong></span> <span class='ocrx_word' id='word_1_822' title='bbox 1646 3162 1864 3197; x_wconf 78' lang='lat' dir='ltr'><strong>mereantur.</strong></span> <span class='ocrx_word' id='word_1_823' title='bbox 1891 3169 1903 3190; x_wconf 77' lang='grc' dir='ltr'>ι</span> <span class='ocrx_word' id='word_1_824' title='bbox 1930 3155 2004 3201; x_wconf 85' lang='lat' dir='ltr'><strong>Ego</strong></span> <span class='ocrx_word' id='word_1_825' title='bbox 2024 3153 2184 3189; x_wconf 88' lang='lat' dir='ltr'><strong>occidam</strong></span> <span class='ocrx_word' id='word_1_826' title='bbox 2202 3156 2238 3187; x_wconf 84' lang='lat' dir='ltr'><strong>et</strong></span> 
     </span>
     <span class='ocr_line' id='line_1_112' title="bbox 1196 3210 2239 3271; baseline -0.019 -8"><span class='ocrx_word' id='word_1_827' title='bbox 1196 3235 1264 3271; x_wconf 86' lang='lat' dir='ltr'><strong>ego</strong></span> <span class='ocrx_word' id='word_1_828' title='bbox 1279 3223 1402 3261; x_wconf 73' lang='lat' dir='ltr'><strong>vivere</strong></span> <span class='ocrx_word' id='word_1_829' title='bbox 1419 3222 1572 3264; x_wconf 84' lang='lat' dir='ltr'><strong>saciam;</strong></span> <span class='ocrx_word' id='word_1_830' title='bbox 1599 3218 1797 3266; x_wconf 85' lang='lat' dir='ltr'><strong>percutiam</strong></span> <span class='ocrx_word' id='word_1_831' title='bbox 1816 3220 1852 3251; x_wconf 86' lang='lat' dir='ltr'><strong>et</strong></span> <span class='ocrx_word' id='word_1_832' title='bbox 1867 3223 1932 3259; x_wconf 86' lang='lat' dir='ltr'><strong>ego</strong></span> <span class='ocrx_word' id='word_1_833' title='bbox 1948 3210 2094 3253; x_wconf 86' lang='lat' dir='ltr'><strong>sanabo,</strong></span> <span class='ocrx_word' id='word_1_834' title='bbox 2113 3213 2150 3245; x_wconf 90' lang='lat' dir='ltr'><strong>et</strong></span> <span class='ocrx_word' id='word_1_835' title='bbox 2167 3219 2239 3245; x_wconf 86' lang='lat' dir='ltr'><strong>non</strong></span> 
     </span>
     <span class='ocr_line' id='line_1_113' title="bbox 1194 3269 2242 3332; baseline -0.02 -8"><span class='ocrx_word' id='word_1_836' title='bbox 1194 3292 1264 3330; x_wconf 88' lang='lat' dir='ltr'><strong>est,</strong></span> <span class='ocrx_word' id='word_1_837' title='bbox 1289 3285 1351 3332; x_wconf 85' lang='lat' dir='ltr'><strong>qui</strong></span> <span class='ocrx_word' id='word_1_838' title='bbox 1376 3285 1420 3323; x_wconf 84' lang='lat' dir='ltr'><strong>de</strong></span> <span class='ocrx_word' id='word_1_839' title='bbox 1432 3292 1540 3320; x_wconf 88' lang='lat' dir='ltr'><strong>manu</strong></span> <span class='ocrx_word' id='word_1_840' title='bbox 1554 3288 1635 3317; x_wconf 82' lang='lat' dir='ltr'><strong>mea</strong></span> <span class='ocrx_word' id='word_1_841' title='bbox 1660 3275 1776 3324; x_wconf 86' lang='lat' dir='ltr'><strong>possit</strong></span> <span class='ocrx_word' id='word_1_842' title='bbox 1793 3282 1935 3311; x_wconf 85' lang='lat' dir='ltr'><strong>eruere.</strong></span> <span class='ocrx_word' id='word_1_843' title='bbox 1959 3285 1972 3306; x_wconf 83' lang='lat'><strong>»</strong></span> <span class='ocrx_word' id='word_1_844' title='bbox 1990 3269 2136 3306; x_wconf 86' lang='lat' dir='ltr'><strong>Duobus</strong></span> <span class='ocrx_word' id='word_1_845' title='bbox 2164 3279 2242 3305; x_wconf 91' lang='lat' dir='ltr'><strong>mo-</strong></span> 
     </span>
     <span class='ocr_line' id='line_1_114' title="bbox 1196 3330 2239 3392; baseline -0.021 -5"><span class='ocrx_word' id='word_1_846' title='bbox 1196 3349 1253 3386; x_wconf 80' lang='lat' dir='ltr'><strong>dis</strong></span> <span class='ocrx_word' id='word_1_847' title='bbox 1265 3347 1491 3392; x_wconf 85' lang='lat' dir='ltr'><strong>omnipotens</strong></span> <span class='ocrx_word' id='word_1_848' title='bbox 1504 3341 1599 3378; x_wconf 88' lang='lat' dir='ltr'><strong>Deus</strong></span> <span class='ocrx_word' id='word_1_849' title='bbox 1615 3337 1794 3379; x_wconf 85' lang='lat' dir='ltr'><strong>vulnerat,</strong></span> <span class='ocrx_word' id='word_1_850' title='bbox 1821 3344 1911 3382; x_wconf 90' lang='lat' dir='ltr'><strong>quos</strong></span> <span class='ocrx_word' id='word_1_851' title='bbox 1925 3332 2098 3369; x_wconf 85' lang='lat' dir='ltr'><strong>reducere</strong></span> <span class='ocrx_word' id='word_1_852' title='bbox 2117 3330 2162 3367; x_wconf 91' lang='lat' dir='ltr'><strong>ad</strong></span> <span class='ocrx_word' id='word_1_853' title='bbox 2180 3339 2239 3366; x_wconf 86' lang='lat' dir='ltr'><strong>sa-</strong></span> 
     </span>
    </p>
   </div>
   <div class='ocr_carea' id='block_1_13' title="bbox 1193 3390 2243 3503">
    <p class='ocr_par' dir='ltr' id='par_1_15' title="bbox 1193 3390 2243 3503">
     <span class='ocr_line' id='line_1_115' title="bbox 1193 3390 2243 3447; baseline -0.02 -1"><span class='ocrx_word' id='word_1_854' title='bbox 1193 3408 1306 3445; x_wconf 82' lang='lat' dir='ltr'><strong>lutem</strong></span> <span class='ocrx_word' id='word_1_855' title='bbox 1327 3409 1440 3443; x_wconf 83' lang='lat' dir='ltr'><strong>curat.</strong></span> <span class='ocrx_word' id='word_1_856' title='bbox 1472 3398 1673 3447; x_wconf 86' lang='lat' dir='ltr'><strong>Aliquando</strong></span> <span class='ocrx_word' id='word_1_857' title='bbox 1700 3395 1796 3434; x_wconf 90' lang='lat' dir='ltr'><strong>enim</strong></span> <span class='ocrx_word' id='word_1_858' title='bbox 1831 3403 1976 3431; x_wconf 87' lang='lat' dir='ltr'><strong>carnem</strong></span> <span class='ocrx_word' id='word_1_859' title='bbox 2007 3390 2177 3440; x_wconf 88' lang='lat' dir='ltr'><strong>percutit,</strong></span> <span class='ocrx_word' id='word_1_860' title='bbox 2205 3395 2243 3426; x_wconf 89' lang='lat' dir='ltr'><strong>et</strong></span> 
     </span>
     <span class='ocr_line' id='line_1_116' title="bbox 1196 3447 2242 3503; baseline -0.018 0"><span class='ocrx_word' id='word_1_861' title='bbox 1196 3465 1328 3503; x_wconf 88' lang='lat' dir='ltr'><strong>mentis</strong></span> <span class='ocrx_word' id='word_1_862' title='bbox 1345 3460 1476 3499; x_wconf 86' lang='lat' dir='ltr'><strong>duritia</strong></span> <span class='ocrx_word' id='word_1_863' title='bbox 1501 3459 1538 3494; x_wconf 92' lang='lat' dir='ltr'><strong>in</strong></span> <span class='ocrx_word' id='word_1_864' title='bbox 1571 3466 1636 3494; x_wconf 89' lang='lat' dir='ltr'><strong>suo</strong></span> <span class='ocrx_word' id='word_1_865' title='bbox 1663 3461 1798 3503; x_wconf 88' lang='lat' dir='ltr'><strong>pavore</strong></span> <span class='ocrx_word' id='word_1_866' title='bbox 1829 3451 1995 3490; x_wconf 88' lang='lat' dir='ltr'><strong>tabescit.</strong></span> <span class='ocrx_word' id='word_1_867' title='bbox 2011 3447 2242 3487; x_wconf 80' lang='lat' dir='ltr'><strong>Vulnerando</strong></span> 
     </span>
    </p>
   </div>
   <div class='ocr_carea' id='block_1_14' title="bbox 1195 3507 2245 3812">
    <p class='ocr_par' dir='ltr' id='par_1_16' title="bbox 1195 3507 2245 3812">
     <span class='ocr_line' id='line_1_117' title="bbox 1195 3507 2243 3570; baseline -0.018 -8"><span class='ocrx_word' id='word_1_868' title='bbox 1195 3533 1283 3570; x_wconf 80' lang='lat' dir='ltr'><strong>ergo</strong></span> <span class='ocrx_word' id='word_1_869' title='bbox 1301 3522 1346 3558; x_wconf 88' lang='lat' dir='ltr'><strong>ad</strong></span> <span class='ocrx_word' id='word_1_870' title='bbox 1368 3520 1519 3558; x_wconf 84' lang='lat' dir='ltr'><strong>salutem</strong></span> <span class='ocrx_word' id='word_1_871' title='bbox 1543 3521 1701 3558; x_wconf 86' lang='lat' dir='ltr'><strong>revocat,</strong></span> <span class='ocrx_word' id='word_1_872' title='bbox 1727 3523 1808 3551; x_wconf 88' lang='lat' dir='ltr'><strong>eum</strong></span> <span class='ocrx_word' id='word_1_873' title='bbox 1835 3512 1969 3550; x_wconf 88' lang='lat' dir='ltr'><strong>electos</strong></span> <span class='ocrx_word' id='word_1_874' title='bbox 2002 3521 2087 3548; x_wconf 89' lang='lat' dir='ltr'><strong>suos</strong></span> <span class='ocrx_word' id='word_1_875' title='bbox 2117 3507 2243 3555; x_wconf 77' lang='lat' dir='ltr'><strong>affligit</strong></span> 
     </span>
     <span class='ocr_line' id='line_1_118' title="bbox 1195 3566 2242 3622; baseline -0.018 0"><span class='ocrx_word' id='word_1_876' title='bbox 1195 3583 1356 3622; x_wconf 84' lang='lat' dir='ltr'><strong>exterius</strong></span> <span class='ocrx_word' id='word_1_877' title='bbox 1390 3585 1428 3618; x_wconf 88' lang='lat' dir='ltr'><strong>et</strong></span> <span class='ocrx_word' id='word_1_878' title='bbox 1453 3579 1604 3616; x_wconf 87' lang='lat' dir='ltr'><strong>interius</strong></span> <span class='ocrx_word' id='word_1_879' title='bbox 1626 3575 1798 3614; x_wconf 76' lang='lat' dir='ltr'><strong>viviticat.</strong></span> <span class='ocrx_word' id='word_1_880' title='bbox 1819 3572 1931 3611; x_wconf 83' lang='lat' dir='ltr'><strong>Recte</strong></span> <span class='ocrx_word' id='word_1_881' title='bbox 1949 3582 2014 3620; x_wconf 88' lang='lat' dir='ltr'><strong>per</strong></span> <span class='ocrx_word' id='word_1_882' title='bbox 2028 3570 2172 3618; x_wconf 82' lang='lat' dir='ltr'><strong>Moysen</strong></span> <span class='ocrx_word' id='word_1_883' title='bbox 2189 3566 2242 3604; x_wconf 92' lang='lat' dir='ltr'><strong>lo-</strong></span> 
     </span>
     <span class='ocr_line' id='line_1_119' title="bbox 1195 3625 2242 3690; baseline -0.018 -10"><span class='ocrx_word' id='word_1_884' title='bbox 1195 3644 1343 3690; x_wconf 87' lang='lat' dir='ltr'><strong>quitur:</strong></span> <span class='ocrx_word' id='word_1_885' title='bbox 1365 3653 1378 3675; x_wconf 76' lang='grc' dir='ltr'>ι</span> <span class='ocrx_word' id='word_1_886' title='bbox 1397 3639 1474 3687; x_wconf 83' lang='lat' dir='ltr'><strong>Ego</strong></span> <span class='ocrx_word' id='word_1_887' title='bbox 1493 3637 1654 3676; x_wconf 88' lang='lat' dir='ltr'><strong>occidam</strong></span> <span class='ocrx_word' id='word_1_888' title='bbox 1673 3641 1710 3672; x_wconf 89' lang='lat' dir='ltr'><strong>et</strong></span> <span class='ocrx_word' id='word_1_889' title='bbox 1725 3636 1846 3672; x_wconf 85' lang='lat' dir='ltr'><strong>vivere</strong></span> <span class='ocrx_word' id='word_1_890' title='bbox 1864 3632 2014 3674; x_wconf 66' lang='lat' dir='ltr'><strong>tactam</strong></span> <span class='ocrx_word' id='word_1_891' title='bbox 2038 3625 2242 3676; x_wconf 87' lang='lat' dir='ltr'><strong>percutiam</strong></span> 
     </span>
     <span class='ocr_line' id='line_1_120' title="bbox 1196 3685 2244 3751; baseline -0.02 -9"><span class='ocrx_word' id='word_1_892' title='bbox 1196 3711 1233 3742; x_wconf 91' lang='lat' dir='ltr'><strong>et</strong></span> <span class='ocrx_word' id='word_1_893' title='bbox 1251 3715 1318 3751; x_wconf 81' lang='lat' dir='ltr'><strong>ego</strong></span> <span class='ocrx_word' id='word_1_894' title='bbox 1338 3701 1485 3740; x_wconf 86' lang='lat' dir='ltr'><strong>sanabo.</strong></span> <span class='ocrx_word' id='word_1_895' title='bbox 1505 3712 1518 3734; x_wconf 82' lang='lat'><strong>»</strong></span> <span class='ocrx_word' id='word_1_896' title='bbox 1543 3697 1681 3736; x_wconf 82' lang='lat' dir='ltr'><strong>Occidit</strong></span> <span class='ocrx_word' id='word_1_897' title='bbox 1703 3697 1799 3732; x_wconf 90' lang='lat' dir='ltr'><strong>enim</strong></span> <span class='ocrx_word' id='word_1_898' title='bbox 1832 3699 1874 3731; x_wconf 92' lang='lat' dir='ltr'><strong>ut</strong></span> <span class='ocrx_word' id='word_1_899' title='bbox 1900 3691 2070 3735; x_wconf 81' lang='lat' dir='ltr'><strong>vivificet,</strong></span> <span class='ocrx_word' id='word_1_900' title='bbox 2087 3685 2244 3736; x_wconf 84' lang='lat' dir='ltr'><strong>percutit</strong></span> 
     </span>
     <span class='ocr_line' id='line_1_121' title="bbox 1198 3743 2245 3812; baseline -0.02 -8"><span class='ocrx_word' id='word_1_901' title='bbox 1198 3772 1237 3805; x_wconf 85' lang='lat' dir='ltr'><strong>ut</strong></span> <span class='ocrx_word' id='word_1_902' title='bbox 1255 3768 1357 3803; x_wconf 81' lang='lat' dir='ltr'><strong>sanet</strong></span> <span class='ocrx_word' id='word_1_903' title='bbox 1378 3774 1386 3801; x_wconf 91' lang='lat'>:</span> <span class='ocrx_word' id='word_1_904' title='bbox 1406 3761 1491 3811; x_wconf 84' lang='lat' dir='ltr'><strong>quia</strong></span> <span class='ocrx_word' id='word_1_905' title='bbox 1507 3759 1643 3799; x_wconf 79' lang='lat' dir='ltr'><strong>idcirco</strong></span> <span class='ocrx_word' id='word_1_906' title='bbox 1669 3756 1767 3798; x_wconf 81' lang='lat' dir='ltr'><strong>roras</strong></span> <span class='ocrx_word' id='word_1_907' title='bbox 1787 3754 1969 3812; x_wconf 61' lang='lat' dir='ltr'><strong>admonet,</strong></span> <span class='ocrx_word' id='word_1_908' title='bbox 1993 3754 2035 3792; x_wconf 88' lang='lat' dir='ltr'><strong>ut</strong></span> <span class='ocrx_word' id='word_1_909' title='bbox 2055 3749 2152 3790; x_wconf 75' lang='lat' dir='ltr'><strong>intus</strong></span> <span class='ocrx_word' id='word_1_910' title='bbox 2165 3743 2245 3791; x_wconf 55' lang='lat' dir='ltr'><strong>vulf</strong></span> 
     </span>
    </p>
   </div>
  </div>
 </body>
</html>
