2540 4016
275 279 344 317 225

710 264 751 299 B.
776 257 943 298 RABANI
966 253 1112 293 MAURI
1136 246 1351 287 ARcmEP.
1379 245 1590 287 MOGUNT.
1619 245 1811 286 OPERUM
1835 243 1973 282 PARS.
1999 243 2029 279 1.

2359 214 2431 274 2‘24

275 363 294 389 ³
307 348 435 397 P⁰P¹¹¹0
466 343 592 392 gladiis
620 338 788 377 alienavit
803 348 813 380 3
837 336 932 371 intus
954 339 1078 367 amans
1103 326 1231 363 divinae
1247 324 1311 359 irae
1329 322 1366 363 A
1380 325 1524 369 dicitur,
1540 334 1623 361 cum
1636 323 1769 359 multos
1789 331 1884 367 saepe
1902 320 2071 356 resistere
2090 315 2261 362 exemplis
2279 315 2435 352 existen-

275 407 504 456 supplicando
521 402 671 444 obstitit,
702 399 790 434 foris
817 395 964 432 saeviens
982 390 1121 435 culpam
1151 383 1313 420 feriendo

273 471 524 516 consumpsit,
570 471 782 502 succurrens
823 458 926 494 citius
965 451 1131 489 omnibus
1169 452 1315 484 ostensa

274 538 390 570 morte
413 536 616 576 paucorum.
645 523 689 557 Et
713 520 847 555 idcirco
878 514 1105 558 omnipotens
1133 509 1228 544 Deus
1261 506 1316 541 fa-

275 591 409 627 mulum
432 596 533 623 suum
562 583 667 619 citius
684 576 864 614 exaudivit
893 577 1057 619 agentem
1086 580 1152 616 pro
1169 568 1313 614 populo,

277 651 358 695 quia
374 647 461 682 vidit
483 643 575 688 quod
602 649 718 684 super.
737 636 906 682 populum
937 637 1083 668 acturus
1116 634 1212 665 esset
1241 628 1317 673 ipse

274 719 340 754 pro
354 708 439 742 Deo.
458 702 495 738 In
516 699 686 746 regimine
705 706 789 741 ergo
817 693 936 740 populi
956 697 1150 735 utrumque
1179 689 1319 734 Moyses

274 765 429 805 miscuit,
450 767 489 797 ut
507 770 573 796 nec
593 755 779 803 disciplina
797 755 937 790 deesset
964 749 1235 791 misericordiae,
1253 756 1319 782 nec

275 824 520 862 misericordia
547 819 754 865 disciplinae.

653 890 800 928 CAPUT
825 887 932 924 XVII.

275 960 328 996 De
345 971 381 994 eo
398 957 487 1004 quod
508 955 642 1000 Moyses
663 952 849 987 Dominum
875 950 1005 983 iratum
1023 946 1149 993 populo
1165 957 1226 991 pro
1246 945 1324 979 ido-

325 1005 475 1046 lolatria,
511 1001 664 1049 precibus
705 997 896 1044 mitiqavit,
937 1002 968 1030 et
1008 995 1048 1029 cle
1084 991 1324 1039 objurqatione

323 1051 453 1086 Aaron.

325 1126 540 1169 Rursumque
564 1122 611 1156 ait
639 1120 808 1154 Dominus
839 1117 883 1152 ad
906 1116 1076 1161 Moysen:
1099 1114 1208 1149 Cerno
1236 1113 1327 1159 quod

279 1185 425 1233 populus
440 1185 501 1218 iste
515 1183 612 1216 dura)
632 1179 768 1215 cervicis
790 1178 847 1219 sit,
865 1177 996 1211 dimitte
1011 1186 1076 1216 me,
1098 1180 1134 1208 ut
1158 1174 1329 1207 irascatur

282 1249 382 1294 furor
399 1257 492 1280 meus
512 1250 632 1278 contra
657 1253 725 1282 eos,
743 1246 773 1275 et
793 1238 924 1274 deleam
946 1248 1014 1280 eos,
1038 1237 1232 1281 faciamque
1250 1241 1280 1268 te
1295 1234 1331 1267 in

283 1317 415 1353 qentem
452 1314 635 1350 mammam,-
670 1301 804 1345 Moyses
841 1305 954 1333 antem
986 1298 1105 1332 orabat
1143 1296 1332 1330 Dominum

284 1368 394 1403 Deum
415 1377 513 1401 suum
533 1365 647 1399 dicens
664 1373 674 1396 .“
691 1363 771 1403 Cur,
793 1362 948 1399 Domine,
967 1360 1112 1394 iracitur
1131 1358 1230 1401 furor
1255 1364 1333 1392 tuus

285 1432 404 1461 contra
420 1423 582 1471 populum
598 1429 711 1464 tuum,
724 1432 821 1467 quem
840 1420 988 1454 eduxisti
1004 1419 1044 1453 de
1059 1425 1151 1452 terra
1170 1417 1332 1463 AEqypst,

285 1488 321 1521 in
339 1485 540 1531 fortitudine
564 1493 702 1527 magau,
718 1487 748 1515 et
766 1482 802 1514 in
814 1491 919 1514 manu
938 1478 1102 1513 robusta?
1118 1477 1184 1518 Ne,
1202 1487 1332 1523 quoeso,

286 1548 400 1583 dicant
428 1545 607 1591 AEqyptii:
627 1542 759 1578 Calliste
776 1542 894 1576 eduxit
916 1552 985 1582 eos,
1011 1546 1048 1573 ut
1073 1539 1281 1583 interficeret
1300 1538 1336 1572 in

286 1606 471 1647 montibus,
506 1610 537 1639 et
573 1602 699 1638 deleret
734 1602 775 1636 de
809 1607 914 1642 terra,
942 1605 1010 1635 etc.
1039 1599 1169 1645 (Exod.
1203 1597 1336 1644 xxxu).

291 1666 422 1702 Omnes
443 1664 557 1700 sancti
577 1663 636 1707 qui
653 1663 716 1696 irae
734 1662 797 1695 Dei
814 1660 971 1701 obviant,
988 1659 1032 1694 ab
1050 1659 1127 1703 ipso
1146 1657 1337 1702 accipiunt,

290 1732 330 1761 ut
349 1731 472 1761 contra
506 1725 677 1768 impetum
711 1720 952 1766 percussionis
991 1719 1067 1763 ejus
1102 1723 1339 1763 opponantur,

294 1793 399 1830 atque
418 1790 457 1819 ut
486 1785 535 1818 ita
568 1782 731 1823 dixerim,
766 1791 846 1816 cum
868 1781 944 1825 ipso
964 1789 1002 1814 se
1035 1779 1177 1824 erigunt
1209 1782 1334 1813 contra

294 1846 422 1890 ipsum,
444 1853 575 1888 eosque
595 1843 648 1876 vis
681 1840 800 1875 divina
820 1840 887 1875 sibi
919 1839 1065 1885 opponit
1101 1848 1235 1880 secum,
1258 1838 1343 1882 quia

294 1905 330 1940 in
348 1915 390 1939 eo
409 1904 502 1948 quod
536 1902 724 1937 adversum
749 1900 928 1935 szevientis
950 1900 1039 1934 iram
1072 1899 1159 1934 soris
1179 1898 1342 1943 opponit,

294 1964 389 1999 intus
408 1973 470 1997 eos
489 1962 602 2007 gratia
622 1961 812 1996 irascentis
837 1960 948 2001 fovet,
971 1964 1006 1994 et
1041 1959 1258 1993 famulantes
1290 1958 1345 1991 in-

294 2024 405 2059 terius
423 2023 530 2064 levat,
548 2032 637 2066 quos
652 2022 753 2066 quasi
776 2020 1007 2054 adversantes
1022 2018 1181 2053 exterius
1201 2017 1343 2052 tolerat.

295 2082 420 2118 Portat
452 2091 537 2124 ergo
566 2085 689 2114 contra
724 2078 915 2112 dictionem
948 2078 1218 2123 deprecantium
1239 2088 1346 2122 quam

299 2142 446 2186 aspirat,
467 2144 504 2174 et
516 2139 614 2174 velut
639 2138 773 2172 nolenti
798 2137 1007 2182 imponitur,
1034 2138 1127 2182 quod
1150 2138 1287 2183 abipso
1308 2144 1347 2173 ut

302 2201 381 2242 fiat,
400 2200 606 2243 imperatur.
630 2197 740 2243 Moysi
772 2197 903 2231 etenim
930 2197 1016 2232 dicit
1035 2210 1041 2232 z
1065 2197 1206 2233 Dimitte
1224 2210 1289 2241 nte,
1311 2205 1349 2233 ut

299 2260 474 2295 irascatur
487 2257 584 2302 furor
604 2268 699 2291 meus
717 2262 835 2291 contra
853 2267 922 2299 eos,
945 2257 1139 2303 faciamque
1158 2264 1188 2292 te
1211 2259 1248 2293 in
1265 2269 1348 2303 qen-

303 2326 367 2354 tem
383 2329 558 2364 maqnam.
582 2318 673 2362 Quid
694 2324 748 2354 cst
765 2329 868 2354 servo
888 2319 1021 2362 dicere,
1043 2319 1185 2354 Dimitte
1199 2331 1266 2362 me,
1281 2321 1351 2356 nisi

303 2379 515 2424 deprecandi
536 2389 661 2415 ausum
687 2380 869 2425 praebere?
889 2391 931 2416 ac
955 2382 985 2416 si
1007 2381 1038 2416 ei
1070 2387 1192 2427 aperte
1211 2382 1350 2418 dicere-

303 2444 383 2473 tur:
411 2438 527 2474 Pensa
560 2444 733 2483 quantum
752 2440 843 2485 apud
869 2451 926 2476 me
943 2441 1077 2483 valeas,
1111 2446 1146 2476 et
1177 2451 1352 2486 cognosce

306 2499 388 2543 quia
407 2499 568 2534 obtinere
587 2500 722 2544 poteris
751 2500 924 2545 quidquid
952 2511 1017 2546 pro
1041 2501 1171 2546 populo
1205 2511 1347 2538 exoras.

306 2559 376 2596 Sed
395 2559 478 2595 dum
498 2560 574 2596 haec
599 2560 648 2595 ita
668 2561 752 2604 sint,
777 2561 895 2596 minus
913 2561 1063 2607 legentis
1084 2562 1243 2598 animum
1272 2573 1351 2599 mo-

303 2625 374 2662 vet,
403 2620 487 2664 quid
505 2625 561 2655 est
583 2620 678 2665 quod
696 2626 842 2657 econtra
862 2621 898 2656 in
915 2621 1010 2657 beati
1034 2621 1100 2658 Joh
1120 2623 1269 2658 historia
1289 2633 1354 2669 per

305 2679 470 2714 eumdem
487 2685 648 2715 sanctum
669 2680 785 2716 virum
803 2681 935 2716 dicitur
948 2681 1060 2716 :Deus
1077 2683 1178 2728 cujus
1195 2684 1353 2718 resistere

306 2740 368 2775 irae
387 2750 485 2774 nemo
509 2741 647 2785 potest?
680 2739 772 2786 (Job.
793 2741 860 2786 ix.)
888 2742 1015 2777 Mirum
1038 2743 1140 2779 valde
1165 2750 1232 2787 est,
1260 2745 1355 2789 quod

308 2799 370 2834 irae
389 2799 452 2834 Dei
471 2799 589 2835 nullus
621 2809 726 2844 posse
743 2801 911 2836 resistere
939 2801 1083 2846 dicitur,
1120 2813 1200 2838 cum
1225 2805 1356 2840 multos

310 2858 724 2905 indignationi-supernae
755 2860 1074 2898 animadversionis
1102 2863 1266 2901 obviasse
1284 2866 1357 2901 elo-

312 2919 393 2963 quia
414 2920 534 2955 divina
560 2925 751 2955 testantur.
770 2919 824 2955 An
844 2930 915 2956 non
936 2921 997 2956 irae
1016 2921 1079 2957 Dei
1099 2922 1194 2959 idem
1220 2924 1358 2970 Moyses

311 2977 458 3020 restitit,
478 2979 539 3023 qui
557 2988 622 3023 pro
641 2980 792 3014 cadente
821 2980 952 3025 populo
981 2986 1136 3024 erectuS,
1164 2982 1280 3028 ipsum
1300 2996 1359 3020 su-

310 3046 433 3083 pernae
449 3038 689 3082 percussionis
719 3039 906 3083 impetum,
933 3041 1059 3076 mortis
1089 3051 1161 3076 suae
1180 3043 1360 3081 oblatione
1375 3020 1412 3059 D
1428 3038 1577 3075 vitulum
1609 3043 1641 3073 et
1662 3038 1784 3072 choros
1813 3038 1992 3084 iratusque
2013 3037 2124 3080 valde,
2148 3036 2294 3083 projecit
2319 3035 2362 3070 de
2378 3028 2487 3069 manu

314 3096 504 3132 restrinxit
529 3097 676 3133 dicens:
703 3097 846 3132 Dimitte
879 3099 948 3134 illis
976 3100 1065 3134 hanc
1088 3111 1241 3136 noxam:
1274 3103 1362 3138 atio-

313 3157 397 3203 quin
410 3156 486 3192 dele
499 3167 552 3192 me
568 3157 610 3192 de
627 3156 713 3192 libro
732 3168 832 3204 quem
850 3159 1043 3205 scripsisti?
1055 3160 1110 3195 An
1130 3172 1202 3197 non
1219 3162 1281 3198 irae
1298 3162 1363 3198 Dei

313 3218 433 3253 Aaron
452 3217 600 3260 restitit,
620 3227 700 3253 cum
723 3218 817 3254 inter
831 3219 994 3255 viventes
1019 3230 1062 3256 ac
1078 3227 1252 3265 mortuos,
1277 3224 1362 3258 thu-

316 3278 472 3314 ribulum
503 3278 668 3324 sumpsit,
690 3282 798 3324 atque
822 3278 1142 3316 animadversionis
1162 3281 1278 3327 iguem
1310 3282 1365 3317 in-

317 3339 414 3374 censi
450 3337 548 3374 sumo
573 3338 812 3384 temperavit?
842 3338 899 3374 An
930 3349 1002 3374 non
1033 3338 1186 3376 Phinees
1219 3340 1282 3376 irae
1300 3341 1364 3377 Dei

317 3398 460 3440 restitit,
481 3398 542 3444 qui
560 3398 781 3434 luxuriantes
802 3407 884 3434 cum
898 3397 1106 3444 alienigenis
1125 3400 1161 3435 in
1177 3400 1254 3446 ipso
1268 3401 1364 3437 coitu

319 3457 513 3500 trucidans,
543 3458 659 3494 zelum
688 3467 791 3494 suum
811 3458 941 3494 divinae
963 3458 1198 3505 indignationi
1223 3461 1364 3503 obtulit,

321 3522 356 3552 et
373 3516 527 3553 furorem
547 3519 663 3565 gladio
679 3519 860 3565 placavit?
890 3518 947 3556 An
971 3529 1043 3556 non
1075 3520 1188 3556 David
1219 3521 1283 3557 irae
1302 3521 1367 3557 Dei

323 3576 468 3618 restitit,
490 3578 551 3624 qui
570 3580 694 3626 angelo
724 3581 867 3619 ferienti
896 3591 935 3619 se
953 3581 1121 3627 offerens,
1153 3582 1368 3629 placationis

324 3636 474 3680 gratiam
491 3642 526 3674 et
551 3643 634 3674 ante
649 3645 787 3687 tempus
807 3642 1032 3689 propositum
1052 3644 1197 3691 exegit?
1218 3643 1275 3681 An
1292 3654 1368 3681 non

324 3691 420 3760 Elias
439 3695 502 3732 irae
517 3695 582 3733 Dei
610 3699 754 3743 restitit,
774 3701 836 3747 qui
861 3701 966 3749 longo
981 3703 1059 3750 iam
1077 3707 1241 3751 tempore
1262 3708 1369 3741 terrae

331 3753 452 3810 aridae,
474 3755 668 3814 subductas
680 3759 724 3796 de
740 3760 833 3798 coelo
858 3761 999 3814 pluvias
1029 3763 1139 3801 verbo
1154 3754 1370 3803 revocavit?

333 3808 514 3855 Quomodo
529 3817 638 3864 igitur
654 3820 784 3859 diviuae
814 3822 879 3860 irae
900 3817 1167 3872 nuilum‘posse
1198 3811 1371 3864 resistere

1380 386 1478 422 tibus
1496 382 1788 421 demonstratur?
1808 381 1880 417 Sed
1910 381 1940 416 si
1969 378 2150 415 subtiliter
2175 381 2212 412 et
2240 375 2338 412 beati
2369 373 2435 410 Job

1380 446 1537 491 eloquia,
1554 450 1591 480 et
1610 444 1753 480 illorum
1773 440 1872 477 facta
1887 449 2093 487 pensamus,
2110 442 2146 474 et
2161 446 2289 473 verum
2309 444 2440 481 cogno-

1383 506 1530 547 scimus,
1556 504 1641 549 quia
1676 502 1807 538 divinae
1833 501 1897 536 irae
1915 510 1986 536 non
2018 498 2212 540 resistitur,
2244 501 2282 532 et
2298 505 2439 539 verum,

1383 565 1467 610 quia
1491 563 1595 599 multi
1615 572 1709 607 saepe
1736 560 1963 596 restiterunt.
1995 557 2158 602 Namque
2176 556 2338 602 plerique
2362 564 2444 590 san-

1384 629 1525 659 ctorum
1558 622 1621 656 irae
1652 619 1794 655 Domini
1833 618 1925 653 sicut
1958 615 2241 660 uniuscujusque
2277 612 2443 658 superius

1385 683 1472 718 ordo
1489 686 1658 716 narratur
1675 678 1831 720 edocuit,
1869 677 2038 712 resistere
2066 676 2278 721 probantur.
2312 671 2446 707 Resisti

1387 747 1506 777 autem
1526 741 1588 775 irae
1603 739 1667 774 Dei
1685 748 1756 773 non
1771 741 1904 782 potest,
1927 734 2028 780 cujus
2047 734 2124 780 ejus
2146 731 2344 778 indignatio
2362 741 2441 766 sese

1387 803 1488 838 utita
1508 801 1675 842 dixerim,
1705 797 1909 834 medullitus
1928 801 2060 831 movet.
2090 794 2176 837 Quae
2193 794 2278 828 dum
2306 802 2344 828 se
2371 803 2448 827 mo-

1388 867 1461 904 vet,
1483 862 1576 896 hane
1599 858 1774 904 oppositio
1789 857 1945 891 humana
1961 865 2031 890 non
2050 853 2194 896 retinet,
2214 862 2282 887 nec
2300 862 2338 888 se
2356 851 2451 886 utili-

1390 930 1446 960 ter
1464 922 1654 967 cujuslibet
1671 919 1876 965 deprecatio
1894 916 2034 961 objicit,
2056 925 2137 951 cum
2155 914 2265 950 semel
2286 915 2379 949 Deus
2407 913 2451 947 ab

2521 566 2540 686 i

2527 772 2540 823 i

2530 838 2540 910 ἐ

1393 984 1530 1019 intimis
1555 980 1743 1017 irascendo
1762 978 1930 1023 disponit.
1951 976 2043 1011 Hinc
2059 981 2114 1011 est
2129 975 2224 1010 enim
2243 973 2338 1018 quod
2354 972 2455 1018 Moy-

1394 1053 1452 1079 ses
1473 1042 1534 1087 qui
1570 1044 1711 1076 reatum
1740 1037 1850 1073 totius
1875 1036 1989 1081 plebis
2024 1034 2118 1080 apud
2150 1033 2340 1069 Dominum
2372 1041 2455 1077 pre-

1395 1102 1498 1138 cibus
1517 1100 1630 1138 tersit,
1656 1099 1812 1141 dumque
1832 1105 1870 1130 se
1890 1095 2028 1130 obicem
2047 1093 2189 1135 obtulit,
2222 1092 2351 1127 divinae
2382 1091 2454 1125 ira·
2528 1127 2540 1129 ⁷-

1397 1162 1536 1199 cundiae
1553 1160 1625 1194 vim
1647 1157 1816 1204 placavit,
1843 1155 1887 1190 ad
1912 1159 2054 1199 petram
2089 1153 2183 1188 Oreb
2210 1152 2374 1193 veniens,
2393 1159 2460 1195 pro

1349 1217 1381 1255 B
1402 1232 1503 1267 aquae
1536 1218 1756 1255 exhibitione
1789 1215 1965 1257 dissidens,
2002 1211 2294 1258 repromissionis
2326 1217 2460 1244 terram

1401 1281 1538 1327 ingredi
1554 1279 1706 1313 Domino
1720 1277 1898 1311 irascente
1915 1283 1984 1309 non
1995 1273 2126 1318 potuit.
2156 1271 2231 1305 Hac
2249 1271 2292 1306 de
2312 1280 2351 1304 re
2368 1279 2463 1314 saepe

1402 1341 1575 1377 accedens
1593 1338 1772 1383 affligitur,
1807 1345 1901 1380 saepe
1922 1333 2100 1370 desiderio
2119 1343 2158 1368 se
2178 1332 2358 1368 excitante
2388 1337 2465 1365 tur-

1402 1405 1523 1444 batur,
1545 1410 1581 1437 et
1601 1400 1784 1446 dispositae
1806 1398 1952 1434 ultionis
1982 1396 2208 1431 iracundiam
2241 1394 2415 1439 repellere
2442 1402 2463 1428 a

1404 1463 1600 1508 semetipso
1620 1471 1691 1497 non
1713 1460 1839 1503 valuit,
1858 1458 1919 1504 qui
1942 1458 2034 1493 hanc
2050 1456 2192 1492 volente
2216 1456 2370 1491 Domino
2390 1460 2427 1490 et
2446 1464 2467 1489 a

1404 1525 1548 1572 populo,
1586 1523 1734 1559 amovit.
1772 1521 1865 1556 Hinc
1898 1519 2010 1554 David
2046 1519 2131 1563 quia
2149 1522 2332 1564 prostrata
2363 1515 2468 1560 plebe

1404 1585 1633 1633 postmodum
1666 1583 1782 1629 angeli
1815 1581 1972 1628 gladium
1986 1589 2094 1625 prece
2115 1577 2352 1623 compescuit,
2369 1577 2470 1622 prius

1406 1648 1553 1692 plorans
1585 1650 1621 1680 et
1656 1643 1797 1690 ejulans
1833 1641 1939 1677 nudis
1971 1639 2124 1685 pedibus
2161 1638 2274 1673 lilium
2307 1636 2411 1683 sugit,
2434 1640 2471 1671 et

1409 1716 1594 1752 quousque
1621 1703 1820 1751 perpetrati
1847 1700 2018 1737 facinoris
2049 1700 2225 1734 ultionem
2253 1698 2296 1733 ad
2323 1697 2471 1742 plenum
2528 1728 2540 1729 s

1410 1768 1589 1811 reciperet
1606 1767 1699 1800 iram
1713 1763 1777 1798 Dei
1808 1771 2036 1807 nequaquam
2057 1760 2171 1795 valuit
2190 1769 2257 1805 pro
2278 1756 2471 1803 semetipso

1412 1834 1628 1872 temperare.
1650 1824 1741 1859 Hinc
1768 1823 1878 1863 Elias,
1916 1822 1983 1856 etsi
2002 1827 2041 1855 ut
2061 1822 2169 1855 homo
2185 1829 2314 1865 parum
2338 1816 2474 1862 aliquid

1413 1889 1516 1934 quasi
1535 1889 1578 1923 de
1606 1886 1728 1922 divina
1747 1882 2060 1918 animadversione
2079 1882 2242 1923 sentiret,
2273 1880 2333 1926 qui
2363 1878 2473 1914 verbo
2528 1874 2535 1918 ᾗ

1414 1949 1524 1984 coelos
1552 1945 1707 1991 aperuit,
1733 1949 1816 1978 autc
1835 1941 2119 1987 indignationem
2145 1939 2307 1974 mulieris
2325 1938 2475 1974 territus

1383 2009 1386 2013 '
1414 2017 1479 2052 per
1497 2007 1679 2041 desertum
1698 2003 1789 2049 fugit
1820 2007 1855 2038 et
1876 2012 1942 2048 pro
1977 2002 2173 2046 semetipso
2193 1999 2395 2034 infirmatus
2421 2002 2477 2033 est
2533 1996 2540 1997 ’

1417 2069 1453 2103 in
1476 2065 1720 2107 formidinem,
1742 2064 1803 2109 qui
1832 2062 1991 2098 furorem
2011 2061 2074 2097 Dei
2095 2061 2213 2106 placat
2241 2059 2320 2094 aliis
2338 2068 2403 2104 per
2422 2058 2478 2094 in·
2532 2055 2540 2081 1‘

1421 2126 1693 2163 terveiitionem.
1722 2125 1787 2159 lrae
1815 2124 1924 2169 igitur
1949 2123 2013 2157 Dei
2044 2122 2165 2157 resisti
2190 2121 2300 2163 valet,
2331 2119 2475 2165 quando

1419 2191 1494 2235 ipse
1514 2188 1575 2233 qui
1595 2188 1708 2222 iratus
1727 2191 1792 2227 est,
1815 2185 2022 2230 opitulatur,
2045 2189 2080 2218 et
2103 2183 2222 2217 resisti
2241 2181 2387 2217 omnino
2405 2190 2478 2216 non
2523 2196 2540 2203 ’-

1419 2248 1526 2288 valet,
1561 2246 1704 2292 quando
1738 2255 1776 2281 se
1809 2245 1853 2280 ad
1884 2244 2130 2279 ulciscendum
2160 2243 2307 2284 excitat,
2342 2241 2480 2285 etipse
2535 2263 2540 2266 -

1418 2318 1565 2355 precem
1580 2317 1660 2353 quae
1682 2306 1715 2341 ei
1743 2306 1919 2348 funditur,
1940 2315 2011 2340 non
2031 2310 2207 2350 acceptat.
2241 2302 2410 2339 Placatus
2430 2305 2479 2336 est
2519 2298 2540 2358 Ξ

1419 2370 1590 2404 Dominus
1620 2379 1661 2403 ne
1683 2368 1809 2413 faceret
1834 2365 1979 2409 malum,
2009 2365 2100 2412 qnod
2120 2365 2256 2400 locutus
2282 2364 2397 2409 fuerat
2417 2362 2482 2397 ad-
2520 2364 2540 2421 ἲ

1420 2440 1535 2465 versus
1552 2427 1716 2475 populum
1736 2438 1851 2462 suum.
1878 2426 1960 2462 Sive
1974 2427 2077 2472 juxta
2095 2425 2163 2460 alia
2179 2424 2414 2469 exemplaria,
2435 2422 2481 2457 Et
2531 2465 2535 2467 ‚

1419 2489 1624 2536 propitiatus
1643 2493 1692 2522 est
1710 2487 1880 2521 Dominus
1910 2486 1951 2521 de
1976 2484 2113 2520 matitia
2130 2495 2235 2530 quam
2261 2483 2350 2518 dixit
2367 2484 2482 2528 [acere

1419 2549 1546 2598 populo
1560 2560 1637 2584 suo.
1658 2547 1827 2582 Malitiam
1849 2547 1909 2582 hic
1926 2556 2069 2592 poenam
2088 2545 2239 2590 intelligi
2260 2543 2387 2586 voluit,
2407 2543 2480 2579 sic-

1420 2612 1474 2647 uti
1498 2615 1552 2646 est
1579 2610 1756 2645 aestimata
1783 2607 1921 2643 malitia
1938 2607 2056 2643 exitus
2088 2606 2243 2641 illorum.
2277 2603 2484 2640 Secundum
2531 2636 2533 2638 .

1421 2677 1514 2712 hanc
1526 2674 1716 2715 dicitur,et
1729 2671 1861 2706 bonum
1873 2677 1909 2706 et
1925 2670 2060 2705 malum
2075 2669 2191 2711 abeo,
2204 2678 2275 2703 non
2284 2667 2500 2715 secundum·
2523 2672 2526 2673 ’

1421 2737 1609 2778 malitiam,
1619 2745 1699 2780 quae
1708 2734 1872 2769 homines
1881 2732 1965 2768 mali
1975 2737 2070 2767 sunt.
2082 2730 2195 2766 Malus
2203 2730 2298 2766 enim
2307 2729 2403 2765 Deus
2413 2739 2483 2764 non
2495 2725 2506 2746 ¹*

1423 2805 1490 2842 est,
1508 2799 1570 2834 sed
1584 2797 1688 2833 malis
1702 2795 1834 2842 ingerit
1849 2794 1944 2830 mala
1962 2794 2046 2838 quia
2062 2794 2199 2839 justum
2220 2797 2288 2828 est.
2309 2791 2354 2826 Et
2373 2798 2521 2838 rever-,¹

1423 2872 1481 2896 sus
1500 2865 1548 2894 est
1566 2859 1702 2903 Moyses
1723 2856 1764 2891 de
1780 2861 1908 2897 monte,
1938 2861 2082 2901 portans
2111 2854 2199 2890 duas
2225 2853 2362 2888 tabulas
2387 2852 2501 2887 testi-

1424 2919 1532 2956 monii
1561 2928 1669 2953 manu
1704 2916 1769 2951 Dei
1804 2915 1953 2962 scriptas
1977 2925 2019 2951 ex
2043 2922 2191 2962 utraque
2224 2921 2337 2962 parte,
2371 2914 2484 2959 factas
2509 2919 2513 2930 ¹

1427 2990 1527 3027 opere
1556 2978 1633 3013 Dei.
1659 2976 1813 3023 Cumque
1840 2977 2148 3023 appropinquasset
2172 2975 2218 3012 ad
2236 2981 2367 3018 castra,
2400 2973 2487 3010 vidit

1430 3098 1565 3134 tabulas
1585 3104 1616 3132 et
1637 3097 1805 3143 confreqit
1821 3108 1879 3133 eas
1894 3097 1939 3132 ad
1956 3097 2108 3133 radicem
2122 3097 2262 3132 montis.
2277 3096 2394 3132 iratus
2411 3094 2473 3142 qui

1431 3159 1512 3195 dem
1533 3158 1672 3204 Moyses
1705 3158 1848 3194 videtur
1879 3157 2020 3193 tabulas
2052 3155 2250 3198 testimonii
2277 3156 2387 3202 digito
2421 3154 2493 3190 De

1432 3221 1600 3266 scriptas,
1616 3219 1794 3255 collisisse
1810 3224 1919 3263 atque
1937 3218 2108 3265 fregisse:
2128 3228 2258 3266 magno
2275 3222 2393 3253 tamen
2413 3225 2473 3262 my

1433 3280 1544 3316 sterio
1568 3279 1722 3325 figurata
1741 3283 1797 3314 est
1828 3278 1972 3314 iteratio
1994 3279 2214 3321 testamenti,
2239 3278 2410 3324 quoniam
2428 3287 2465 3313 v·

1431 3345 1491 3375 tus
1526 3338 1645 3374 fuerat
1679 3337 1907 3381 abolendum,
1948 3343 1984 3373 et
2008 3339 2300 3374 constituendum
2337 3346 2471 3375 novum

1432 3400 1679 3447 Arripiensque
1696 3398 1841 3435 vitulum
1859 3409 1959 3445 quem
1977 3399 2144 3444 fecerant,
2163 3399 2350 3435 combussit
2366 3405 2398 3435 et
2411 3409 2451 3435 co
2474 3418 2475 3423 =

1432 3460 1525 3496 trivit
1543 3470 1651 3507 usque
1671 3459 1716 3495 ad
1733 3458 1920 3506 pulverem,
1943 3469 2043 3505 quem
2060 3452 2188 3506 sparsit
2204 3459 2240 3494 in
2266 3470 2358 3506 aqua
2373 3464 2408 3500 et
2429 3458 2471 3495 d>

1434 3520 1485 3566 dig
1505 3531 1548 3556 ex
1565 3531 1605 3556 eo
1620 3525 1740 3567 potum
1765 3518 1848 3565 filiis
1871 3518 1998 3555 Israel.
2026 3518 2096 3555 Sed
2115 3519 2201 3565 quid
2226 3520 2294 3556 sibi
2314 3509 2458 3567 velitis
2475 3533 2478 3537 ·

1434 3582 1584 3627 vitulus,
1604 3591 1711 3628 quem
1730 3580 1894 3619 fecerunt
1913 3581 1979 3617 filii
1996 3581 2108 3618 Israel
2128 3582 2166 3618 in
2194 3582 2402 3631 solitudine,
2419 3567 2479 3622 a.

1435 3643 1524 3691 quid
1556 3641 1736 3691 significet
1769 3641 1866 3698 quod
1897 3640 2036 3688 Moyses
2069 3642 2187 3689 ipsum
2225 3631 2380 3690 vitulum
2412 3641 2475 3694 ig

1435 3703 1633 3742 combussit
1652 3729 1664 3748 ,
1683 3702 1959 3755 minutatimque
1997 3704 2179 3748 concidit,
2211 3695 2465 3757 θιὴξιιήἶῃιρ

1436 3773 1629 3819 aspergens
1646 3769 1772 3818 potum
1789 3763 1920 3817 populo
1932 3764 2053 3817 vdedit?
2072 3763 2118 3818 ‚Si
2130 3766 2239 3821 euim*
2261 3780 2264 3785 ·

2306 3813 2312 3821 '
2358 3822 2369 3832 .·
2445 3815 2465 3835 s,

1436 3825 1549 3882 digito
1561 3823 1641 3869 Dei,
1657 3823 1728 3862 hoc
1743 3828 1801 3863 est
1811 3824 2022 3872 operatione
2036 3823 2194 3872 Spiritus
2207 3824 2325 3866 sancti
