<?xml version="1.0" encoding="UTF-8"?>
<!DOCTYPE html PUBLIC "-//W3C//DTD XHTML 1.0 Transitional//EN"
    "http://www.w3.org/TR/xhtml1/DTD/xhtml1-transitional.dtd">
<html xmlns="http://www.w3.org/1999/xhtml" xml:lang="en" lang="en">
 <head>
  <title>
</title>
<meta http-equiv="Content-Type" content="text/html;charset=utf-8" />
  <meta name='ocr-system' content='tesseract 3.04.00' />
  <meta name='ocr-capabilities' content='ocr_page ocr_carea ocr_par ocr_line ocrx_word'/>
</head>
<body>
  <div class='ocr_page' id='page_1' title='image "./patrologiae00unknuoft_0128.png"; bbox 0 0 2540 4016; ppageno 0'>
   <div class='ocr_carea' id='block_1_1' title="bbox 261 121 329 165">
    <p class='ocr_par' dir='ltr' id='par_1_1' title="bbox 261 121 329 165">
     <span class='ocr_line' id='line_1_1' title="bbox 261 121 329 165; baseline -0.029 0"><span class='ocrx_word' id='word_1_1' title='bbox 261 121 329 165; x_wconf 63' lang='lat'>243</span> 
     </span>
    </p>
   </div>
   <div class='ocr_carea' id='block_1_2' title="bbox 697 101 1988 151">
    <p class='ocr_par' dir='ltr' id='par_1_2' title="bbox 697 101 1988 151">
     <span class='ocr_line' id='line_1_2' title="bbox 697 101 1988 151; baseline -0.008 0"><span class='ocrx_word' id='word_1_2' title='bbox 697 107 736 151; x_wconf 77' lang='grc' dir='ltr'>Β.</span> <span class='ocrx_word' id='word_1_3' title='bbox 762 110 931 150; x_wconf 79' lang='lat' dir='ltr'>RABANI</span> <span class='ocrx_word' id='word_1_4' title='bbox 956 107 1100 146; x_wconf 82' lang='lat' dir='ltr'>MAURI</span> <span class='ocrx_word' id='word_1_5' title='bbox 1123 103 1333 142; x_wconf 83' lang='lat' dir='ltr'>ARCHIEP.</span> <span class='ocrx_word' id='word_1_6' title='bbox 1364 102 1570 139; x_wconf 89' lang='lat' dir='ltr'><strong>MOGUNT.</strong></span> <span class='ocrx_word' id='word_1_7' title='bbox 1600 101 1790 139; x_wconf 81' lang='lat' dir='ltr'><strong>OPERUM</strong></span> <span class='ocrx_word' id='word_1_8' title='bbox 1813 102 1933 141; x_wconf 74' lang='lat' dir='ltr'>PARS</span> <span class='ocrx_word' id='word_1_9' title='bbox 1957 104 1988 142; x_wconf 89' lang='lat' dir='ltr'>t.</span> 
     </span>
    </p>
   </div>
   <div class='ocr_carea' id='block_1_3' title="bbox 2346 106 2418 143">
    <p class='ocr_par' dir='ltr' id='par_1_3' title="bbox 2346 106 2418 143">
     <span class='ocr_line' id='line_1_3' title="bbox 2346 106 2418 143; baseline 0 0"><span class='ocrx_word' id='word_1_10' title='bbox 2346 106 2418 143; x_wconf 69' lang='lat' dir='ltr'>su</span> 
     </span>
    </p>
   </div>
   <div class='ocr_carea' id='block_1_4' title="bbox 258 177 2422 247">
    <p class='ocr_par' dir='ltr' id='par_1_4' title="bbox 258 177 2422 247">
     <span class='ocr_line' id='line_1_4' title="bbox 258 177 2422 247; baseline -0.006 -16"><span class='ocrx_word' id='word_1_11' title='bbox 258 209 321 247; x_wconf 74' lang='lat' dir='ltr'>per</span> <span class='ocrx_word' id='word_1_12' title='bbox 337 195 581 244; x_wconf 75' lang='lat' dir='ltr'>hyacinthum,</span> <span class='ocrx_word' id='word_1_13' title='bbox 599 200 793 239; x_wconf 81' lang='lat' dir='ltr'>purpuram</span> <span class='ocrx_word' id='word_1_14' title='bbox 813 196 846 226; x_wconf 89' lang='lat' dir='ltr'>et</span> <span class='ocrx_word' id='word_1_15' title='bbox 866 192 1023 227; x_wconf 88' lang='lat' dir='ltr'>coccum,</span> <span class='ocrx_word' id='word_1_16' title='bbox 1049 183 1167 220; x_wconf 86' lang='lat' dir='ltr'>audita</span> <span class='ocrx_word' id='word_1_17' title='bbox 1186 181 1293 218; x_wconf 87' lang='lat' dir='ltr'>eoele-</span> <span class='ocrx_word' id='word_1_18' title='bbox 1311 179 1347 220; x_wconf 82' lang='lat' dir='ltr'>A</span> <span class='ocrx_word' id='word_1_19' title='bbox 1362 177 1494 225; x_wconf 76' lang='lat' dir='ltr'>fulgeat</span> <span class='ocrx_word' id='word_1_20' title='bbox 1525 177 1646 215; x_wconf 84' lang='lat' dir='ltr'>lumen</span> <span class='ocrx_word' id='word_1_21' title='bbox 1672 179 1847 225; x_wconf 73' lang='lat' dir='ltr'>scientiae,</span> <span class='ocrx_word' id='word_1_22' title='bbox 1874 185 1984 227; x_wconf 86' lang='lat' dir='ltr'>atque</span> <span class='ocrx_word' id='word_1_23' title='bbox 2003 180 2208 228; x_wconf 86' lang='lat' dir='ltr'>exemplum</span> <span class='ocrx_word' id='word_1_24' title='bbox 2226 181 2314 220; x_wconf 86' lang='lat' dir='ltr'>boni</span> <span class='ocrx_word' id='word_1_25' title='bbox 2333 191 2422 230; x_wconf 76' lang='lat' dir='ltr'>ope-</span> 
     </span>
    </p>
   </div>
   <div class='ocr_carea' id='block_1_5' title="bbox 245 243 1295 1028">
    <p class='ocr_par' dir='ltr' id='par_1_5' title="bbox 245 243 1295 1028">
     <span class='ocr_line' id='line_1_5' title="bbox 259 243 1294 301; baseline -0.016 -7"><span class='ocrx_word' id='word_1_26' title='bbox 259 259 322 294; x_wconf 80' lang='lat' dir='ltr'>stia</span> <span class='ocrx_word' id='word_1_27' title='bbox 356 262 514 301; x_wconf 78' lang='lat' dir='ltr'>sperare,</span> <span class='ocrx_word' id='word_1_28' title='bbox 545 254 703 295; x_wconf 83' lang='lat' dir='ltr'>eredere,</span> <span class='ocrx_word' id='word_1_29' title='bbox 733 260 854 287; x_wconf 79' lang='lat' dir='ltr'>amare</span> <span class='ocrx_word' id='word_1_30' title='bbox 885 259 954 284; x_wconf 92' lang='lat' dir='ltr'>non</span> <span class='ocrx_word' id='word_1_31' title='bbox 975 246 1153 286; x_wconf 85' lang='lat' dir='ltr'>desinunt,</span> <span class='ocrx_word' id='word_1_32' title='bbox 1184 243 1294 279; x_wconf 86' lang='lat' dir='ltr'>etiam</span> 
     </span>
     <span class='ocr_line' id='line_1_6' title="bbox 258 309 1292 364; baseline -0.015 -10"><span class='ocrx_word' id='word_1_33' title='bbox 258 327 335 364; x_wconf 83' lang='lat' dir='ltr'>quae</span> <span class='ocrx_word' id='word_1_34' title='bbox 357 316 474 352; x_wconf 81' lang='lat' dir='ltr'>adhuc</span> <span class='ocrx_word' id='word_1_35' title='bbox 493 314 672 351; x_wconf 80' lang='lat' dir='ltr'>subtiliori</span> <span class='ocrx_word' id='word_1_36' title='bbox 691 312 869 348; x_wconf 82' lang='lat' dir='ltr'>intellectu</span> <span class='ocrx_word' id='word_1_37' title='bbox 888 309 1035 345; x_wconf 86' lang='lat' dir='ltr'>minime</span> <span class='ocrx_word' id='word_1_38' title='bbox 1057 309 1292 351; x_wconf 84' lang='lat' dir='ltr'>cognoscunt,</span> 
     </span>
     <span class='ocr_line' id='line_1_7' title="bbox 255 366 1294 425; baseline -0.015 -9"><span class='ocrx_word' id='word_1_39' title='bbox 255 379 315 415; x_wconf 78' lang='lat' dir='ltr'>alii</span> <span class='ocrx_word' id='word_1_40' title='bbox 332 387 396 425; x_wconf 83' lang='lat' dir='ltr'>per</span> <span class='ocrx_word' id='word_1_41' title='bbox 410 378 557 425; x_wconf 81' lang='lat' dir='ltr'>byssum</span> <span class='ocrx_word' id='word_1_42' title='bbox 587 374 887 420; x_wconf 73' lang='lat' dir='ltr'>incorruptionem</span> <span class='ocrx_word' id='word_1_43' title='bbox 905 370 1022 406; x_wconf 87' lang='lat' dir='ltr'>carnis</span> <span class='ocrx_word' id='word_1_44' title='bbox 1045 367 1211 408; x_wconf 78' lang='lat' dir='ltr'>offerunt,</span> <span class='ocrx_word' id='word_1_45' title='bbox 1233 366 1294 401; x_wconf 89' lang='lat' dir='ltr'>alii</span> 
     </span>
     <span class='ocr_line' id='line_1_8' title="bbox 254 427 1295 486; baseline -0.014 -10"><span class='ocrx_word' id='word_1_46' title='bbox 254 450 318 486; x_wconf 84' lang='lat' dir='ltr'>per</span> <span class='ocrx_word' id='word_1_47' title='bbox 345 449 534 484; x_wconf 80' lang='lat' dir='ltr'>caprarum</span> <span class='ocrx_word' id='word_1_48' title='bbox 557 437 648 482; x_wconf 86' lang='lat' dir='ltr'>pilos</span> <span class='ocrx_word' id='word_1_49' title='bbox 672 434 855 479; x_wconf 83' lang='lat' dir='ltr'>deplorant</span> <span class='ocrx_word' id='word_1_50' title='bbox 877 439 1002 475; x_wconf 79' lang='lat' dir='ltr'>aspere</span> <span class='ocrx_word' id='word_1_51' title='bbox 1030 438 1109 474; x_wconf 87' lang='lat' dir='ltr'>quae</span> <span class='ocrx_word' id='word_1_52' title='bbox 1139 427 1295 463; x_wconf 72' lang='lat' dir='ltr'>libenter</span> 
     </span>
     <span class='ocr_line' id='line_1_9' title="bbox 254 491 1294 542; baseline -0.013 -5"><span class='ocrx_word' id='word_1_53' title='bbox 254 499 493 542; x_wconf 78' lang='lat' dir='ltr'>admisemnt3</span> <span class='ocrx_word' id='word_1_54' title='bbox 510 506 592 534; x_wconf 86' lang='lat' dir='ltr'>ecce</span> <span class='ocrx_word' id='word_1_55' title='bbox 610 506 653 531; x_wconf 78' lang='lat' dir='ltr'>ex</span> <span class='ocrx_word' id='word_1_56' title='bbox 673 499 768 529; x_wconf 87' lang='lat' dir='ltr'>tanta</span> <span class='ocrx_word' id='word_1_57' title='bbox 781 491 984 528; x_wconf 87' lang='lat' dir='ltr'>diversitate</span> <span class='ocrx_word' id='word_1_58' title='bbox 1000 500 1162 536; x_wconf 88' lang='lat' dir='ltr'>operum,</span> <span class='ocrx_word' id='word_1_59' title='bbox 1182 499 1294 525; x_wconf 90' lang='lat' dir='ltr'>unum</span> 
     </span>
     <span class='ocr_line' id='line_1_10' title="bbox 254 555 1291 600; baseline -0.012 1"><span class='ocrx_word' id='word_1_60' title='bbox 254 564 440 600; x_wconf 80' lang='lat' dir='ltr'>conficitur</span> <span class='ocrx_word' id='word_1_61' title='bbox 465 559 744 599; x_wconf 85' lang='lat' dir='ltr'>tabernaculum,</span> <span class='ocrx_word' id='word_1_62' title='bbox 775 557 867 592; x_wconf 88' lang='lat' dir='ltr'>sicut</span> <span class='ocrx_word' id='word_1_63' title='bbox 892 567 935 592; x_wconf 88' lang='lat' dir='ltr'>ex</span> <span class='ocrx_word' id='word_1_64' title='bbox 962 556 1103 592; x_wconf 76' lang='lat' dir='ltr'>diverso</span> <span class='ocrx_word' id='word_1_65' title='bbox 1130 555 1291 600; x_wconf 87' lang='lat' dir='ltr'>pulvere,</span> 
     </span>
     <span class='ocr_line' id='line_1_11' title="bbox 252 615 1292 668; baseline -0.01 -8"><span class='ocrx_word' id='word_1_66' title='bbox 252 635 321 660; x_wconf 88' lang='lat' dir='ltr'>una</span> <span class='ocrx_word' id='word_1_67' title='bbox 344 622 580 668; x_wconf 85' lang='lat' dir='ltr'>compingitur</span> <span class='ocrx_word' id='word_1_68' title='bbox 604 627 709 654; x_wconf 71' lang='lat' dir='ltr'>terrm</span> <span class='ocrx_word' id='word_1_69' title='bbox 730 617 846 663; x_wconf 77' lang='lat' dir='ltr'>gleba,</span> <span class='ocrx_word' id='word_1_70' title='bbox 870 615 1048 651; x_wconf 73' lang='lat' dir='ltr'>infusione</span> <span class='ocrx_word' id='word_1_71' title='bbox 1072 617 1186 651; x_wconf 84' lang='lat' dir='ltr'>saneti</span> <span class='ocrx_word' id='word_1_72' title='bbox 1211 615 1292 660; x_wconf 85' lang='lat' dir='ltr'>Spi-</span> 
     </span>
     <span class='ocr_line' id='line_1_12' title="bbox 248 674 1292 727; baseline -0.011 -8"><span class='ocrx_word' id='word_1_73' title='bbox 248 683 338 718; x_wconf 88' lang='lat' dir='ltr'>ritus</span> <span class='ocrx_word' id='word_1_74' title='bbox 365 682 520 727; x_wconf 85' lang='lat' dir='ltr'>irrigata.</span> <span class='ocrx_word' id='word_1_75' title='bbox 551 678 628 714; x_wconf 88' lang='lat' dir='ltr'>Jam</span> <span class='ocrx_word' id='word_1_76' title='bbox 660 687 767 722; x_wconf 88' lang='lat' dir='ltr'>porro</span> <span class='ocrx_word' id='word_1_77' title='bbox 786 677 879 721; x_wconf 86' lang='lat' dir='ltr'>ligna</span> <span class='ocrx_word' id='word_1_78' title='bbox 899 674 1036 710; x_wconf 85' lang='lat' dir='ltr'>Sethim</span> <span class='ocrx_word' id='word_1_79' title='bbox 1059 674 1292 720; x_wconf 84' lang='lat' dir='ltr'>imputribilia</span> 
     </span>
     <span class='ocr_line' id='line_1_13' title="bbox 247 736 1294 784; baseline -0.008 -7"><span class='ocrx_word' id='word_1_80' title='bbox 247 751 369 776; x_wconf 88' lang='lat' dir='ltr'>omnes</span> <span class='ocrx_word' id='word_1_81' title='bbox 390 739 501 775; x_wconf 84' lang='lat' dir='ltr'>sanct-i</span> <span class='ocrx_word' id='word_1_82' title='bbox 527 738 782 784; x_wconf 86' lang='lat' dir='ltr'>intelliguntur,</span> <span class='ocrx_word' id='word_1_83' title='bbox 802 741 923 771; x_wconf 86' lang='lat' dir='ltr'>mente</span> <span class='ocrx_word' id='word_1_84' title='bbox 948 741 984 771; x_wconf 91' lang='lat' dir='ltr'>et</span> <span class='ocrx_word' id='word_1_85' title='bbox 1002 745 1154 780; x_wconf 88' lang='lat' dir='ltr'>corpore</span> <span class='ocrx_word' id='word_1_86' title='bbox 1175 736 1294 770; x_wconf 85' lang='lat' dir='ltr'>incor-</span> 
     </span>
     <span class='ocr_line' id='line_1_14' title="bbox 246 797 1294 845; baseline -0.007 -10"><span class='ocrx_word' id='word_1_87' title='bbox 246 800 351 845; x_wconf 80' lang='lat' dir='ltr'><strong>rupti,</strong></span> <span class='ocrx_word' id='word_1_88' title='bbox 382 808 494 844; x_wconf 86' lang='lat' dir='ltr'>neque</span> <span class='ocrx_word' id='word_1_89' title='bbox 523 808 602 833; x_wconf 86' lang='lat' dir='ltr'>cum</span> <span class='ocrx_word' id='word_1_90' title='bbox 638 797 767 832; x_wconf 77' lang='lat' dir='ltr'>saeculo</span> <span class='ocrx_word' id='word_1_91' title='bbox 798 801 1011 842; x_wconf 76' lang='lat' dir='ltr'><strong>pereuntes,</strong></span> <span class='ocrx_word' id='word_1_92' title='bbox 1047 805 1189 840; x_wconf 86' lang='lat' dir='ltr'>semper</span> <span class='ocrx_word' id='word_1_93' title='bbox 1219 804 1294 829; x_wconf 84' lang='lat' dir='ltr'>ma-</span> 
     </span>
     <span class='ocr_line' id='line_1_15' title="bbox 245 857 1290 905; baseline -0.007 -8"><span class='ocrx_word' id='word_1_94' title='bbox 245 865 371 897; x_wconf 81' lang='lat' dir='ltr'>nentes</span> <span class='ocrx_word' id='word_1_95' title='bbox 387 860 522 896; x_wconf 80' lang='lat' dir='ltr'>aeterni.</span> <span class='ocrx_word' id='word_1_96' title='bbox 543 859 692 905; x_wconf 79' lang='lat' dir='ltr'>Lapides</span> <span class='ocrx_word' id='word_1_97' title='bbox 709 867 850 904; x_wconf 88' lang='lat' dir='ltr'>quoque</span> <span class='ocrx_word' id='word_1_98' title='bbox 867 857 1030 902; x_wconf 79' lang='lat' dir='ltr'>pretiosi,</span> <span class='ocrx_word' id='word_1_99' title='bbox 1050 857 1290 898; x_wconf 76' lang='lat' dir='ltr'>confessores,</span> 
     </span>
     <span class='ocr_line' id='line_1_16' title="bbox 245 917 1292 969; baseline -0.005 -12"><span class='ocrx_word' id='word_1_100' title='bbox 245 922 410 969; x_wconf 86' lang='lat' dir='ltr'>apostoli,</span> <span class='ocrx_word' id='word_1_101' title='bbox 443 920 657 962; x_wconf 80' lang='lat' dir='ltr'>sacerdotes,</span> <span class='ocrx_word' id='word_1_102' title='bbox 691 929 887 965; x_wconf 86' lang='lat' dir='ltr'>omnesque</span> <span class='ocrx_word' id='word_1_103' title='bbox 916 918 1018 965; x_wconf 91' lang='lat' dir='ltr'>justi.</span> <span class='ocrx_word' id='word_1_104' title='bbox 1053 917 1149 962; x_wconf 84' lang='lat' dir='ltr'>Quos</span> <span class='ocrx_word' id='word_1_105' title='bbox 1182 917 1292 953; x_wconf 90' lang='lat' dir='ltr'>etiam</span> 
     </span>
     <span class='ocr_line' id='line_1_17' title="bbox 245 978 1292 1028; baseline -0.005 -11"><span class='ocrx_word' id='word_1_106' title='bbox 245 981 378 1028; x_wconf 88' lang='lat' dir='ltr'>Iapides</span> <span class='ocrx_word' id='word_1_107' title='bbox 406 982 506 1016; x_wconf 80' lang='lat' dir='ltr'>vivos</span> <span class='ocrx_word' id='word_1_108' title='bbox 521 982 646 1016; x_wconf 86' lang='lat' dir='ltr'>beatus</span> <span class='ocrx_word' id='word_1_109' title='bbox 662 980 790 1015; x_wconf 92' lang='lat' dir='ltr'>Petrus</span> <span class='ocrx_word' id='word_1_110' title='bbox 810 980 991 1025; x_wconf 70' lang='lat' dir='ltr'>apostolus</span> <span class='ocrx_word' id='word_1_111' title='bbox 1010 979 1120 1014; x_wconf 84' lang='lat' dir='ltr'>dicit:</span> <span class='ocrx_word' id='word_1_112' title='bbox 1139 978 1183 1013; x_wconf 87' lang='lat' dir='ltr'>Ut</span> <span class='ocrx_word' id='word_1_113' title='bbox 1202 979 1292 1020; x_wconf 84' lang='lat' dir='ltr'>sitis,</span> 
     </span>
    </p>
   </div>
   <div class='ocr_carea' id='block_1_6' title="bbox 203 1037 1292 1150">
    <p class='ocr_par' dir='ltr' id='par_1_6' title="bbox 203 1037 1292 1150">
     <span class='ocr_line' id='line_1_18' title="bbox 203 1037 1291 1086; baseline -0.004 -10"><span class='ocrx_word' id='word_1_114' title='bbox 203 1062 208 1085; x_wconf 59' lang='lat'><em>2</em></span> <span class='ocrx_word' id='word_1_115' title='bbox 245 1041 371 1086; x_wconf 87' lang='lat' dir='ltr'>inquit,</span> <span class='ocrx_word' id='word_1_116' title='bbox 393 1041 523 1086; x_wconf 84' lang='lat' dir='ltr'>lapides</span> <span class='ocrx_word' id='word_1_117' title='bbox 545 1041 622 1083; x_wconf 79' lang='lat' dir='ltr'>vivi,</span> <span class='ocrx_word' id='word_1_118' title='bbox 643 1040 849 1084; x_wconf 51' lang='lat' dir='ltr'>coaedificati</span> <span class='ocrx_word' id='word_1_119' title='bbox 870 1038 1047 1084; x_wconf 82' lang='lat' dir='ltr'>intemplo</span> <span class='ocrx_word' id='word_1_120' title='bbox 1066 1038 1127 1073; x_wconf 87' lang='lat' dir='ltr'>Dei</span> <span class='ocrx_word' id='word_1_121' title='bbox 1146 1038 1177 1085; x_wconf 87' lang='lat'>(1</span> <span class='ocrx_word' id='word_1_122' title='bbox 1198 1037 1291 1073; x_wconf 86' lang='lat' dir='ltr'>Petr.</span> 
     </span>
     <span class='ocr_line' id='line_1_19' title="bbox 204 1100 1292 1150; baseline -0.006 -10"><span class='ocrx_word' id='word_1_123' title='bbox 204 1102 215 1111; x_wconf 54' lang='lat'><em>*</em></span> <span class='ocrx_word' id='word_1_124' title='bbox 244 1104 300 1150; x_wconf 84' lang='lat' dir='ltr'>lt).</span> <span class='ocrx_word' id='word_1_125' title='bbox 328 1103 412 1138; x_wconf 87' lang='lat' dir='ltr'>Haee</span> <span class='ocrx_word' id='word_1_126' title='bbox 442 1103 551 1148; x_wconf 85' lang='lat' dir='ltr'>igitur</span> <span class='ocrx_word' id='word_1_127' title='bbox 582 1102 702 1137; x_wconf 88' lang='lat' dir='ltr'>omnia</span> <span class='ocrx_word' id='word_1_128' title='bbox 733 1101 932 1136; x_wconf 74' lang='lat' dir='ltr'>offeruntur</span> <span class='ocrx_word' id='word_1_129' title='bbox 968 1101 1002 1135; x_wconf 93' lang='lat' dir='ltr'>in</span> <span class='ocrx_word' id='word_1_130' title='bbox 1024 1100 1292 1135; x_wconf 84' lang='lat' dir='ltr'>tabernaculum</span> 
     </span>
    </p>
   </div>
   <div class='ocr_carea' id='block_1_7' title="bbox 243 1162 1300 3711">
    <p class='ocr_par' dir='ltr' id='par_1_7' title="bbox 243 1162 1300 3711">
     <span class='ocr_line' id='line_1_20' title="bbox 245 1162 1294 1209; baseline -0.006 -8"><span class='ocrx_word' id='word_1_131' title='bbox 245 1165 320 1204; x_wconf 84' lang='lat' dir='ltr'>Dei,</span> <span class='ocrx_word' id='word_1_132' title='bbox 346 1170 387 1200; x_wconf 90' lang='lat' dir='ltr'>ut</span> <span class='ocrx_word' id='word_1_133' title='bbox 407 1164 524 1199; x_wconf 91' lang='lat' dir='ltr'>nullus</span> <span class='ocrx_word' id='word_1_134' title='bbox 542 1164 707 1209; x_wconf 84' lang='lat' dir='ltr'>desperet</span> <span class='ocrx_word' id='word_1_135' title='bbox 726 1163 890 1198; x_wconf 89' lang='lat' dir='ltr'>salutem.</span> <span class='ocrx_word' id='word_1_136' title='bbox 910 1162 1022 1198; x_wconf 70' lang='lat' dir='ltr'>Olfert</span> <span class='ocrx_word' id='word_1_137' title='bbox 1041 1171 1146 1207; x_wconf 89' lang='lat' dir='ltr'>super</span> <span class='ocrx_word' id='word_1_138' title='bbox 1164 1163 1239 1197; x_wconf 69' lang='lat' dir='ltr'>htec</span> <span class='ocrx_word' id='word_1_139' title='bbox 1258 1166 1294 1196; x_wconf 89' lang='lat' dir='ltr'>et</span> 
     </span>
     <span class='ocr_line' id='line_1_21' title="bbox 245 1225 1290 1270; baseline -0.003 -9"><span class='ocrx_word' id='word_1_140' title='bbox 245 1226 337 1261; x_wconf 84' lang='lat' dir='ltr'>alius</span> <span class='ocrx_word' id='word_1_141' title='bbox 371 1235 519 1268; x_wconf 88' lang='lat' dir='ltr'>aurum,</span> <span class='ocrx_word' id='word_1_142' title='bbox 554 1235 718 1268; x_wconf 85' lang='lat' dir='ltr'>sensu1n;</span> <span class='ocrx_word' id='word_1_143' title='bbox 755 1225 845 1260; x_wconf 81' lang='lat' dir='ltr'>alius</span> <span class='ocrx_word' id='word_1_144' title='bbox 870 1229 1070 1270; x_wconf 71' lang='lat' dir='ltr'>argentum,</span> <span class='ocrx_word' id='word_1_145' title='bbox 1091 1225 1290 1269; x_wconf 80' lang='lat' dir='ltr'>eloquium3</span> 
     </span>
     <span class='ocr_line' id='line_1_22' title="bbox 246 1286 1293 1331; baseline -0.001 -10"><span class='ocrx_word' id='word_1_146' title='bbox 246 1287 336 1321; x_wconf 83' lang='lat' dir='ltr'>alius</span> <span class='ocrx_word' id='word_1_147' title='bbox 355 1296 490 1327; x_wconf 81' lang='lat' dir='ltr'>vocem,</span> <span class='ocrx_word' id='word_1_148' title='bbox 513 1296 582 1329; x_wconf 86' lang='lat' dir='ltr'>aes;</span> <span class='ocrx_word' id='word_1_149' title='bbox 610 1286 731 1331; x_wconf 89' lang='lat' dir='ltr'>sicque</span> <span class='ocrx_word' id='word_1_150' title='bbox 757 1286 867 1321; x_wconf 85' lang='lat' dir='ltr'>multa</span> <span class='ocrx_word' id='word_1_151' title='bbox 892 1286 979 1320; x_wconf 84' lang='lat' dir='ltr'>liunt</span> <span class='ocrx_word' id='word_1_152' title='bbox 1005 1286 1040 1320; x_wconf 91' lang='lat' dir='ltr'>in</span> <span class='ocrx_word' id='word_1_153' title='bbox 1064 1286 1293 1321; x_wconf 80' lang='lat' dir='ltr'>tabernaculo</span> 
     </span>
     <span class='ocr_line' id='line_1_23' title="bbox 246 1347 1292 1391; baseline 0 -8"><span class='ocrx_word' id='word_1_154' title='bbox 246 1347 309 1383; x_wconf 88' lang='lat' dir='ltr'>Dei</span> <span class='ocrx_word' id='word_1_155' title='bbox 335 1360 342 1382; x_wconf 94' lang='lat'>:</span> <span class='ocrx_word' id='word_1_156' title='bbox 369 1355 491 1383; x_wconf 74' lang='lat' dir='ltr'>mensa</span> <span class='ocrx_word' id='word_1_157' title='bbox 518 1347 653 1383; x_wconf 88' lang='lat' dir='ltr'>seilicet</span> <span class='ocrx_word' id='word_1_158' title='bbox 691 1353 726 1383; x_wconf 89' lang='lat' dir='ltr'>et</span> <span class='ocrx_word' id='word_1_159' title='bbox 759 1347 1030 1391; x_wconf 86' lang='lat' dir='ltr'>candelabrum;</span> <span class='ocrx_word' id='word_1_160' title='bbox 1074 1349 1205 1390; x_wconf 87' lang='lat' dir='ltr'>altare,</span> <span class='ocrx_word' id='word_1_161' title='bbox 1231 1358 1292 1383; x_wconf 87' lang='lat' dir='ltr'>eo-</span> 
     </span>
     <span class='ocr_line' id='line_1_24' title="bbox 243 1408 1291 1454; baseline -0.001 -11"><span class='ocrx_word' id='word_1_162' title='bbox 243 1408 387 1451; x_wconf 84' lang='lat' dir='ltr'>lumnae,</span> <span class='ocrx_word' id='word_1_163' title='bbox 417 1409 543 1451; x_wconf 86' lang='lat' dir='ltr'>bases,</span> <span class='ocrx_word' id='word_1_164' title='bbox 578 1408 718 1451; x_wconf 81' lang='lat' dir='ltr'>tabulae,</span> <span class='ocrx_word' id='word_1_165' title='bbox 739 1413 910 1452; x_wconf 77' lang='lat' dir='ltr'>eraterae,</span> <span class='ocrx_word' id='word_1_166' title='bbox 932 1409 1070 1454; x_wconf 84' lang='lat' dir='ltr'>scyphi,</span> <span class='ocrx_word' id='word_1_167' title='bbox 1095 1408 1291 1451; x_wconf 89' lang='lat' dir='ltr'>thuribula,</span> 
     </span>
     <span class='ocr_line' id='line_1_25' title="bbox 243 1468 1291 1515; baseline -0.001 -11"><span class='ocrx_word' id='word_1_168' title='bbox 243 1469 388 1515; x_wconf 78' lang='lat' dir='ltr'>phialae,</span> <span class='ocrx_word' id='word_1_169' title='bbox 418 1469 642 1511; x_wconf 85' lang='lat' dir='ltr'>mortariola,</span> <span class='ocrx_word' id='word_1_170' title='bbox 675 1469 915 1511; x_wconf 86' lang='lat' dir='ltr'>emunctoria,</span> <span class='ocrx_word' id='word_1_171' title='bbox 946 1469 1085 1514; x_wconf 79' lang='lat' dir='ltr'>paxilli,</span> <span class='ocrx_word' id='word_1_172' title='bbox 1123 1468 1291 1512; x_wconf 89' lang='lat' dir='ltr'>tentoria,</span> 
     </span>
     <span class='ocr_line' id='line_1_26' title="bbox 245 1531 1290 1577; baseline 0 -11"><span class='ocrx_word' id='word_1_173' title='bbox 245 1531 374 1577; x_wconf 90' lang='lat' dir='ltr'>quibus</span> <span class='ocrx_word' id='word_1_174' title='bbox 399 1531 666 1567; x_wconf 89' lang='lat' dir='ltr'>diversitatibus</span> <span class='ocrx_word' id='word_1_175' title='bbox 699 1536 771 1566; x_wconf 81' lang='lat' dir='ltr'>tota</span> <span class='ocrx_word' id='word_1_176' title='bbox 802 1531 860 1566; x_wconf 86' lang='lat' dir='ltr'>illa</span> <span class='ocrx_word' id='word_1_177' title='bbox 891 1531 1127 1574; x_wconf 83' lang='lat' dir='ltr'>tabernaculi,</span> <span class='ocrx_word' id='word_1_178' title='bbox 1161 1531 1196 1566; x_wconf 89' lang='lat' dir='ltr'>id</span> <span class='ocrx_word' id='word_1_179' title='bbox 1223 1537 1290 1574; x_wconf 90' lang='lat' dir='ltr'>est,</span> 
     </span>
     <span class='ocr_line' id='line_1_27' title="bbox 244 1591 1294 1638; baseline -0.001 -11"><span class='ocrx_word' id='word_1_180' title='bbox 244 1591 412 1628; x_wconf 76' lang='lat' dir='ltr'>Ecclesiae</span> <span class='ocrx_word' id='word_1_181' title='bbox 434 1591 660 1638; x_wconf 89' lang='lat' dir='ltr'>pulchritudo</span> <span class='ocrx_word' id='word_1_182' title='bbox 687 1592 931 1638; x_wconf 82' lang='lat' dir='ltr'>distinguitur.</span> <span class='ocrx_word' id='word_1_183' title='bbox 959 1592 1049 1627; x_wconf 83' lang='lat' dir='ltr'>Nam</span> <span class='ocrx_word' id='word_1_184' title='bbox 1078 1592 1294 1627; x_wconf 88' lang='lat' dir='ltr'>tabernacu-</span> 
     </span>
     <span class='ocr_line' id='line_1_28' title="bbox 244 1651 1293 1697; baseline 0.002 -11"><span class='ocrx_word' id='word_1_185' title='bbox 244 1651 317 1687; x_wconf 86' lang='lat' dir='ltr'>lum</span> <span class='ocrx_word' id='word_1_186' title='bbox 339 1652 498 1687; x_wconf 79' lang='lat' dir='ltr'>Ecclesia</span> <span class='ocrx_word' id='word_1_187' title='bbox 522 1656 591 1695; x_wconf 89' lang='lat' dir='ltr'>est,</span> <span class='ocrx_word' id='word_1_188' title='bbox 612 1653 648 1687; x_wconf 92' lang='lat' dir='ltr'>in</span> <span class='ocrx_word' id='word_1_189' title='bbox 677 1662 747 1697; x_wconf 90' lang='lat' dir='ltr'>qua</span> <span class='ocrx_word' id='word_1_190' title='bbox 771 1657 825 1687; x_wconf 90' lang='lat' dir='ltr'>est</span> <span class='ocrx_word' id='word_1_191' title='bbox 855 1662 994 1695; x_wconf 84' lang='lat' dir='ltr'>mensa,</span> <span class='ocrx_word' id='word_1_192' title='bbox 1025 1653 1059 1688; x_wconf 92' lang='lat' dir='ltr'>id</span> <span class='ocrx_word' id='word_1_193' title='bbox 1083 1658 1152 1695; x_wconf 86' lang='lat' dir='ltr'>est,</span> <span class='ocrx_word' id='word_1_194' title='bbox 1173 1653 1293 1689; x_wconf 80' lang='lat' dir='ltr'>unitas</span> 
     </span>
     <span class='ocr_line' id='line_1_29' title="bbox 246 1710 1294 1758; baseline 0.003 -12"><span class='ocrx_word' id='word_1_195' title='bbox 246 1710 342 1755; x_wconf 82' lang='lat' dir='ltr'>fidei,</span> <span class='ocrx_word' id='word_1_196' title='bbox 363 1711 418 1746; x_wconf 86' lang='lat' dir='ltr'>vel</span> <span class='ocrx_word' id='word_1_197' title='bbox 436 1717 534 1747; x_wconf 90' lang='lat' dir='ltr'>certe</span> <span class='ocrx_word' id='word_1_198' title='bbox 554 1711 740 1758; x_wconf 82' lang='lat' dir='ltr'>Scriptura</span> <span class='ocrx_word' id='word_1_199' title='bbox 760 1722 876 1755; x_wconf 88' lang='lat' dir='ltr'>sacra,</span> <span class='ocrx_word' id='word_1_200' title='bbox 897 1723 967 1758; x_wconf 87' lang='lat' dir='ltr'>qua</span> <span class='ocrx_word' id='word_1_201' title='bbox 990 1713 1148 1749; x_wconf 90' lang='lat' dir='ltr'>universi</span> <span class='ocrx_word' id='word_1_202' title='bbox 1171 1713 1294 1749; x_wconf 80' lang='lat' dir='ltr'>fideles</span> 
     </span>
     <span class='ocr_line' id='line_1_30' title="bbox 246 1776 1294 1823; baseline 0.001 -12"><span class='ocrx_word' id='word_1_203' title='bbox 246 1776 421 1821; x_wconf 87' lang='lat' dir='ltr'>spirituali</span> <span class='ocrx_word' id='word_1_204' title='bbox 443 1776 521 1811; x_wconf 89' lang='lat' dir='ltr'>cibo</span> <span class='ocrx_word' id='word_1_205' title='bbox 540 1782 746 1821; x_wconf 90' lang='lat' dir='ltr'>pascuntur.</span> <span class='ocrx_word' id='word_1_206' title='bbox 770 1776 1032 1812; x_wconf 80' lang='lat' dir='ltr'>Candelabrum</span> <span class='ocrx_word' id='word_1_207' title='bbox 1051 1787 1193 1823; x_wconf 89' lang='lat' dir='ltr'>quoque</span> <span class='ocrx_word' id='word_1_208' title='bbox 1213 1787 1294 1813; x_wconf 87' lang='lat' dir='ltr'>cum</span> 
     </span>
     <span class='ocr_line' id='line_1_31' title="bbox 246 1838 1292 1885; baseline 0.002 -13"><span class='ocrx_word' id='word_1_209' title='bbox 246 1843 381 1883; x_wconf 86' lang='lat' dir='ltr'>septem</span> <span class='ocrx_word' id='word_1_210' title='bbox 413 1838 578 1879; x_wconf 89' lang='lat' dir='ltr'>lucernis,</span> <span class='ocrx_word' id='word_1_211' title='bbox 613 1838 777 1874; x_wconf 82' lang='lat' dir='ltr'>Christus</span> <span class='ocrx_word' id='word_1_212' title='bbox 815 1849 897 1874; x_wconf 87' lang='lat' dir='ltr'>cum</span> <span class='ocrx_word' id='word_1_213' title='bbox 937 1845 1074 1885; x_wconf 84' lang='lat' dir='ltr'>septem</span> <span class='ocrx_word' id='word_1_214' title='bbox 1115 1840 1292 1876; x_wconf 88' lang='lat' dir='ltr'>ecclesiis.</span> 
     </span>
     <span class='ocr_line' id='line_1_32' title="bbox 245 1898 1296 1945; baseline 0.002 -13"><span class='ocrx_word' id='word_1_215' title='bbox 245 1898 473 1933; x_wconf 89' lang='lat' dir='ltr'>Emunetoria</span> <span class='ocrx_word' id='word_1_216' title='bbox 501 1908 644 1944; x_wconf 85' lang='lat' dir='ltr'>quoque</span> <span class='ocrx_word' id='word_1_217' title='bbox 675 1899 765 1944; x_wconf 89' lang='lat' dir='ltr'>ejus,</span> <span class='ocrx_word' id='word_1_218' title='bbox 795 1899 863 1935; x_wconf 92' lang='lat' dir='ltr'>hoc</span> <span class='ocrx_word' id='word_1_219' title='bbox 892 1905 946 1934; x_wconf 85' lang='lat' dir='ltr'>est</span> <span class='ocrx_word' id='word_1_220' title='bbox 975 1900 1156 1945; x_wconf 87' lang='lat' dir='ltr'>geminum</span> <span class='ocrx_word' id='word_1_221' title='bbox 1189 1904 1296 1934; x_wconf 83' lang='lat' dir='ltr'>testa-</span> 
     </span>
     <span class='ocr_line' id='line_1_33' title="bbox 245 1959 1296 2003; baseline -0.001 -8"><span class='ocrx_word' id='word_1_222' title='bbox 245 1964 415 2003; x_wconf 85' lang='lat' dir='ltr'>mentum,</span> <span class='ocrx_word' id='word_1_223' title='bbox 442 1966 478 1995; x_wconf 91' lang='lat' dir='ltr'>et</span> <span class='ocrx_word' id='word_1_224' title='bbox 505 1960 691 2002; x_wconf 81' lang='lat' dir='ltr'>columnae,</span> <span class='ocrx_word' id='word_1_225' title='bbox 713 1960 878 1995; x_wconf 89' lang='lat' dir='ltr'>doctores</span> <span class='ocrx_word' id='word_1_226' title='bbox 910 1961 1040 2002; x_wconf 85' lang='lat' dir='ltr'>saneti,</span> <span class='ocrx_word' id='word_1_227' title='bbox 1064 1959 1234 1994; x_wconf 83' lang='lat' dir='ltr'>firmitate</span> <span class='ocrx_word' id='word_1_228' title='bbox 1255 1959 1296 1994; x_wconf 84' lang='lat' dir='ltr'>li-</span> 
     </span>
     <span class='ocr_line' id='line_1_34' title="bbox 246 2020 1295 2067; baseline -0.001 -10"><span class='ocrx_word' id='word_1_229' title='bbox 246 2021 302 2057; x_wconf 91' lang='lat' dir='ltr'>dei</span> <span class='ocrx_word' id='word_1_230' title='bbox 324 2021 486 2064; x_wconf 85' lang='lat' dir='ltr'>solidati;</span> <span class='ocrx_word' id='word_1_231' title='bbox 510 2031 648 2056; x_wconf 90' lang='lat' dir='ltr'>necnon</span> <span class='ocrx_word' id='word_1_232' title='bbox 669 2025 706 2055; x_wconf 91' lang='lat' dir='ltr'>et</span> <span class='ocrx_word' id='word_1_233' title='bbox 724 2022 844 2062; x_wconf 87' lang='lat' dir='ltr'>bases,</span> <span class='ocrx_word' id='word_1_234' title='bbox 874 2020 908 2056; x_wconf 92' lang='lat' dir='ltr'>id</span> <span class='ocrx_word' id='word_1_235' title='bbox 939 2026 1006 2062; x_wconf 90' lang='lat' dir='ltr'>est,</span> <span class='ocrx_word' id='word_1_236' title='bbox 1025 2021 1209 2067; x_wconf 77' lang='lat' dir='ltr'>prophetae</span> <span class='ocrx_word' id='word_1_237' title='bbox 1230 2031 1295 2057; x_wconf 88' lang='lat' dir='ltr'>suo</span> 
     </span>
     <span class='ocr_line' id='line_1_35' title="bbox 246 2079 1294 2125; baseline 0.003 -11"><span class='ocrx_word' id='word_1_238' title='bbox 246 2079 452 2115; x_wconf 79' lang='lat' dir='ltr'>fundamine</span> <span class='ocrx_word' id='word_1_239' title='bbox 472 2085 686 2114; x_wconf 84' lang='lat' dir='ltr'>structuram</span> <span class='ocrx_word' id='word_1_240' title='bbox 710 2084 891 2125; x_wconf 83' lang='lat' dir='ltr'>gestantes</span> <span class='ocrx_word' id='word_1_241' title='bbox 910 2080 1092 2116; x_wconf 55' lang='lat' dir='ltr'>Ecclesiae.</span> <span class='ocrx_word' id='word_1_242' title='bbox 1115 2081 1165 2117; x_wconf 89' lang='lat' dir='ltr'>Ibi</span> <span class='ocrx_word' id='word_1_243' title='bbox 1185 2082 1294 2117; x_wconf 86' lang='lat' dir='ltr'>etiam</span> 
     </span>
     <span class='ocr_line' id='line_1_36' title="bbox 245 2138 1294 2188; baseline 0.003 -14"><span class='ocrx_word' id='word_1_244' title='bbox 245 2145 282 2174; x_wconf 89' lang='lat' dir='ltr'>et</span> <span class='ocrx_word' id='word_1_245' title='bbox 300 2139 442 2188; x_wconf 74' lang='lat' dir='ltr'>tabulre,</span> <span class='ocrx_word' id='word_1_246' title='bbox 463 2138 611 2184; x_wconf 86' lang='lat' dir='ltr'>apostoli</span> <span class='ocrx_word' id='word_1_247' title='bbox 631 2139 895 2183; x_wconf 62' lang='lat' dir='ltr'>praedicationis</span> <span class='ocrx_word' id='word_1_248' title='bbox 929 2140 1117 2176; x_wconf 80' lang='lat' dir='ltr'>latitudine·</span> <span class='ocrx_word' id='word_1_249' title='bbox 1137 2141 1294 2184; x_wconf 89' lang='lat' dir='ltr'>dilatati;</span> 
     </span>
     <span class='ocr_line' id='line_1_37' title="bbox 246 2192 1296 2249; baseline 0.002 -13"><span class='ocrx_word' id='word_1_250' title='bbox 246 2201 296 2236; x_wconf 92' lang='lat' dir='ltr'>ibi</span> <span class='ocrx_word' id='word_1_251' title='bbox 317 2202 484 2244; x_wconf 86' lang='lat' dir='ltr'>tentoria,</span> <span class='ocrx_word' id='word_1_252' title='bbox 502 2201 681 2247; x_wconf 63' lang='lat' dir='ltr'>praepositi</span> <span class='ocrx_word' id='word_1_253' title='bbox 703 2201 868 2237; x_wconf 80' lang='lat' dir='ltr'>videlieet</span> <span class='ocrx_word' id='word_1_254' title='bbox 888 2207 924 2237; x_wconf 89' lang='lat' dir='ltr'>et</span> <span class='ocrx_word' id='word_1_255' title='bbox 947 2202 1213 2248; x_wconf 77' lang='lat' dir='ltr'>praedicatores‚</span> <span class='ocrx_word' id='word_1_256' title='bbox 1235 2192 1296 2249; x_wconf 84' lang='lat' dir='ltr'>qui</span> 
     </span>
     <span class='ocr_line' id='line_1_38' title="bbox 247 2263 1294 2310; baseline 0 -10"><span class='ocrx_word' id='word_1_257' title='bbox 247 2265 407 2300; x_wconf 81' lang='lat' dir='ltr'>exterius</span> <span class='ocrx_word' id='word_1_258' title='bbox 448 2264 612 2300; x_wconf 88' lang='lat' dir='ltr'>laborant</span> <span class='ocrx_word' id='word_1_259' title='bbox 653 2270 778 2300; x_wconf 87' lang='lat' dir='ltr'>contra</span> <span class='ocrx_word' id='word_1_260' title='bbox 815 2263 920 2310; x_wconf 90' lang='lat' dir='ltr'>hujus</span> <span class='ocrx_word' id='word_1_261' title='bbox 959 2265 1077 2300; x_wconf 84' lang='lat' dir='ltr'>saeculi</span> <span class='ocrx_word' id='word_1_262' title='bbox 1120 2265 1294 2302; x_wconf 83' lang='lat' dir='ltr'>turbines.</span> 
     </span>
     <span class='ocr_line' id='line_1_39' title="bbox 247 2323 1293 2372; baseline 0.002 -11"><span class='ocrx_word' id='word_1_263' title='bbox 247 2323 338 2361; x_wconf 89' lang='lat' dir='ltr'>Sunt</span> <span class='ocrx_word' id='word_1_264' title='bbox 358 2325 405 2361; x_wconf 92' lang='lat' dir='ltr'>ibi</span> <span class='ocrx_word' id='word_1_265' title='bbox 424 2331 459 2361; x_wconf 84' lang='lat' dir='ltr'>et</span> <span class='ocrx_word' id='word_1_266' title='bbox 479 2331 642 2369; x_wconf 77' lang='lat' dir='ltr'>craterae,</span> <span class='ocrx_word' id='word_1_267' title='bbox 661 2326 695 2362; x_wconf 88' lang='lat' dir='ltr'>id</span> <span class='ocrx_word' id='word_1_268' title='bbox 714 2332 783 2370; x_wconf 83' lang='lat' dir='ltr'>est,</span> <span class='ocrx_word' id='word_1_269' title='bbox 802 2327 1071 2363; x_wconf 83' lang='lat' dir='ltr'>distributiones</span> <span class='ocrx_word' id='word_1_270' title='bbox 1088 2325 1293 2372; x_wconf 50' lang='lat' dir='ltr'>hominunm</span> 
     </span>
     <span class='ocr_line' id='line_1_40' title="bbox 247 2382 1297 2435; baseline 0.005 -14"><span class='ocrx_word' id='word_1_271' title='bbox 247 2391 329 2422; x_wconf 93' lang='lat' dir='ltr'>sunt</span> <span class='ocrx_word' id='word_1_272' title='bbox 349 2393 384 2422; x_wconf 91' lang='lat' dir='ltr'>et</span> <span class='ocrx_word' id='word_1_273' title='bbox 406 2387 550 2433; x_wconf 88' lang='lat' dir='ltr'>paxilli,</span> <span class='ocrx_word' id='word_1_274' title='bbox 572 2387 639 2425; x_wconf 91' lang='lat' dir='ltr'>hoc</span> <span class='ocrx_word' id='word_1_275' title='bbox 659 2394 733 2431; x_wconf 88' lang='lat' dir='ltr'>est,</span> <span class='ocrx_word' id='word_1_276' title='bbox 761 2389 940 2435; x_wconf 87' lang='lat' dir='ltr'>principes</span> <span class='ocrx_word' id='word_1_277' title='bbox 977 2394 1012 2424; x_wconf 91' lang='lat' dir='ltr'>et</span> <span class='ocrx_word' id='word_1_278' title='bbox 1041 2382 1297 2435; x_wconf 77' lang='lat' dir='ltr'>praedicatores</span> 
     </span>
     <span class='ocr_line' id='line_1_41' title="bbox 246 2448 1295 2497; baseline 0.002 -14"><span class='ocrx_word' id='word_1_279' title='bbox 246 2448 426 2492; x_wconf 81' lang='lat' dir='ltr'>Ecclesioe,</span> <span class='ocrx_word' id='word_1_280' title='bbox 445 2449 574 2494; x_wconf 87' lang='lat' dir='ltr'>quibus</span> <span class='ocrx_word' id='word_1_281' title='bbox 597 2450 754 2494; x_wconf 84' lang='lat' dir='ltr'>pendent</span> <span class='ocrx_word' id='word_1_282' title='bbox 785 2450 906 2486; x_wconf 87' lang='lat' dir='ltr'>omnia</span> <span class='ocrx_word' id='word_1_283' title='bbox 933 2460 1063 2497; x_wconf 82' lang='lat' dir='ltr'>genera</span> <span class='ocrx_word' id='word_1_284' title='bbox 1082 2450 1295 2495; x_wconf 87' lang='lat' dir='ltr'>populorum</span> 
     </span>
     <span class='ocr_line' id='line_1_42' title="bbox 246 2509 1296 2558; baseline 0.003 -14"><span class='ocrx_word' id='word_1_285' title='bbox 246 2509 346 2554; x_wconf 86' lang='lat' dir='ltr'>quasi</span> <span class='ocrx_word' id='word_1_286' title='bbox 377 2519 561 2552; x_wconf 82' lang='lat' dir='ltr'>vasorum3</span> <span class='ocrx_word' id='word_1_287' title='bbox 599 2510 723 2557; x_wconf 88' lang='lat' dir='ltr'>scyphi</span> <span class='ocrx_word' id='word_1_288' title='bbox 754 2520 916 2556; x_wconf 87' lang='lat' dir='ltr'>quoque,</span> <span class='ocrx_word' id='word_1_289' title='bbox 949 2511 1120 2547; x_wconf 80' lang='lat' dir='ltr'>doctrinae</span> <span class='ocrx_word' id='word_1_290' title='bbox 1152 2511 1296 2558; x_wconf 87' lang='lat' dir='ltr'>eloquia</span> 
     </span>
     <span class='ocr_line' id='line_1_43' title="bbox 246 2565 1297 2612; baseline 0.002 -7"><span class='ocrx_word' id='word_1_291' title='bbox 246 2569 320 2605; x_wconf 90' lang='lat' dir='ltr'>sive</span> <span class='ocrx_word' id='word_1_292' title='bbox 348 2580 485 2606; x_wconf 86' lang='lat' dir='ltr'>seusus.</span> <span class='ocrx_word' id='word_1_293' title='bbox 513 2565 659 2606; x_wconf 85' lang='lat' dir='ltr'>Necnon</span> <span class='ocrx_word' id='word_1_294' title='bbox 688 2575 724 2606; x_wconf 91' lang='lat' dir='ltr'>et</span> <span class='ocrx_word' id='word_1_295' title='bbox 751 2571 944 2612; x_wconf 84' lang='lat' dir='ltr'>thuribula,</span> <span class='ocrx_word' id='word_1_296' title='bbox 973 2571 1126 2607; x_wconf 75' lang='lat' dir='ltr'>virtutes</span> <span class='ocrx_word' id='word_1_297' title='bbox 1158 2570 1297 2608; x_wconf 89' lang='lat' dir='ltr'>scilicet</span> 
     </span>
     <span class='ocr_line' id='line_1_44' title="bbox 244 2629 1295 2676; baseline 0.003 -12"><span class='ocrx_word' id='word_1_298' title='bbox 244 2629 419 2665; x_wconf 89' lang='lat' dir='ltr'>bonorum</span> <span class='ocrx_word' id='word_1_299' title='bbox 448 2640 609 2676; x_wconf 90' lang='lat' dir='ltr'>operum,</span> <span class='ocrx_word' id='word_1_300' title='bbox 631 2630 688 2666; x_wconf 75' lang='lat' dir='ltr'>vel</span> <span class='ocrx_word' id='word_1_301' title='bbox 711 2632 893 2667; x_wconf 81' lang='lat' dir='ltr'>orationes</span> <span class='ocrx_word' id='word_1_302' title='bbox 921 2637 1141 2674; x_wconf 81' lang='lat' dir='ltr'>sanctorum,</span> <span class='ocrx_word' id='word_1_303' title='bbox 1164 2630 1295 2676; x_wconf 88' lang='lat' dir='ltr'>quibus</span> 
     </span>
     <span class='ocr_line' id='line_1_45' title="bbox 246 2689 1295 2738; baseline 0.004 -14"><span class='ocrx_word' id='word_1_304' title='bbox 246 2689 333 2725; x_wconf 89' lang='lat' dir='ltr'>odor</span> <span class='ocrx_word' id='word_1_305' title='bbox 364 2690 550 2725; x_wconf 84' lang='lat' dir='ltr'>suavitatis</span> <span class='ocrx_word' id='word_1_306' title='bbox 573 2692 734 2726; x_wconf 86' lang='lat' dir='ltr'>ascendit</span> <span class='ocrx_word' id='word_1_307' title='bbox 760 2693 805 2727; x_wconf 88' lang='lat' dir='ltr'>ad</span> <span class='ocrx_word' id='word_1_308' title='bbox 823 2692 1026 2728; x_wconf 85' lang='lat' dir='ltr'>Dominum.</span> <span class='ocrx_word' id='word_1_309' title='bbox 1055 2693 1187 2727; x_wconf 79' lang='lat' dir='ltr'>Phialae</span> <span class='ocrx_word' id='word_1_310' title='bbox 1207 2703 1295 2738; x_wconf 91' lang='lat' dir='ltr'>quo-</span> 
     </span>
     <span class='ocr_line' id='line_1_46' title="bbox 248 2750 1294 2798; baseline 0.005 -14"><span class='ocrx_word' id='word_1_311' title='bbox 248 2759 332 2795; x_wconf 90' lang='lat' dir='ltr'>que,</span> <span class='ocrx_word' id='word_1_312' title='bbox 358 2750 509 2797; x_wconf 35' lang='lat' dir='ltr'>apostoli·</span> <span class='ocrx_word' id='word_1_313' title='bbox 533 2755 569 2785; x_wconf 89' lang='lat' dir='ltr'>et</span> <span class='ocrx_word' id='word_1_314' title='bbox 595 2750 758 2786; x_wconf 89' lang='lat' dir='ltr'>doctores</span> <span class='ocrx_word' id='word_1_315' title='bbox 782 2751 878 2796; x_wconf 89' lang='lat' dir='ltr'>pleni</span> <span class='ocrx_word' id='word_1_316' title='bbox 904 2752 1074 2789; x_wconf 80' lang='lat' dir='ltr'>vitalibus</span> <span class='ocrx_word' id='word_1_317' title='bbox 1095 2754 1207 2798; x_wconf 88' lang='lat' dir='ltr'>aquis.</span> <span class='ocrx_word' id='word_1_318' title='bbox 1242 2753 1294 2789; x_wconf 92' lang='lat' dir='ltr'>Ibi</span> 
     </span>
     <span class='ocr_line' id='line_1_47' title="bbox 247 2809 1295 2856; baseline 0.005 -12"><span class='ocrx_word' id='word_1_319' title='bbox 247 2809 335 2852; x_wconf 88' lang='lat' dir='ltr'>lilia,</span> <span class='ocrx_word' id='word_1_320' title='bbox 363 2809 578 2856; x_wconf 85' lang='lat' dir='ltr'>virginitatis</span> <span class='ocrx_word' id='word_1_321' title='bbox 606 2811 758 2853; x_wconf 82' lang='lat' dir='ltr'>eand0r3</span> <span class='ocrx_word' id='word_1_322' title='bbox 789 2811 862 2846; x_wconf 80' lang='lat' dir='ltr'>sive</span> <span class='ocrx_word' id='word_1_323' title='bbox 885 2812 1105 2854; x_wconf 83' lang='lat' dir='ltr'>mortariola,</span> <span class='ocrx_word' id='word_1_324' title='bbox 1133 2812 1295 2850; x_wconf 87' lang='lat' dir='ltr'>laborum</span> 
     </span>
     <span class='ocr_line' id='line_1_48' title="bbox 247 2864 1296 2915; baseline 0.004 -12"><span class='ocrx_word' id='word_1_325' title='bbox 247 2864 523 2914; x_wconf 68' lang='lat' dir='ltr'>passionumque</span> <span class='ocrx_word' id='word_1_326' title='bbox 574 2868 771 2904; x_wconf 65' lang='lat' dir='ltr'>tolerantiae</span> <span class='ocrx_word' id='word_1_327' title='bbox 789 2895 798 2911; x_wconf 92' lang='lat'>,</span> <span class='ocrx_word' id='word_1_328' title='bbox 855 2869 983 2915; x_wconf 88' lang='lat' dir='ltr'>quibus</span> <span class='ocrx_word' id='word_1_329' title='bbox 1034 2871 1296 2907; x_wconf 80' lang='lat' dir='ltr'>mortificantur</span> 
     </span>
     <span class='ocr_line' id='line_1_49' title="bbox 248 2927 1298 2977; baseline 0.006 -15"><span class='ocrx_word' id='word_1_330' title='bbox 248 2927 410 2963; x_wconf 89' lang='lat' dir='ltr'>membra</span> <span class='ocrx_word' id='word_1_331' title='bbox 426 2928 690 2972; x_wconf 67' lang='lat' dir='ltr'>poenitentium.</span> <span class='ocrx_word' id='word_1_332' title='bbox 711 2929 755 2964; x_wconf 88' lang='lat' dir='ltr'>Et</span> <span class='ocrx_word' id='word_1_333' title='bbox 777 2930 855 2965; x_wconf 86' lang='lat' dir='ltr'>haee</span> <span class='ocrx_word' id='word_1_334' title='bbox 884 2929 1026 2976; x_wconf 86' lang='lat' dir='ltr'>quidem</span> <span class='ocrx_word' id='word_1_335' title='bbox 1054 2931 1193 2977; x_wconf 89' lang='lat' dir='ltr'>specics</span> <span class='ocrx_word' id='word_1_336' title='bbox 1224 2931 1298 2968; x_wconf 89' lang='lat' dir='ltr'>‹Iis-</span> 
     </span>
     <span class='ocr_line' id='line_1_50' title="bbox 249 2987 1296 3036; baseline 0.006 -15"><span class='ocrx_word' id='word_1_337' title='bbox 249 2987 550 3033; x_wconf 90' lang='lat' dir='ltr'>pensationesque</span> <span class='ocrx_word' id='word_1_338' title='bbox 574 2988 748 3024; x_wconf 89' lang='lat' dir='ltr'>donorum</span> <span class='ocrx_word' id='word_1_339' title='bbox 773 2995 857 3025; x_wconf 90' lang='lat' dir='ltr'>sunt</span> <span class='ocrx_word' id='word_1_340' title='bbox 875 2990 997 3025; x_wconf 59' lang='lat' dir='ltr'>divis-„c</span> <span class='ocrx_word' id='word_1_341' title='bbox 1024 3001 1088 3036; x_wconf 88' lang='lat' dir='ltr'>per</span> <span class='ocrx_word' id='word_1_342' title='bbox 1123 2990 1296 3036; x_wconf 85' lang='lat' dir='ltr'>Spiritum</span> 
     </span>
     <span class='ocr_line' id='line_1_51' title="bbox 250 3046 1297 3096; baseline 0.004 -14"><span class='ocrx_word' id='word_1_343' title='bbox 250 3051 413 3084; x_wconf 84' lang='lat' dir='ltr'>sanctum</span> <span class='ocrx_word' id='word_1_344' title='bbox 433 3046 609 3089; x_wconf 86' lang='lat' dir='ltr'>fidelibus,</span> <span class='ocrx_word' id='word_1_345' title='bbox 631 3052 670 3083; x_wconf 88' lang='lat' dir='ltr'>ut</span> <span class='ocrx_word' id='word_1_346' title='bbox 687 3047 833 3094; x_wconf 83' lang='lat' dir='ltr'>singulis</span> <span class='ocrx_word' id='word_1_347' title='bbox 850 3049 1164 3086; x_wconf 83' lang='lat' dir='ltr'>distributionibus</span> <span class='ocrx_word' id='word_1_348' title='bbox 1181 3050 1297 3096; x_wconf 86' lang='lat' dir='ltr'>perse-</span> 
     </span>
     <span class='ocr_line' id='line_1_52' title="bbox 249 3105 1296 3157; baseline 0.004 -14"><span class='ocrx_word' id='word_1_349' title='bbox 249 3113 346 3143; x_wconf 85' lang='lat' dir='ltr'>ctum</span> <span class='ocrx_word' id='word_1_350' title='bbox 370 3105 503 3142; x_wconf 84' lang='lat' dir='ltr'>Christi</span> <span class='ocrx_word' id='word_1_351' title='bbox 527 3108 797 3144; x_wconf 87' lang='lat' dir='ltr'>tabernaculum</span> <span class='ocrx_word' id='word_1_352' title='bbox 830 3115 1079 3152; x_wconf 85' lang='lat' dir='ltr'>construatur,</span> <span class='ocrx_word' id='word_1_353' title='bbox 1112 3111 1147 3146; x_wconf 91' lang='lat' dir='ltr'>in</span> <span class='ocrx_word' id='word_1_354' title='bbox 1167 3111 1296 3157; x_wconf 91' lang='lat' dir='ltr'>quibus</span> 
     </span>
     <span class='ocr_line' id='line_1_53' title="bbox 249 3168 1296 3218; baseline 0.006 -14"><span class='ocrx_word' id='word_1_355' title='bbox 249 3168 387 3204; x_wconf 81' lang='lat' dir='ltr'>habitat</span> <span class='ocrx_word' id='word_1_356' title='bbox 406 3169 502 3205; x_wconf 88' lang='lat' dir='ltr'>Deus</span> <span class='ocrx_word' id='word_1_357' title='bbox 527 3169 564 3204; x_wconf 93' lang='lat' dir='ltr'>in</span> <span class='ocrx_word' id='word_1_358' title='bbox 590 3169 708 3205; x_wconf 89' lang='lat' dir='ltr'>medio</span> <span class='ocrx_word' id='word_1_359' title='bbox 733 3179 872 3206; x_wconf 89' lang='lat' dir='ltr'>eorum.</span> <span class='ocrx_word' id='word_1_360' title='bbox 900 3170 1002 3215; x_wconf 89' lang='lat' dir='ltr'>Quod</span> <span class='ocrx_word' id='word_1_361' title='bbox 1024 3178 1143 3207; x_wconf 87' lang='lat' dir='ltr'>autem</span> <span class='ocrx_word' id='word_1_362' title='bbox 1171 3174 1296 3218; x_wconf 83' lang='lat' dir='ltr'>subse-</span> 
     </span>
     <span class='ocr_line' id='line_1_54' title="bbox 250 3228 1297 3279; baseline 0.005 -15"><span class='ocrx_word' id='word_1_363' title='bbox 250 3229 398 3276; x_wconf 85' lang='lat' dir='ltr'>quitur:</span> <span class='ocrx_word' id='word_1_364' title='bbox 426 3228 606 3276; x_wconf 79' lang='lat' dir='ltr'>Principes</span> <span class='ocrx_word' id='word_1_365' title='bbox 634 3241 711 3276; x_wconf 78' lang='lat' dir='ltr'>vero</span> <span class='ocrx_word' id='word_1_366' title='bbox 737 3229 931 3266; x_wconf 82' lang='lat' dir='ltr'>obtulerunt</span> <span class='ocrx_word' id='word_1_367' title='bbox 953 3231 1084 3278; x_wconf 80' lang='lat' dir='ltr'>lapides</span> <span class='ocrx_word' id='word_1_368' title='bbox 1111 3234 1297 3279; x_wconf 80' lang='lat' dir='ltr'>onychinos</span> 
     </span>
     <span class='ocr_line' id='line_1_55' title="bbox 249 3289 1300 3340; baseline 0.005 -17"><span class='ocrx_word' id='word_1_369' title='bbox 249 3294 281 3323; x_wconf 88' lang='lat' dir='ltr'>et</span> <span class='ocrx_word' id='word_1_370' title='bbox 297 3299 451 3335; x_wconf 84' lang='lat' dir='ltr'>yemmas</span> <span class='ocrx_word' id='word_1_371' title='bbox 467 3289 512 3324; x_wconf 86' lang='lat' dir='ltr'>ad</span> <span class='ocrx_word' id='word_1_372' title='bbox 526 3289 806 3336; x_wconf 73' lang='lat' dir='ltr'>superhumerale</span> <span class='ocrx_word' id='word_1_373' title='bbox 823 3297 854 3326; x_wconf 87' lang='lat' dir='ltr'>et</span> <span class='ocrx_word' id='word_1_374' title='bbox 872 3290 1056 3334; x_wconf 76' lang='lat' dir='ltr'>rationale,</span> <span class='ocrx_word' id='word_1_375' title='bbox 1073 3298 1300 3340; x_wconf 80' lang='lat' dir='ltr'>aromataque</span> 
     </span>
     <span class='ocr_line' id='line_1_56' title="bbox 249 3338 1300 3401; baseline 0.005 -17"><span class='ocrx_word' id='word_1_376' title='bbox 249 3354 282 3384; x_wconf 78' lang='lat' dir='ltr'>et</span> <span class='ocrx_word' id='word_1_377' title='bbox 298 3348 410 3384; x_wconf 84' lang='lat' dir='ltr'>oleum</span> <span class='ocrx_word' id='word_1_378' title='bbox 426 3349 472 3385; x_wconf 87' lang='lat' dir='ltr'>ad</span> <span class='ocrx_word' id='word_1_379' title='bbox 492 3349 681 3387; x_wconf 85' lang='lat' dir='ltr'>luminaria</span> <span class='ocrx_word' id='word_1_380' title='bbox 702 3351 959 3396; x_wconf 80' lang='lat' dir='ltr'>eonct&#39;nnanda,</span> <span class='ocrx_word' id='word_1_381' title='bbox 977 3338 1008 3388; x_wconf 70' lang='lat' dir='ltr'>et</span> <span class='ocrx_word' id='word_1_382' title='bbox 1030 3352 1076 3388; x_wconf 86' lang='lat' dir='ltr'>ad</span> <span class='ocrx_word' id='word_1_383' title='bbox 1096 3365 1300 3401; x_wconf 75' lang='lat' dir='ltr'>prwparan-</span> 
     </span>
     <span class='ocr_line' id='line_1_57' title="bbox 249 3406 1299 3466; baseline 0.005 -22"><span class='ocrx_word' id='word_1_384' title='bbox 249 3406 334 3444; x_wconf 78' lang='lat' dir='ltr'>dum</span> <span class='ocrx_word' id='word_1_385' title='bbox 359 3417 570 3454; x_wconf 76' lang='lat' dir='ltr'>unquentum</span> <span class='ocrx_word' id='word_1_386' title='bbox 587 3422 628 3446; x_wconf 86' lang='lat' dir='ltr'>ac</span> <span class='ocrx_word' id='word_1_387' title='bbox 647 3411 837 3461; x_wconf 79' lang='lat' dir='ltr'>thymiama</span> <span class='ocrx_word' id='word_1_388' title='bbox 853 3410 972 3465; x_wconf 74' lang='lat' dir='ltr'>odoris</span> <span class='ocrx_word' id='word_1_389' title='bbox 989 3412 1187 3466; x_wconf 77' lang='lat' dir='ltr'>suavissimi.</span> <span class='ocrx_word' id='word_1_390' title='bbox 1205 3424 1299 3449; x_wconf 87' lang='lat' dir='ltr'>com-</span> 
     </span>
     <span class='ocr_line' id='line_1_58' title="bbox 250 3467 1293 3525; baseline 0.007 -22"><span class='ocrx_word' id='word_1_391' title='bbox 250 3467 462 3516; x_wconf 66' lang='lat' dir='ltr'>ponendum,</span> <span class='ocrx_word' id='word_1_392' title='bbox 477 3468 652 3516; x_wconf 77' lang='lat' dir='ltr'>significat</span> <span class='ocrx_word' id='word_1_393' title='bbox 673 3473 853 3521; x_wconf 85' lang='lat' dir='ltr'>apostolos</span> <span class='ocrx_word' id='word_1_394' title='bbox 872 3473 1164 3523; x_wconf 84' lang='lat' dir='ltr'>apostolicosque</span> <span class='ocrx_word' id='word_1_395' title='bbox 1181 3472 1293 3525; x_wconf 86' lang='lat' dir='ltr'>viros,</span> 
     </span>
     <span class='ocr_line' id='line_1_59' title="bbox 251 3526 1295 3587; baseline 0.007 -25"><span class='ocrx_word' id='word_1_396' title='bbox 251 3526 457 3577; x_wconf 72' lang='lat' dir='ltr'>sacerdotes</span> <span class='ocrx_word' id='word_1_397' title='bbox 478 3538 521 3565; x_wconf 84' lang='lat' dir='ltr'>ac</span> <span class='ocrx_word' id='word_1_398' title='bbox 547 3531 711 3580; x_wconf 74' lang='lat' dir='ltr'>doctores</span> <span class='ocrx_word' id='word_1_399' title='bbox 738 3530 910 3578; x_wconf 81' lang='lat' dir='ltr'>fidelium,</span> <span class='ocrx_word' id='word_1_400' title='bbox 941 3529 1093 3587; x_wconf 65' lang='lat' dir='ltr'>mirifica</span> <span class='ocrx_word' id='word_1_401' title='bbox 1119 3530 1295 3580; x_wconf 82' lang='lat' dir='ltr'>virtutum</span> 
     </span>
     <span class='ocr_line' id='line_1_60' title="bbox 252 3589 1295 3649; baseline 0.01 -27"><span class='ocrx_word' id='word_1_402' title='bbox 252 3595 550 3644; x_wconf 17' lang='lat' dir='ltr'>opera-sermone</span> <span class='ocrx_word' id='word_1_403' title='bbox 577 3595 684 3645; x_wconf 76' lang='lat' dir='ltr'>atque</span> <span class='ocrx_word' id='word_1_404' title='bbox 703 3593 888 3646; x_wconf 78' lang='lat' dir='ltr'>exemplis,</span> <span class='ocrx_word' id='word_1_405' title='bbox 913 3594 1080 3649; x_wconf 72' lang='lat' dir='ltr'>decorem</span> <span class='ocrx_word' id='word_1_406' title='bbox 1103 3589 1295 3646; x_wconf 81' lang='lat' dir='ltr'>ministerii</span> 
     </span>
     <span class='ocr_line' id='line_1_61' title="bbox 254 3643 1294 3711; baseline 0.005 -24"><span class='ocrx_word' id='word_1_407' title='bbox 254 3643 484 3704; x_wconf 65' lang='lat' dir='ltr'>Stoerdotalis</span> <span class='ocrx_word' id='word_1_408' title='bbox 497 3650 666 3701; x_wconf 59' lang='lat' dir='ltr'>decenter</span> <span class='ocrx_word' id='word_1_409' title='bbox 685 3663 911 3706; x_wconf 57' lang='lat' dir='ltr'>Pfaemrarffi</span> <span class='ocrx_word' id='word_1_410' title='bbox 935 3660 1112 3711; x_wconf 62' lang='lat' dir='ltr'>quatenus</span> <span class='ocrx_word' id='word_1_411' title='bbox 1136 3665 1203 3711; x_wconf 78' lang='lat' dir='ltr'>per</span> <span class='ocrx_word' id='word_1_412' title='bbox 1232 3664 1294 3692; x_wconf 84' lang='lat' dir='ltr'>eo-</span> 
     </span>
    </p>
   </div>
   <div class='ocr_carea' id='block_1_8' title="bbox 253 3702 1299 3784">
    <p class='ocr_par' dir='ltr' id='par_1_8' title="bbox 253 3702 1299 3784">
     <span class='ocr_line' id='line_1_62' title="bbox 253 3702 1299 3784; baseline 0.015 -27"><span class='ocrx_word' id='word_1_413' title='bbox 253 3710 338 3756; x_wconf 62' lang='lat' dir='ltr'>m</span> <span class='ocrx_word' id='word_1_414' title='bbox 359 3702 885 3780; x_wconf 50' lang='grc' dir='ltr'>ψω,,ἱψψ“ιψ</span> <span class='ocrx_word' id='word_1_415' title='bbox 908 3711 958 3780; x_wconf 69' lang='lat' dir='ltr'>,itt</span> <span class='ocrx_word' id='word_1_416' title='bbox 979 3721 1106 3780; x_wconf 51' lang='lat' dir='ltr'>&amp;aaa</span> <span class='ocrx_word' id='word_1_417' title='bbox 1127 3710 1299 3784; x_wconf 55' lang='lat' dir='ltr'>Qu</span> 
     </span>
    </p>
   </div>
   <div class='ocr_carea' id='block_1_9' title="bbox 1343 911 1974 959">
    <p class='ocr_par' dir='ltr' id='par_1_9' title="bbox 1343 911 1974 959">
     <span class='ocr_line' id='line_1_63' title="bbox 1343 911 1974 959; baseline 0.005 -14"><span class='ocrx_word' id='word_1_418' title='bbox 1343 911 1346 912; x_wconf 50' lang='lat'><em>⁷</em></span> <span class='ocrx_word' id='word_1_419' title='bbox 1362 911 1518 947; x_wconf 78' lang='lat' dir='ltr'>hilarem</span> <span class='ocrx_word' id='word_1_420' title='bbox 1542 913 1707 949; x_wconf 85' lang='lat' dir='ltr'>datorem</span> <span class='ocrx_word' id='word_1_421' title='bbox 1729 913 1847 959; x_wconf 85' lang='lat' dir='ltr'>diligit</span> <span class='ocrx_word' id='word_1_422' title='bbox 1864 913 1974 949; x_wconf 89' lang='lat' dir='ltr'>Deus.</span> 
     </span>
    </p>
   </div>
   <div class='ocr_carea' id='block_1_10' title="bbox 1312 1102 1344 1140">
    <p class='ocr_par' dir='ltr' id='par_1_10' title="bbox 1312 1102 1344 1140">
     <span class='ocr_line' id='line_1_64' title="bbox 1312 1102 1344 1140; baseline 0 0"><span class='ocrx_word' id='word_1_423' title='bbox 1312 1102 1344 1140; x_wconf 91' lang='lat' dir='ltr'>B</span> 
     </span>
    </p>
   </div>
   <div class='ocr_carea' id='block_1_11' title="bbox 1314 2009 1343 2049">
    <p class='ocr_par' dir='ltr' id='par_1_11' title="bbox 1314 2009 1343 2049">
     <span class='ocr_line' id='line_1_65' title="bbox 1314 2009 1343 2049; baseline 0 0"><span class='ocrx_word' id='word_1_424' title='bbox 1314 2009 1343 2049; x_wconf 93' lang='lat' dir='ltr'>C</span> 
     </span>
    </p>
   </div>
   <div class='ocr_carea' id='block_1_12' title="bbox 1313 2908 1348 2946">
    <p class='ocr_par' dir='ltr' id='par_1_12' title="bbox 1313 2908 1348 2946">
     <span class='ocr_line' id='line_1_66' title="bbox 1313 2908 1348 2946; baseline 0 0"><span class='ocrx_word' id='word_1_425' title='bbox 1313 2908 1348 2946; x_wconf 92' lang='lat' dir='ltr'>D</span> 
     </span>
    </p>
   </div>
   <div class='ocr_carea' id='block_1_13' title="bbox 1361 241 2428 902">
    <p class='ocr_par' dir='ltr' id='par_1_13' title="bbox 1361 241 2428 902">
     <span class='ocr_line' id='line_1_67' title="bbox 1362 241 2423 288; baseline 0.008 -12"><span class='ocrx_word' id='word_1_426' title='bbox 1362 242 1415 277; x_wconf 83' lang='lat' dir='ltr'>ris</span> <span class='ocrx_word' id='word_1_427' title='bbox 1432 252 1441 276; x_wconf 73' lang='grc' dir='ltr'>ε</span> <span class='ocrx_word' id='word_1_428' title='bbox 1461 250 1582 278; x_wconf 83' lang='lat' dir='ltr'>sermo</span> <span class='ocrx_word' id='word_1_429' title='bbox 1600 241 1809 279; x_wconf 66' lang='lat' dir='ltr'>&#39;luculentus</span> <span class='ocrx_word' id='word_1_430' title='bbox 1831 243 1878 279; x_wconf 82' lang='lat' dir='ltr'>ad</span> <span class='ocrx_word' id='word_1_431' title='bbox 1899 242 2135 279; x_wconf 80' lang='lat' dir='ltr'>instruendos</span> <span class='ocrx_word' id='word_1_432' title='bbox 2153 243 2352 288; x_wconf 70' lang='lat' dir='ltr'>anditoees,</span> <span class='ocrx_word' id='word_1_433' title='bbox 2375 254 2423 284; x_wconf 67' lang='lat' dir='ltr'>ae</span> 
     </span>
     <span class='ocr_line' id='line_1_68' title="bbox 1361 302 2423 348; baseline 0.006 -10"><span class='ocrx_word' id='word_1_434' title='bbox 1361 302 1456 338; x_wconf 80' lang='lat' dir='ltr'>bona</span> <span class='ocrx_word' id='word_1_435' title='bbox 1483 302 1581 338; x_wconf 81' lang='lat' dir='ltr'>sama</span> <span class='ocrx_word' id='word_1_436' title='bbox 1606 309 1741 339; x_wconf 81' lang='lat' dir='ltr'>sanctae</span> <span class='ocrx_word' id='word_1_437' title='bbox 1770 305 2073 348; x_wconf 81' lang='lat' dir='ltr'>conversationis,</span> <span class='ocrx_word' id='word_1_438' title='bbox 2096 305 2141 341; x_wconf 86' lang='lat' dir='ltr'>ad</span> <span class='ocrx_word' id='word_1_439' title='bbox 2166 307 2423 347; x_wconf 72' lang='lat' dir='ltr'>commendan-</span> 
     </span>
     <span class='ocr_line' id='line_1_69' title="bbox 1362 364 2424 414; baseline 0.007 -14"><span class='ocrx_word' id='word_1_440' title='bbox 1362 364 1445 400; x_wconf 78' lang='lat' dir='ltr'>dam</span> <span class='ocrx_word' id='word_1_441' title='bbox 1478 370 1614 402; x_wconf 81' lang='lat' dir='ltr'>sanctae</span> <span class='ocrx_word' id='word_1_442' title='bbox 1646 366 1836 412; x_wconf 71' lang='lat' dir='ltr'>religionis</span> <span class='ocrx_word' id='word_1_443' title='bbox 1863 368 2019 413; x_wconf 76' lang='lat' dir='ltr'>gratiam</span> <span class='ocrx_word' id='word_1_444' title='bbox 2047 368 2119 411; x_wconf 80' lang='lat' dir='ltr'>his,</span> <span class='ocrx_word' id='word_1_445' title='bbox 2151 369 2217 414; x_wconf 83' lang='lat' dir='ltr'>qui</span> <span class='ocrx_word' id='word_1_446' title='bbox 2245 369 2285 405; x_wconf 75' lang='lat' dir='ltr'>in</span> <span class='ocrx_word' id='word_1_447' title='bbox 2312 370 2424 408; x_wconf 81' lang='lat' dir='ltr'>domo</span> 
     </span>
     <span class='ocr_line' id='line_1_70' title="bbox 1361 425 2425 475; baseline 0.007 -15"><span class='ocrx_word' id='word_1_448' title='bbox 1361 425 1424 461; x_wconf 85' lang='lat' dir='ltr'>Dei</span> <span class='ocrx_word' id='word_1_449' title='bbox 1441 427 1592 462; x_wconf 84' lang='lat' dir='ltr'>honeste</span> <span class='ocrx_word' id='word_1_450' title='bbox 1608 433 1883 472; x_wconf 74' lang='lat' dir='ltr'>conversantur,</span> <span class='ocrx_word' id='word_1_451' title='bbox 1901 435 1941 464; x_wconf 78' lang='lat' dir='ltr'>ut</span> <span class='ocrx_word' id='word_1_452' title='bbox 1956 439 2084 465; x_wconf 84' lang='lat' dir='ltr'>eorum</span> <span class='ocrx_word' id='word_1_453' title='bbox 2098 429 2264 475; x_wconf 82' lang='lat' dir='ltr'>exemplo</span> <span class='ocrx_word' id='word_1_454' title='bbox 2279 429 2425 467; x_wconf 67' lang='lat' dir='ltr'>discant</span> 
     </span>
     <span class='ocr_line' id='line_1_71' title="bbox 1361 485 2424 535; baseline 0.005 -13"><span class='ocrx_word' id='word_1_455' title='bbox 1361 485 1504 522; x_wconf 81' lang='lat' dir='ltr'>illorum</span> <span class='ocrx_word' id='word_1_456' title='bbox 1542 487 1693 533; x_wconf 84' lang='lat' dir='ltr'>subjecti</span> <span class='ocrx_word' id='word_1_457' title='bbox 1711 515 1721 531; x_wconf 94' lang='lat'>‚</span> <span class='ocrx_word' id='word_1_458' title='bbox 1753 489 1910 525; x_wconf 82' lang='lat' dir='ltr'>Domino</span> <span class='ocrx_word' id='word_1_459' title='bbox 1944 495 2142 535; x_wconf 82' lang='lat' dir='ltr'>spontanea</span> <span class='ocrx_word' id='word_1_460' title='bbox 2176 490 2312 534; x_wconf 80' lang='lat' dir='ltr'>cordis,</span> <span class='ocrx_word' id='word_1_461' title='bbox 2346 491 2424 528; x_wconf 84' lang='lat' dir='ltr'>oris</span> 
     </span>
     <span class='ocr_line' id='line_1_72' title="bbox 1362 548 2421 597; baseline 0.005 -16"><span class='ocrx_word' id='word_1_462' title='bbox 1362 552 1471 591; x_wconf 83' lang='lat' dir='ltr'>atque</span> <span class='ocrx_word' id='word_1_463' title='bbox 1500 548 1620 592; x_wconf 89' lang='lat' dir='ltr'>operis</span> <span class='ocrx_word' id='word_1_464' title='bbox 1649 552 1732 583; x_wconf 84' lang='lat' dir='ltr'>vota</span> <span class='ocrx_word' id='word_1_465' title='bbox 1763 549 1984 594; x_wconf 85' lang='lat' dir='ltr'>persolvere.</span> <span class='ocrx_word' id='word_1_466' title='bbox 2030 550 2134 587; x_wconf 86' lang='lat' dir='ltr'>Unde</span> <span class='ocrx_word' id='word_1_467' title='bbox 2166 551 2421 597; x_wconf 82' lang='lat' dir='ltr'>subjungitur:</span> 
     </span>
     <span class='ocr_line' id='line_1_73' title="bbox 1363 607 2425 648; baseline 0.008 -8"><span class='ocrx_word' id='word_1_468' title='bbox 1363 607 1491 641; x_wconf 80' lang='lat' dir='ltr'>Omnes</span> <span class='ocrx_word' id='word_1_469' title='bbox 1509 607 1575 641; x_wconf 82' lang='lat' dir='ltr'>viri</span> <span class='ocrx_word' id='word_1_470' title='bbox 1589 613 1620 642; x_wconf 87' lang='lat' dir='ltr'>et</span> <span class='ocrx_word' id='word_1_471' title='bbox 1636 607 1800 644; x_wconf 81' lang='lat' dir='ltr'>mulieres</span> <span class='ocrx_word' id='word_1_472' title='bbox 1819 616 1932 646; x_wconf 84' lang='lat' dir='ltr'>mente</span> <span class='ocrx_word' id='word_1_473' title='bbox 1948 610 2073 646; x_wconf 76' lang='lat' dir='ltr'>devota</span> <span class='ocrx_word' id='word_1_474' title='bbox 2096 611 2293 647; x_wconf 78' lang='lat' dir='ltr'>obtulerunt</span> <span class='ocrx_word' id='word_1_475' title='bbox 2309 612 2425 648; x_wconf 74' lang='lat' dir='ltr'>dona-</span> 
     </span>
     <span class='ocr_line' id='line_1_74' title="bbox 1363 667 2426 716; baseline 0.007 -15"><span class='ocrx_word' id='word_1_476' title='bbox 1363 667 1431 708; x_wconf 87' lang='lat' dir='ltr'>ria,</span> <span class='ocrx_word' id='word_1_477' title='bbox 1449 673 1488 701; x_wconf 85' lang='lat' dir='ltr'>ut</span> <span class='ocrx_word' id='word_1_478' title='bbox 1501 667 1624 708; x_wconf 79' lang='lat' dir='ltr'>tierent</span> <span class='ocrx_word' id='word_1_479' title='bbox 1638 678 1744 713; x_wconf 86' lang='lat' dir='ltr'>opera</span> <span class='ocrx_word' id='word_1_480' title='bbox 1758 679 1836 715; x_wconf 80' lang='lat' dir='ltr'>qute</span> <span class='ocrx_word' id='word_1_481' title='bbox 1844 669 2002 715; x_wconf 79' lang='lat' dir='ltr'>jusserat</span> <span class='ocrx_word' id='word_1_482' title='bbox 2014 670 2189 706; x_wconf 79' lang='lat' dir='ltr'>Dominus</span> <span class='ocrx_word' id='word_1_483' title='bbox 2203 681 2265 716; x_wconf 89' lang='lat' dir='ltr'>per</span> <span class='ocrx_word' id='word_1_484' title='bbox 2281 682 2426 707; x_wconf 83' lang='lat' dir='ltr'>manum</span> 
     </span>
     <span class='ocr_line' id='line_1_75' title="bbox 1363 729 2425 775; baseline 0.005 -11"><span class='ocrx_word' id='word_1_485' title='bbox 1363 729 1491 775; x_wconf 82' lang='lat' dir='ltr'>Moysi.</span> <span class='ocrx_word' id='word_1_486' title='bbox 1512 729 1637 765; x_wconf 82' lang='lat' dir='ltr'>Cuncti</span> <span class='ocrx_word' id='word_1_487' title='bbox 1654 730 1720 775; x_wconf 85' lang='lat' dir='ltr'>lilii</span> <span class='ocrx_word' id='word_1_488' title='bbox 1744 730 1859 766; x_wconf 79' lang='lat' dir='ltr'>Israel</span> <span class='ocrx_word' id='word_1_489' title='bbox 1877 732 2075 767; x_wconf 80' lang='lat' dir='ltr'>voluntaria</span> <span class='ocrx_word' id='word_1_490' title='bbox 2086 732 2234 768; x_wconf 85' lang='lat' dir='ltr'>Domino</span> <span class='ocrx_word' id='word_1_491' title='bbox 2245 732 2425 769; x_wconf 82' lang='lat' dir='ltr'>dedicave-</span> 
     </span>
     <span class='ocr_line' id='line_1_76' title="bbox 1362 790 2428 838; baseline 0.005 -13"><span class='ocrx_word' id='word_1_492' title='bbox 1362 796 1456 825; x_wconf 81' lang='lat' dir='ltr'>runt.</span> <span class='ocrx_word' id='word_1_493' title='bbox 1489 790 1566 826; x_wconf 89' lang='lat' dir='ltr'>Non</span> <span class='ocrx_word' id='word_1_494' title='bbox 1593 791 1717 837; x_wconf 88' lang='lat' dir='ltr'>utique</span> <span class='ocrx_word' id='word_1_495' title='bbox 1745 797 1870 828; x_wconf 86' lang='lat' dir='ltr'>contra</span> <span class='ocrx_word' id='word_1_496' title='bbox 1891 793 2104 838; x_wconf 85' lang='lat' dir='ltr'>Apostolum</span> <span class='ocrx_word' id='word_1_497' title='bbox 2124 802 2169 829; x_wconf 85' lang='lat' dir='ltr'>ex</span> <span class='ocrx_word' id='word_1_498' title='bbox 2199 793 2345 830; x_wconf 82' lang='lat' dir='ltr'>tristitia</span> <span class='ocrx_word' id='word_1_499' title='bbox 2364 801 2428 830; x_wconf 81' lang='lat' dir='ltr'>aut</span> 
     </span>
     <span class='ocr_line' id='line_1_77' title="bbox 1362 852 2427 902; baseline 0.006 -16"><span class='ocrx_word' id='word_1_500' title='bbox 1362 852 1596 895; x_wconf 82' lang='lat' dir='ltr'>necessitate,</span> <span class='ocrx_word' id='word_1_501' title='bbox 1617 853 1680 888; x_wconf 87' lang='lat' dir='ltr'>sed</span> <span class='ocrx_word' id='word_1_502' title='bbox 1698 853 1809 888; x_wconf 89' lang='lat' dir='ltr'>alacri</span> <span class='ocrx_word' id='word_1_503' title='bbox 1831 854 1940 889; x_wconf 84' lang='lat' dir='ltr'>eorde</span> <span class='ocrx_word' id='word_1_504' title='bbox 1959 854 2081 900; x_wconf 87' lang='lat' dir='ltr'>ac.pia</span> <span class='ocrx_word' id='word_1_505' title='bbox 2106 854 2311 900; x_wconf 85' lang='lat' dir='ltr'>devotione,</span> <span class='ocrx_word' id='word_1_506' title='bbox 2340 855 2427 902; x_wconf 85' lang='lat' dir='ltr'>quia</span> 
     </span>
    </p>
   </div>
   <div class='ocr_carea' id='block_1_14' title="bbox 2515 339 2540 992">
    <p class='ocr_par' dir='ltr' id='par_1_14' title="bbox 2515 339 2540 992">
     <span class='ocr_line' id='line_1_78' title="bbox 2515 339 2540 992; textangle 90"><span class='ocrx_word' id='word_1_507' title='bbox 2515 731 2540 992; x_wconf 51' lang='lat' dir='ltr'>naumann-..t-ah</span> <span class='ocrx_word' id='word_1_508' title='bbox 2520 401 2540 725; x_wconf 59' lang='lat' dir='ltr'>munzun—&#39;n</span> <span class='ocrx_word' id='word_1_509' title='bbox 2515 339 2517 342; x_wconf 82' lang='grc'><em>“</em></span> 
     </span>
    </p>
   </div>
   <div class='ocr_carea' id='block_1_15' title="bbox 1741 986 2045 1023">
    <p class='ocr_par' dir='ltr' id='par_1_15' title="bbox 1741 986 2045 1023">
     <span class='ocr_line' id='line_1_79' title="bbox 1741 986 2045 1023; baseline 0.003 -1"><span class='ocrx_word' id='word_1_510' title='bbox 1741 986 1894 1023; x_wconf 81' lang='lat' dir='ltr'><strong>CAPUT</strong></span> <span class='ocrx_word' id='word_1_511' title='bbox 1921 986 2045 1023; x_wconf 81' lang='lat' dir='ltr'>XXIII.</span> 
     </span>
    </p>
   </div>
   <div class='ocr_carea' id='block_1_16' title="bbox 1360 1060 2432 1583">
    <p class='ocr_par' dir='ltr' id='par_1_16' title="bbox 1362 1060 2427 1199">
     <span class='ocr_line' id='line_1_80' title="bbox 1362 1060 2427 1108; baseline 0.004 -13"><span class='ocrx_word' id='word_1_512' title='bbox 1362 1060 1414 1095; x_wconf 90' lang='lat' dir='ltr'>De</span> <span class='ocrx_word' id='word_1_513' title='bbox 1445 1072 1483 1096; x_wconf 92' lang='lat' dir='ltr'>eo</span> <span class='ocrx_word' id='word_1_514' title='bbox 1513 1062 1606 1108; x_wconf 89' lang='lat' dir='ltr'>quod</span> <span class='ocrx_word' id='word_1_515' title='bbox 1626 1061 1763 1107; x_wconf 86' lang='lat' dir='ltr'>Moyses</span> <span class='ocrx_word' id='word_1_516' title='bbox 1794 1062 1840 1096; x_wconf 89' lang='lat' dir='ltr'>ad</span> <span class='ocrx_word' id='word_1_517' title='bbox 1868 1063 2109 1108; x_wconf 82' lang='lat' dir='ltr'>mayisterium</span> <span class='ocrx_word' id='word_1_518' title='bbox 2136 1062 2356 1098; x_wconf 79' lang='lat' dir='ltr'>tabernaculi</span> <span class='ocrx_word' id='word_1_519' title='bbox 2383 1075 2427 1100; x_wconf 79' lang='lat' dir='ltr'>ex</span> 
     </span>
     <span class='ocr_line' id='line_1_81' title="bbox 1410 1107 2427 1155; baseline 0.004 -13"><span class='ocrx_word' id='word_1_520' title='bbox 1410 1115 1580 1154; x_wconf 80' lang='lat' dir='ltr'>pra’cepto</span> <span class='ocrx_word' id='word_1_521' title='bbox 1606 1108 1684 1149; x_wconf 81' lang='lat' dir='ltr'>Dei,</span> <span class='ocrx_word' id='word_1_522' title='bbox 1705 1108 1857 1143; x_wconf 82' lang='lat' dir='ltr'>Beseleel</span> <span class='ocrx_word' id='word_1_523' title='bbox 1883 1108 1994 1153; x_wconf 72' lang='lat' dir='ltr'>filium</span> <span class='ocrx_word' id='word_1_524' title='bbox 2014 1107 2108 1143; x_wconf 83' lang='lat' dir='ltr'>Huri</span> <span class='ocrx_word' id='word_1_525' title='bbox 2136 1109 2178 1144; x_wconf 87' lang='lat' dir='ltr'>de</span> <span class='ocrx_word' id='word_1_526' title='bbox 2206 1110 2299 1145; x_wconf 84' lang='lat' dir='ltr'>tribu</span> <span class='ocrx_word' id='word_1_527' title='bbox 2315 1110 2427 1155; x_wconf 81' lang='lat' dir='ltr'>Juda,</span> 
     </span>
     <span class='ocr_line' id='line_1_82' title="bbox 1410 1153 2118 1199; baseline 0.003 -10"><span class='ocrx_word' id='word_1_528' title='bbox 1410 1162 1441 1189; x_wconf 85' lang='lat' dir='ltr'>et</span> <span class='ocrx_word' id='word_1_529' title='bbox 1458 1153 1582 1190; x_wconf 84' lang='lat' dir='ltr'>Ooliab</span> <span class='ocrx_word' id='word_1_530' title='bbox 1598 1155 1708 1199; x_wconf 77' lang='lat' dir='ltr'>silium</span> <span class='ocrx_word' id='word_1_531' title='bbox 1725 1155 1955 1190; x_wconf 70' lang='lat' dir='ltr'>Aeliisameclz</span> <span class='ocrx_word' id='word_1_532' title='bbox 1971 1156 2118 1191; x_wconf 73' lang='lat' dir='ltr'>vocavit.</span> 
     </span>
    </p>

    <p class='ocr_par' dir='ltr' id='par_1_17' title="bbox 1360 1229 2432 1583">
     <span class='ocr_line' id='line_1_83' title="bbox 1408 1229 2431 1276; baseline 0.001 -11"><span class='ocrx_word' id='word_1_533' title='bbox 1408 1229 1575 1276; x_wconf 75' lang='lat' dir='ltr'>Dixitque</span> <span class='ocrx_word' id='word_1_534' title='bbox 1600 1229 1737 1275; x_wconf 79' lang='lat' dir='ltr'>Moyses</span> <span class='ocrx_word' id='word_1_535' title='bbox 1757 1230 1802 1264; x_wconf 85' lang='lat' dir='ltr'>ad</span> <span class='ocrx_word' id='word_1_536' title='bbox 1824 1229 1918 1274; x_wconf 84' lang='lat' dir='ltr'>filios</span> <span class='ocrx_word' id='word_1_537' title='bbox 1934 1229 2051 1265; x_wconf 82' lang='lat' dir='ltr'>Israel</span> <span class='ocrx_word' id='word_1_538' title='bbox 2069 1243 2080 1266; x_wconf 93' lang='lat'><em>:</em></span> <span class='ocrx_word' id='word_1_539' title='bbox 2100 1229 2191 1265; x_wconf 86' lang='lat' dir='ltr'>Ecce</span> <span class='ocrx_word' id='word_1_540' title='bbox 2210 1237 2342 1266; x_wconf 67' lang='lat' dir='ltr'>vocavit</span> <span class='ocrx_word' id='word_1_541' title='bbox 2357 1230 2431 1266; x_wconf 86' lang='lat' dir='ltr'>Do-</span> 
     </span>
     <span class='ocr_line' id='line_1_84' title="bbox 1360 1290 2431 1336; baseline 0.001 -10"><span class='ocrx_word' id='word_1_542' title='bbox 1360 1292 1476 1326; x_wconf 81' lang='lat' dir='ltr'>minus</span> <span class='ocrx_word' id='word_1_543' title='bbox 1496 1302 1538 1326; x_wconf 77' lang='lat' dir='ltr'>ea:</span> <span class='ocrx_word' id='word_1_544' title='bbox 1555 1290 1693 1325; x_wconf 83' lang='lat' dir='ltr'>nomine</span> <span class='ocrx_word' id='word_1_545' title='bbox 1710 1290 1866 1326; x_wconf 77' lang='lat' dir='ltr'>Beseleel</span> <span class='ocrx_word' id='word_1_546' title='bbox 1881 1290 1994 1336; x_wconf 83' lang='lat' dir='ltr'>filium</span> <span class='ocrx_word' id='word_1_547' title='bbox 2013 1290 2105 1325; x_wconf 86' lang='lat' dir='ltr'>Huri</span> <span class='ocrx_word' id='word_1_548' title='bbox 2124 1290 2192 1335; x_wconf 79' lang='lat' dir='ltr'>sitii</span> <span class='ocrx_word' id='word_1_549' title='bbox 2209 1291 2291 1327; x_wconf 86' lang='lat' dir='ltr'>Hur</span> <span class='ocrx_word' id='word_1_550' title='bbox 2305 1292 2347 1327; x_wconf 84' lang='lat' dir='ltr'>de</span> <span class='ocrx_word' id='word_1_551' title='bbox 2367 1293 2431 1327; x_wconf 87' lang='lat' dir='ltr'>tri-</span> 
     </span>
     <span class='ocr_line' id='line_1_85' title="bbox 1362 1350 2431 1399; baseline 0 -12"><span class='ocrx_word' id='word_1_552' title='bbox 1362 1354 1405 1388; x_wconf 84' lang='lat' dir='ltr'>b&#39;u</span> <span class='ocrx_word' id='word_1_553' title='bbox 1421 1352 1531 1394; x_wconf 84' lang='lat' dir='ltr'>Juda,</span> <span class='ocrx_word' id='word_1_554' title='bbox 1552 1352 1772 1399; x_wconf 81' lang='lat' dir='ltr'>implevitque</span> <span class='ocrx_word' id='word_1_555' title='bbox 1798 1362 1876 1387; x_wconf 88' lang='lat' dir='ltr'>eum</span> <span class='ocrx_word' id='word_1_556' title='bbox 1900 1351 2025 1397; x_wconf 82' lang='lat' dir='ltr'>spiritu</span> <span class='ocrx_word' id='word_1_557' title='bbox 2040 1350 2120 1394; x_wconf 84' lang='lat' dir='ltr'>Dei,</span> <span class='ocrx_word' id='word_1_558' title='bbox 2136 1351 2308 1398; x_wconf 77' lang='lat' dir='ltr'>sapientia</span> <span class='ocrx_word' id='word_1_559' title='bbox 2327 1357 2358 1387; x_wconf 90' lang='lat' dir='ltr'>et</span> <span class='ocrx_word' id='word_1_560' title='bbox 2376 1353 2431 1388; x_wconf 83' lang='lat' dir='ltr'>in-</span> 
     </span>
     <span class='ocr_line' id='line_1_86' title="bbox 1361 1414 2431 1462; baseline 0 -11"><span class='ocrx_word' id='word_1_561' title='bbox 1361 1416 1569 1462; x_wconf 82' lang='lat' dir='ltr'>telliyentia,</span> <span class='ocrx_word' id='word_1_562' title='bbox 1592 1421 1623 1450; x_wconf 85' lang='lat' dir='ltr'>et</span> <span class='ocrx_word' id='word_1_563' title='bbox 1639 1415 1783 1450; x_wconf 83' lang='lat' dir='ltr'>scientia</span> <span class='ocrx_word' id='word_1_564' title='bbox 1803 1420 1835 1450; x_wconf 83' lang='lat' dir='ltr'>et</span> <span class='ocrx_word' id='word_1_565' title='bbox 1857 1415 1953 1450; x_wconf 85' lang='lat' dir='ltr'>omni</span> <span class='ocrx_word' id='word_1_566' title='bbox 1969 1414 2145 1457; x_wconf 81' lang='lat' dir='ltr'>doctrina,</span> <span class='ocrx_word' id='word_1_567' title='bbox 2166 1415 2212 1450; x_wconf 86' lang='lat' dir='ltr'>ad</span> <span class='ocrx_word' id='word_1_568' title='bbox 2229 1415 2431 1461; x_wconf 77' lang='lat' dir='ltr'>excoyitan-</span> 
     </span>
     <span class='ocr_line' id='line_1_87' title="bbox 1361 1474 2432 1521; baseline -0.002 -10"><span class='ocrx_word' id='word_1_569' title='bbox 1361 1483 1434 1512; x_wconf 84' lang='lat' dir='ltr'>tum</span> <span class='ocrx_word' id='word_1_570' title='bbox 1450 1481 1481 1511; x_wconf 88' lang='lat' dir='ltr'>et</span> <span class='ocrx_word' id='word_1_571' title='bbox 1497 1474 1697 1520; x_wconf 80' lang='lat' dir='ltr'>faciendum</span> <span class='ocrx_word' id='word_1_572' title='bbox 1713 1486 1798 1521; x_wconf 86' lang='lat' dir='ltr'>opus</span> <span class='ocrx_word' id='word_1_573' title='bbox 1815 1485 1856 1510; x_wconf 77' lang='lat' dir='ltr'>ea:</span> <span class='ocrx_word' id='word_1_574' title='bbox 1873 1485 1975 1518; x_wconf 85' lang='lat' dir='ltr'>auro,</span> <span class='ocrx_word' id='word_1_575' title='bbox 1991 1481 2022 1510; x_wconf 90' lang='lat' dir='ltr'>et</span> <span class='ocrx_word' id='word_1_576' title='bbox 2035 1480 2178 1520; x_wconf 84' lang='lat' dir='ltr'>aryento</span> <span class='ocrx_word' id='word_1_577' title='bbox 2193 1481 2225 1510; x_wconf 87' lang='lat' dir='ltr'>et</span> <span class='ocrx_word' id='word_1_578' title='bbox 2240 1485 2322 1517; x_wconf 84' lang='lat' dir='ltr'>oere,</span> <span class='ocrx_word' id='word_1_579' title='bbox 2339 1474 2432 1510; x_wconf 84' lang='lat' dir='ltr'>scul-</span> 
     </span>
     <span class='ocr_line' id='line_1_88' title="bbox 1360 1533 2432 1583; baseline -0.004 -11"><span class='ocrx_word' id='word_1_580' title='bbox 1360 1537 1550 1583; x_wconf 83' lang='lat' dir='ltr'>pendisque</span> <span class='ocrx_word' id='word_1_581' title='bbox 1575 1534 1765 1582; x_wconf 81' lang='lat' dir='ltr'>lapidibus,</span> <span class='ocrx_word' id='word_1_582' title='bbox 1794 1540 1826 1570; x_wconf 88' lang='lat' dir='ltr'>et</span> <span class='ocrx_word' id='word_1_583' title='bbox 1854 1545 1955 1581; x_wconf 84' lang='lat' dir='ltr'>opere</span> <span class='ocrx_word' id='word_1_584' title='bbox 1982 1533 2218 1580; x_wconf 84' lang='lat' dir='ltr'>carpentario.</span> <span class='ocrx_word' id='word_1_585' title='bbox 2250 1533 2432 1581; x_wconf 79' lang='lat' dir='ltr'>Quidquid</span> 
     </span>
    </p>
   </div>
   <div class='ocr_carea' id='block_1_17' title="bbox 2523 1003 2540 1488">
    <p class='ocr_par' dir='ltr' id='par_1_18' title="bbox 2523 1003 2540 1488">
     <span class='ocr_line' id='line_1_89' title="bbox 2523 1003 2540 1488; textangle 90"><span class='ocrx_word' id='word_1_586' title='bbox 2524 1479 2540 1488; x_wconf 58' lang='lat' dir='ltr'>t*</span> <span class='ocrx_word' id='word_1_587' title='bbox 2525 1436 2540 1470; x_wconf 50' lang='lat' dir='ltr'>itt-0</span> <span class='ocrx_word' id='word_1_588' title='bbox 2524 1307 2540 1423; x_wconf 58' lang='lat' dir='ltr'>IAM-i·</span> <span class='ocrx_word' id='word_1_589' title='bbox 2523 1003 2540 1300; x_wconf 61' lang='lat' dir='ltr'>wutmmtnsmm</span> 
     </span>
    </p>
   </div>
   <div class='ocr_carea' id='block_1_18' title="bbox 2520 1734 2532 1764">
    <p class='ocr_par' dir='ltr' id='par_1_19' title="bbox 2520 1734 2532 1764">
     <span class='ocr_line' id='line_1_90' title="bbox 2520 1734 2532 1764; baseline 0 2252"><span class='ocrx_word' id='word_1_590' title='bbox 2520 1734 2532 1764; x_wconf 95' lang='lat' dir='ltr'> </span> 
     </span>
    </p>
   </div>
   <div class='ocr_carea' id='block_1_19' title="bbox 1362 1593 2540 1826">
    <p class='ocr_par' dir='ltr' id='par_1_20' title="bbox 1365 1593 2430 1644">
     <span class='ocr_line' id='line_1_91' title="bbox 1365 1593 2430 1644; baseline -0.003 -11"><span class='ocrx_word' id='word_1_591' title='bbox 1365 1597 1463 1644; x_wconf 72' lang='lat' dir='ltr'>fabre</span> <span class='ocrx_word' id='word_1_592' title='bbox 1489 1597 1686 1633; x_wconf 72' lang='lat' dir='ltr'>adinveniri</span> <span class='ocrx_word' id='word_1_593' title='bbox 1709 1602 1836 1643; x_wconf 82' lang='lat' dir='ltr'>potest,</span> <span class='ocrx_word' id='word_1_594' title='bbox 1865 1594 1961 1631; x_wconf 83' lang='lat' dir='ltr'>dedit</span> <span class='ocrx_word' id='word_1_595' title='bbox 1989 1595 2026 1630; x_wconf 87' lang='lat' dir='ltr'>in</span> <span class='ocrx_word' id='word_1_596' title='bbox 2054 1595 2160 1630; x_wconf 84' lang='lat' dir='ltr'>corde</span> <span class='ocrx_word' id='word_1_597' title='bbox 2182 1594 2271 1640; x_wconf 86' lang='lat' dir='ltr'>ejus.</span> <span class='ocrx_word' id='word_1_598' title='bbox 2305 1593 2430 1630; x_wconf 83' lang='lat' dir='ltr'>Ooliab</span> 
     </span>
    </p>

    <p class='ocr_par' dir='ltr' id='par_1_21' title="bbox 1362 1655 2540 1826">
     <span class='ocr_line' id='line_1_92' title="bbox 1362 1655 2540 1706; baseline -0.003 -12"><span class='ocrx_word' id='word_1_599' title='bbox 1362 1669 1496 1706; x_wconf 84' lang='lat' dir='ltr'>quoque</span> <span class='ocrx_word' id='word_1_600' title='bbox 1514 1658 1627 1704; x_wconf 85' lang='lat' dir='ltr'>filium</span> <span class='ocrx_word' id='word_1_601' title='bbox 1646 1655 1876 1692; x_wconf 78' lang='lat' dir='ltr'>Aclzisamcclt</span> <span class='ocrx_word' id='word_1_602' title='bbox 1905 1656 1947 1692; x_wconf 79' lang='lat' dir='ltr'>(le</span> <span class='ocrx_word' id='word_1_603' title='bbox 1973 1656 2066 1691; x_wconf 86' lang='lat' dir='ltr'>tribu</span> <span class='ocrx_word' id='word_1_604' title='bbox 2082 1655 2175 1691; x_wconf 89' lang='lat' dir='ltr'>Dan.</span> <span class='ocrx_word' id='word_1_605' title='bbox 2205 1655 2334 1691; x_wconf 86' lang='lat' dir='ltr'>Ambos</span> <span class='ocrx_word' id='word_1_606' title='bbox 2351 1666 2432 1691; x_wconf 84' lang='lat' dir='ltr'>eru-</span> <span class='ocrx_word' id='word_1_607' title='bbox 2526 1666 2540 1703; x_wconf 66' lang='grc' dir='ltr'>ξ</span> 
     </span>
     <span class='ocr_line' id='line_1_93' title="bbox 1363 1715 2540 1765; baseline -0.003 -11"><span class='ocrx_word' id='word_1_608' title='bbox 1363 1719 1445 1754; x_wconf 82' lang='lat' dir='ltr'>divit</span> <span class='ocrx_word' id='word_1_609' title='bbox 1466 1719 1651 1765; x_wconf 84' lang='lat' dir='ltr'>sapientia,</span> <span class='ocrx_word' id='word_1_610' title='bbox 1668 1723 1705 1753; x_wconf 84' lang='lat' dir='ltr'>ut</span> <span class='ocrx_word' id='word_1_611' title='bbox 1728 1718 1863 1763; x_wconf 80' lang='lat' dir='ltr'>saciant</span> <span class='ocrx_word' id='word_1_612' title='bbox 1878 1715 1983 1764; x_wconf 79' lang='lat' dir='ltr'>opera</span> <span class='ocrx_word' id='word_1_613' title='bbox 2001 1717 2180 1763; x_wconf 69' lang='lat' dir='ltr'>abietarii,</span> <span class='ocrx_word' id='word_1_614' title='bbox 2199 1715 2430 1763; x_wconf 75' lang='lat' dir='ltr'>polymitarii,</span> <span class='ocrx_word' id='word_1_615' title='bbox 2524 1718 2540 1764; x_wconf 63' lang='grc' dir='ltr'><strong>ᾗ</strong></span> 
     </span>
     <span class='ocr_line' id='line_1_94' title="bbox 1363 1766 2540 1826; baseline -0.003 -11"><span class='ocrx_word' id='word_1_616' title='bbox 1363 1792 1404 1815; x_wconf 86' lang='lat' dir='ltr'>ac</span> <span class='ocrx_word' id='word_1_617' title='bbox 1426 1780 1607 1826; x_wconf 83' lang='lat' dir='ltr'>plumarii,</span> <span class='ocrx_word' id='word_1_618' title='bbox 1627 1785 1664 1814; x_wconf 88' lang='lat' dir='ltr'>et</span> <span class='ocrx_word' id='word_1_619' title='bbox 1685 1783 1816 1814; x_wconf 79' lang='lat' dir='ltr'>caetera</span> <span class='ocrx_word' id='word_1_620' title='bbox 1863 1777 1994 1824; x_wconf 65' lang='lat' dir='ltr'>(and.</span> <span class='ocrx_word' id='word_1_621' title='bbox 2017 1780 2148 1822; x_wconf 81' lang='lat' dir='ltr'>xxxv).</span> <span class='ocrx_word' id='word_1_622' title='bbox 2179 1777 2250 1814; x_wconf 88' lang='lat' dir='ltr'>Per</span> <span class='ocrx_word' id='word_1_623' title='bbox 2269 1778 2358 1813; x_wconf 90' lang='lat' dir='ltr'>istos</span> <span class='ocrx_word' id='word_1_624' title='bbox 2379 1782 2432 1813; x_wconf 87' lang='lat' dir='ltr'>ta·</span> <span class='ocrx_word' id='word_1_625' title='bbox 2528 1766 2540 1816; x_wconf 71' lang='grc' dir='ltr'><strong>Ξ</strong></span> 
     </span>
    </p>
   </div>
   <div class='ocr_carea' id='block_1_20' title="bbox 1360 1836 2461 3779">
    <p class='ocr_par' dir='ltr' id='par_1_22' title="bbox 1360 1836 2461 3779">
     <span class='ocr_line' id='line_1_95' title="bbox 1363 1836 2431 1883; baseline -0.002 -9"><span class='ocrx_word' id='word_1_626' title='bbox 1363 1839 1549 1875; x_wconf 87' lang='lat' dir='ltr'>bernaeuli</span> <span class='ocrx_word' id='word_1_627' title='bbox 1572 1838 1683 1883; x_wconf 91' lang='lat' dir='ltr'>typici</span> <span class='ocrx_word' id='word_1_628' title='bbox 1709 1836 1867 1871; x_wconf 83' lang='lat' dir='ltr'>artiliees</span> <span class='ocrx_word' id='word_1_629' title='bbox 1894 1837 2149 1881; x_wconf 85' lang='lat' dir='ltr'>exprimuntur</span> <span class='ocrx_word' id='word_1_630' title='bbox 2166 1838 2242 1872; x_wconf 73' lang='lat' dir='ltr'>veri</span> <span class='ocrx_word' id='word_1_631' title='bbox 2263 1837 2431 1873; x_wconf 84' lang='lat' dir='ltr'>taberna-</span> 
     </span>
     <span class='ocr_line' id='line_1_96' title="bbox 1365 1895 2431 1943; baseline 0.001 -10"><span class='ocrx_word' id='word_1_632' title='bbox 1365 1899 1435 1934; x_wconf 86' lang='lat' dir='ltr'>culi</span> <span class='ocrx_word' id='word_1_633' title='bbox 1453 1897 1657 1943; x_wconf 86' lang='lat' dir='ltr'>spirituales</span> <span class='ocrx_word' id='word_1_634' title='bbox 1671 1897 1832 1942; x_wconf 80' lang='lat' dir='ltr'>opifices.</span> <span class='ocrx_word' id='word_1_635' title='bbox 1844 1895 1934 1931; x_wconf 87' lang='lat' dir='ltr'>Nam</span> <span class='ocrx_word' id='word_1_636' title='bbox 1951 1901 1988 1932; x_wconf 89' lang='lat' dir='ltr'>et</span> <span class='ocrx_word' id='word_1_637' title='bbox 2002 1897 2146 1932; x_wconf 87' lang='lat' dir='ltr'>nomina</span> <span class='ocrx_word' id='word_1_638' title='bbox 2163 1907 2288 1932; x_wconf 82' lang='lat' dir='ltr'>eorum</span> <span class='ocrx_word' id='word_1_639' title='bbox 2301 1899 2431 1934; x_wconf 86' lang='lat' dir='ltr'>horum</span> 
     </span>
     <span class='ocr_line' id='line_1_97' title="bbox 1366 1957 2432 2004; baseline 0 -10"><span class='ocrx_word' id='word_1_640' title='bbox 1366 1958 1481 1994; x_wconf 86' lang='lat' dir='ltr'>officia</span> <span class='ocrx_word' id='word_1_641' title='bbox 1500 1958 1700 2004; x_wconf 85' lang='lat' dir='ltr'>designant.</span> <span class='ocrx_word' id='word_1_642' title='bbox 1721 1957 1881 1993; x_wconf 86' lang='lat' dir='ltr'>Beseleel</span> <span class='ocrx_word' id='word_1_643' title='bbox 1896 1957 2027 2003; x_wconf 85' lang='lat' dir='ltr'>quippe</span> <span class='ocrx_word' id='word_1_644' title='bbox 2044 1957 2081 1992; x_wconf 85' lang='lat' dir='ltr'>in</span> <span class='ocrx_word' id='word_1_645' title='bbox 2098 1957 2219 1992; x_wconf 87' lang='lat' dir='ltr'>umbra</span> <span class='ocrx_word' id='word_1_646' title='bbox 2235 1958 2299 1993; x_wconf 89' lang='lat' dir='ltr'>Dei</span> <span class='ocrx_word' id='word_1_647' title='bbox 2320 1958 2432 1995; x_wconf 85' lang='lat' dir='ltr'>inter-</span> 
     </span>
     <span class='ocr_line' id='line_1_98' title="bbox 1365 2019 2428 2068; baseline 0.001 -13"><span class='ocrx_word' id='word_1_648' title='bbox 1365 2027 1541 2067; x_wconf 82' lang='lat' dir='ltr'>pretatur.</span> <span class='ocrx_word' id='word_1_649' title='bbox 1575 2020 1650 2055; x_wconf 91' lang='lat' dir='ltr'>Ilur</span> <span class='ocrx_word' id='word_1_650' title='bbox 1672 2020 1777 2066; x_wconf 86' lang='lat' dir='ltr'>iynis,</span> <span class='ocrx_word' id='word_1_651' title='bbox 1805 2019 1893 2054; x_wconf 80' lang='lat' dir='ltr'>Iluri</span> <span class='ocrx_word' id='word_1_652' title='bbox 1921 2019 1982 2054; x_wconf 69' lang='lat' dir='ltr'>lux</span> <span class='ocrx_word' id='word_1_653' title='bbox 2004 2030 2093 2063; x_wconf 78' lang='lat' dir='ltr'>ntea,</span> <span class='ocrx_word' id='word_1_654' title='bbox 2113 2019 2224 2056; x_wconf 85' lang='lat' dir='ltr'>Judas</span> <span class='ocrx_word' id='word_1_655' title='bbox 2243 2020 2428 2068; x_wconf 71' lang='lat' dir='ltr'>consessio,</span> 
     </span>
     <span class='ocr_line' id='line_1_99' title="bbox 1366 2082 2429 2130; baseline -0.001 -11"><span class='ocrx_word' id='word_1_656' title='bbox 1366 2084 1491 2120; x_wconf 88' lang='lat' dir='ltr'>Ooliab</span> <span class='ocrx_word' id='word_1_657' title='bbox 1502 2083 1668 2130; x_wconf 84' lang='lat' dir='ltr'>protectio</span> <span class='ocrx_word' id='word_1_658' title='bbox 1684 2093 1759 2117; x_wconf 87' lang='lat' dir='ltr'>mea</span> <span class='ocrx_word' id='word_1_659' title='bbox 1776 2082 2138 2128; x_wconf 66' lang='lat' dir='ltr'>patei-,Aeliisatnech</span> <span class='ocrx_word' id='word_1_660' title='bbox 2154 2082 2299 2127; x_wconf 70' lang='lat' dir='ltr'>fratrem</span> <span class='ocrx_word' id='word_1_661' title='bbox 2315 2093 2429 2118; x_wconf 76' lang='lat' dir='ltr'>nwum</span> 
     </span>
     <span class='ocr_line' id='line_1_100' title="bbox 1366 2142 2430 2188; baseline -0.002 -8"><span class='ocrx_word' id='word_1_662' title='bbox 1366 2145 1546 2186; x_wconf 83' lang='lat' dir='ltr'>roborans,</span> <span class='ocrx_word' id='word_1_663' title='bbox 1565 2149 1601 2179; x_wconf 88' lang='lat' dir='ltr'>et</span> <span class='ocrx_word' id='word_1_664' title='bbox 1621 2143 1697 2178; x_wconf 82' lang='lat' dir='ltr'>Dan</span> <span class='ocrx_word' id='word_1_665' title='bbox 1711 2142 1887 2188; x_wconf 80' lang='lat' dir='ltr'>judicium</span> <span class='ocrx_word' id='word_1_666' title='bbox 1902 2142 1957 2177; x_wconf 84' lang='lat' dir='ltr'>vel</span> <span class='ocrx_word' id='word_1_667' title='bbox 1971 2142 2151 2188; x_wconf 84' lang='lat' dir='ltr'>judicans,</span> <span class='ocrx_word' id='word_1_668' title='bbox 2167 2142 2203 2177; x_wconf 90' lang='lat' dir='ltr'>in</span> <span class='ocrx_word' id='word_1_669' title='bbox 2218 2142 2347 2178; x_wconf 85' lang='lat' dir='ltr'>Latina</span> <span class='ocrx_word' id='word_1_670' title='bbox 2361 2142 2430 2178; x_wconf 78' lang='lat' dir='ltr'>lin-</span> 
     </span>
     <span class='ocr_line' id='line_1_101' title="bbox 1366 2204 2431 2254; baseline -0.001 -12"><span class='ocrx_word' id='word_1_671' title='bbox 1366 2217 1435 2254; x_wconf 79' lang='lat' dir='ltr'>gua</span> <span class='ocrx_word' id='word_1_672' title='bbox 1451 2210 1610 2242; x_wconf 81' lang='lat' dir='ltr'>resonat.</span> <span class='ocrx_word' id='word_1_673' title='bbox 1632 2205 1744 2252; x_wconf 84' lang='lat' dir='ltr'>Igitur</span> <span class='ocrx_word' id='word_1_674' title='bbox 1763 2204 1928 2242; x_wconf 86' lang='lat' dir='ltr'>doctores</span> <span class='ocrx_word' id='word_1_675' title='bbox 1946 2205 2075 2247; x_wconf 85' lang='lat' dir='ltr'>sancti,</span> <span class='ocrx_word' id='word_1_676' title='bbox 2097 2206 2157 2251; x_wconf 91' lang='lat' dir='ltr'>qui</span> <span class='ocrx_word' id='word_1_677' title='bbox 2174 2205 2431 2252; x_wconf 66' lang='lat' dir='ltr'>praedicatione</span> 
     </span>
     <span class='ocr_line' id='line_1_102' title="bbox 1367 2265 2432 2312; baseline -0.001 -10"><span class='ocrx_word' id='word_1_678' title='bbox 1367 2277 1430 2302; x_wconf 86' lang='lat' dir='ltr'>sua</span> <span class='ocrx_word' id='word_1_679' title='bbox 1452 2265 1640 2312; x_wconf 87' lang='lat' dir='ltr'>spirituale</span> <span class='ocrx_word' id='word_1_680' title='bbox 1665 2265 1856 2301; x_wconf 72' lang='lat' dir='ltr'>:edificium</span> <span class='ocrx_word' id='word_1_681' title='bbox 1883 2266 2011 2301; x_wconf 79' lang='lat' dir='ltr'>domus</span> <span class='ocrx_word' id='word_1_682' title='bbox 2031 2265 2091 2300; x_wconf 74' lang='lat' dir='ltr'>Ilei</span> <span class='ocrx_word' id='word_1_683' title='bbox 2123 2265 2316 2308; x_wconf 80' lang='lat' dir='ltr'>fabricant,</span> <span class='ocrx_word' id='word_1_684' title='bbox 2337 2266 2432 2301; x_wconf 82' lang='lat' dir='ltr'>bene</span> 
     </span>
     <span class='ocr_line' id='line_1_103' title="bbox 1366 2325 2430 2372; baseline -0.001 -10"><span class='ocrx_word' id='word_1_685' title='bbox 1366 2326 1492 2363; x_wconf 83' lang='lat' dir='ltr'>umbra</span> <span class='ocrx_word' id='word_1_686' title='bbox 1512 2326 1574 2362; x_wconf 87' lang='lat' dir='ltr'>Dei</span> <span class='ocrx_word' id='word_1_687' title='bbox 1601 2326 1801 2372; x_wconf 80' lang='lat' dir='ltr'>tutttcupari</span> <span class='ocrx_word' id='word_1_688' title='bbox 1823 2333 1987 2372; x_wconf 85' lang='lat' dir='ltr'>possunt,</span> <span class='ocrx_word' id='word_1_689' title='bbox 2012 2326 2072 2371; x_wconf 88' lang='lat' dir='ltr'>qui</span> <span class='ocrx_word' id='word_1_690' title='bbox 2104 2326 2139 2360; x_wconf 88' lang='lat' dir='ltr'>in</span> <span class='ocrx_word' id='word_1_691' title='bbox 2163 2326 2284 2362; x_wconf 81' lang='lat' dir='ltr'>divina</span> <span class='ocrx_word' id='word_1_692' title='bbox 2305 2325 2430 2362; x_wconf 84' lang='lat' dir='ltr'>desen·</span> 
     </span>
     <span class='ocr_line' id='line_1_104' title="bbox 1366 2386 2428 2433; baseline -0.001 -10"><span class='ocrx_word' id='word_1_693' title='bbox 1366 2389 1466 2423; x_wconf 82' lang='lat' dir='ltr'>sione</span> <span class='ocrx_word' id='word_1_694' title='bbox 1486 2386 1682 2423; x_wconf 77' lang='lat' dir='ltr'>confidunt.</span> <span class='ocrx_word' id='word_1_695' title='bbox 1704 2386 1754 2422; x_wconf 82' lang='lat' dir='ltr'>Ex</span> <span class='ocrx_word' id='word_1_696' title='bbox 1774 2397 1926 2433; x_wconf 79' lang='lat' dir='ltr'>quorum</span> <span class='ocrx_word' id='word_1_697' title='bbox 1943 2397 2099 2433; x_wconf 86' lang='lat' dir='ltr'>persona</span> <span class='ocrx_word' id='word_1_698' title='bbox 2113 2386 2304 2422; x_wconf 82' lang='lat' dir='ltr'>Psalmista</span> <span class='ocrx_word' id='word_1_699' title='bbox 2323 2387 2428 2423; x_wconf 78' lang='lat' dir='ltr'>dicit:</span> 
     </span>
     <span class='ocr_line' id='line_1_105' title="bbox 1365 2446 2431 2492; baseline 0 -10"><span class='ocrx_word' id='word_1_700' title='bbox 1365 2447 1409 2482; x_wconf 87' lang='lat' dir='ltr'>In</span> <span class='ocrx_word' id='word_1_701' title='bbox 1435 2446 1559 2482; x_wconf 83' lang='lat' dir='ltr'>umbra</span> <span class='ocrx_word' id='word_1_702' title='bbox 1589 2446 1727 2482; x_wconf 82' lang='lat' dir='ltr'>alaram</span> <span class='ocrx_word' id='word_1_703' title='bbox 1761 2453 1902 2482; x_wconf 84' lang='lat' dir='ltr'>tuarum</span> <span class='ocrx_word' id='word_1_704' title='bbox 1931 2447 2094 2492; x_wconf 81' lang='lat' dir='ltr'>sperabo,</span> <span class='ocrx_word' id='word_1_705' title='bbox 2127 2446 2236 2481; x_wconf 68' lang='lat' dir='ltr'>‹lonce-</span> <span class='ocrx_word' id='word_1_706' title='bbox 2273 2452 2431 2482; x_wconf 77' lang='lat' dir='ltr'>transeat</span> 
     </span>
     <span class='ocr_line' id='line_1_106' title="bbox 1364 2506 2432 2555; baseline -0.001 -13"><span class='ocrx_word' id='word_1_707' title='bbox 1364 2508 1530 2554; x_wconf 79' lang='lat' dir='ltr'>iniquitas</span> <span class='ocrx_word' id='word_1_708' title='bbox 1548 2506 1663 2554; x_wconf 81' lang='lat' dir='ltr'>(Psal.</span> <span class='ocrx_word' id='word_1_709' title='bbox 1688 2507 1776 2555; x_wconf 82' lang='lat' dir='ltr'>xvi).</span> <span class='ocrx_word' id='word_1_710' title='bbox 1811 2506 1879 2552; x_wconf 89' lang='lat' dir='ltr'>Ipsi</span> <span class='ocrx_word' id='word_1_711' title='bbox 1918 2506 2010 2553; x_wconf 83' lang='lat' dir='ltr'>ignis</span> <span class='ocrx_word' id='word_1_712' title='bbox 2040 2511 2102 2542; x_wconf 88' lang='lat' dir='ltr'>aut</span> <span class='ocrx_word' id='word_1_713' title='bbox 2128 2507 2250 2542; x_wconf 87' lang='lat' dir='ltr'>lumen</span> <span class='ocrx_word' id='word_1_714' title='bbox 2279 2512 2348 2542; x_wconf 80' lang='lat' dir='ltr'>rite</span> <span class='ocrx_word' id='word_1_715' title='bbox 2366 2516 2432 2542; x_wconf 91' lang='lat' dir='ltr'>no-</span> 
     </span>
     <span class='ocr_line' id='line_1_107' title="bbox 1365 2566 2432 2612; baseline 0.002 -11"><span class='ocrx_word' id='word_1_716' title='bbox 1365 2567 1563 2610; x_wconf 86' lang='lat' dir='ltr'>minantur,</span> <span class='ocrx_word' id='word_1_717' title='bbox 1582 2566 1644 2612; x_wconf 89' lang='lat' dir='ltr'>qui</span> <span class='ocrx_word' id='word_1_718' title='bbox 1669 2566 1746 2603; x_wconf 78' lang='lat' dir='ltr'>zelo</span> <span class='ocrx_word' id='word_1_719' title='bbox 1767 2566 1947 2612; x_wconf 88' lang='lat' dir='ltr'>spirituali</span> <span class='ocrx_word' id='word_1_720' title='bbox 1972 2566 2132 2608; x_wconf 84' lang='lat' dir='ltr'>accensi,</span> <span class='ocrx_word' id='word_1_721' title='bbox 2151 2566 2271 2602; x_wconf 82' lang='lat' dir='ltr'>lumen</span> <span class='ocrx_word' id='word_1_722' title='bbox 2287 2566 2370 2602; x_wconf 82' lang='lat' dir='ltr'>lidei</span> <span class='ocrx_word' id='word_1_723' title='bbox 2387 2577 2432 2603; x_wconf 82' lang='lat' dir='ltr'>ae</span> 
     </span>
     <span class='ocr_line' id='line_1_108' title="bbox 1364 2626 2430 2674; baseline 0 -11"><span class='ocrx_word' id='word_1_724' title='bbox 1364 2626 1525 2663; x_wconf 66' lang='lat' dir='ltr'>solenti-ee</span> <span class='ocrx_word' id='word_1_725' title='bbox 1545 2626 1744 2673; x_wconf 85' lang='lat' dir='ltr'>spiritualis</span> <span class='ocrx_word' id='word_1_726' title='bbox 1772 2627 1998 2663; x_wconf 85' lang='lat' dir='ltr'>auditoribus</span> <span class='ocrx_word' id='word_1_727' title='bbox 2020 2628 2094 2664; x_wconf 68' lang='lat' dir='ltr'>suis</span> <span class='ocrx_word' id='word_1_728' title='bbox 2119 2627 2344 2674; x_wconf 82' lang='lat' dir='ltr'>impendunt,</span> <span class='ocrx_word' id='word_1_729' title='bbox 2375 2632 2430 2663; x_wconf 82' lang='lat' dir='ltr'>at-</span> 
     </span>
     <span class='ocr_line' id='line_1_109' title="bbox 1365 2689 2429 2739; baseline 0.003 -15"><span class='ocrx_word' id='word_1_730' title='bbox 1365 2699 1434 2735; x_wconf 88' lang='lat' dir='ltr'>que</span> <span class='ocrx_word' id='word_1_731' title='bbox 1464 2689 1703 2725; x_wconf 80' lang='lat' dir='ltr'>consessionis</span> <span class='ocrx_word' id='word_1_732' title='bbox 1737 2689 1924 2726; x_wconf 60' lang='lat' dir='ltr'>catholica}</span> <span class='ocrx_word' id='word_1_733' title='bbox 1952 2699 2117 2726; x_wconf 85' lang='lat' dir='ltr'>normam</span> <span class='ocrx_word' id='word_1_734' title='bbox 2146 2691 2367 2739; x_wconf 50' lang='lat' dir='ltr'>ostendunt..</span> <span class='ocrx_word' id='word_1_735' title='bbox 2382 2691 2429 2728; x_wconf 89' lang='lat' dir='ltr'>Hi</span> 
     </span>
     <span class='ocr_line' id='line_1_110' title="bbox 1364 2749 2428 2798; baseline 0.005 -15"><span class='ocrx_word' id='word_1_736' title='bbox 1364 2758 1506 2795; x_wconf 87' lang='lat' dir='ltr'>quoquc</span> <span class='ocrx_word' id='word_1_737' title='bbox 1529 2750 1793 2796; x_wconf 83' lang='lat' dir='ltr'>protectionem</span> <span class='ocrx_word' id='word_1_738' title='bbox 1815 2749 1878 2786; x_wconf 86' lang='lat' dir='ltr'>Dei</span> <span class='ocrx_word' id='word_1_739' title='bbox 1898 2752 2012 2796; x_wconf 87' lang='lat' dir='ltr'>patris</span> <span class='ocrx_word' id='word_1_740' title='bbox 2036 2751 2213 2788; x_wconf 86' lang='lat' dir='ltr'>habentes</span> <span class='ocrx_word' id='word_1_741' title='bbox 2236 2751 2272 2787; x_wconf 90' lang='lat' dir='ltr'>in</span> <span class='ocrx_word' id='word_1_742' title='bbox 2291 2751 2428 2798; x_wconf 85' lang='lat' dir='ltr'>judicio</span> 
     </span>
     <span class='ocr_line' id='line_1_111' title="bbox 1363 2810 2428 2857; baseline 0.004 -11"><span class='ocrx_word' id='word_1_743' title='bbox 1363 2818 1399 2847; x_wconf 86' lang='lat' dir='ltr'>et</span> <span class='ocrx_word' id='word_1_744' title='bbox 1412 2811 1566 2855; x_wconf 85' lang='lat' dir='ltr'>justitia,</span> <span class='ocrx_word' id='word_1_745' title='bbox 1586 2810 1719 2847; x_wconf 83' lang='lat' dir='ltr'>fratres</span> <span class='ocrx_word' id='word_1_746' title='bbox 1738 2821 1822 2847; x_wconf 88' lang='lat' dir='ltr'>suos</span> <span class='ocrx_word' id='word_1_747' title='bbox 1841 2818 2020 2857; x_wconf 87' lang='lat' dir='ltr'>quatenus</span> <span class='ocrx_word' id='word_1_748' title='bbox 2046 2814 2083 2849; x_wconf 89' lang='lat' dir='ltr'>in</span> <span class='ocrx_word' id='word_1_749' title='bbox 2103 2813 2174 2850; x_wconf 77' lang='lat' dir='ltr'>fide</span> <span class='ocrx_word' id='word_1_750' title='bbox 2194 2813 2372 2850; x_wconf 85' lang='lat' dir='ltr'>catholica</span> <span class='ocrx_word' id='word_1_751' title='bbox 2390 2819 2428 2850; x_wconf 83' lang='lat' dir='ltr'>et</span> 
     </span>
     <span class='ocr_line' id='line_1_112' title="bbox 1364 2870 2423 2915; baseline 0.004 -9"><span class='ocrx_word' id='word_1_752' title='bbox 1364 2870 1469 2906; x_wconf 88' lang='lat' dir='ltr'>bonis</span> <span class='ocrx_word' id='word_1_753' title='bbox 1483 2870 1652 2915; x_wconf 86' lang='lat' dir='ltr'>operibus</span> <span class='ocrx_word' id='word_1_754' title='bbox 1666 2876 1912 2915; x_wconf 88' lang='lat' dir='ltr'>perseverent,</span> <span class='ocrx_word' id='word_1_755' title='bbox 1930 2873 2156 2910; x_wconf 82' lang='lat' dir='ltr'>exhortando</span> <span class='ocrx_word' id='word_1_756' title='bbox 2171 2874 2423 2910; x_wconf 82' lang='lat' dir='ltr'>corroborant.</span> 
     </span>
     <span class='ocr_line' id='line_1_113' title="bbox 1365 2930 2425 2980; baseline 0.003 -13"><span class='ocrx_word' id='word_1_757' title='bbox 1365 2930 1439 2967; x_wconf 85' lang='lat' dir='ltr'>Nec</span> <span class='ocrx_word' id='word_1_758' title='bbox 1461 2941 1531 2965; x_wconf 93' lang='lat' dir='ltr'>non</span> <span class='ocrx_word' id='word_1_759' title='bbox 1558 2935 1594 2965; x_wconf 91' lang='lat' dir='ltr'>et</span> <span class='ocrx_word' id='word_1_760' title='bbox 1621 2930 1707 2966; x_wconf 89' lang='lat' dir='ltr'>illud</span> <span class='ocrx_word' id='word_1_761' title='bbox 1732 2931 1790 2977; x_wconf 88' lang='lat' dir='ltr'>pie</span> <span class='ocrx_word' id='word_1_762' title='bbox 1819 2933 2122 2970; x_wconf 86' lang='lat' dir='ltr'>considerandum</span> <span class='ocrx_word' id='word_1_763' title='bbox 2143 2939 2214 2978; x_wconf 90' lang='lat' dir='ltr'>est,</span> <span class='ocrx_word' id='word_1_764' title='bbox 2244 2934 2327 2980; x_wconf 83' lang='lat' dir='ltr'>quia</span> <span class='ocrx_word' id='word_1_765' title='bbox 2352 2945 2425 2970; x_wconf 89' lang='lat' dir='ltr'>non</span> 
     </span>
     <span class='ocr_line' id='line_1_114' title="bbox 1367 2989 2425 3043; baseline 0.005 -14"><span class='ocrx_word' id='word_1_766' title='bbox 1367 2992 1481 3029; x_wconf 87' lang='lat' dir='ltr'>solum</span> <span class='ocrx_word' id='word_1_767' title='bbox 1504 2989 1563 3028; x_wconf 89' lang='lat' dir='ltr'>ille</span> <span class='ocrx_word' id='word_1_768' title='bbox 1588 2992 1650 3037; x_wconf 91' lang='lat' dir='ltr'>qui</span> <span class='ocrx_word' id='word_1_769' title='bbox 1670 2993 1713 3028; x_wconf 88' lang='lat' dir='ltr'>de</span> <span class='ocrx_word' id='word_1_770' title='bbox 1738 2993 1834 3030; x_wconf 85' lang='lat' dir='ltr'>tribu</span> <span class='ocrx_word' id='word_1_771' title='bbox 1862 2995 1974 3042; x_wconf 82' lang='lat' dir='ltr'>regali</span> <span class='ocrx_word' id='word_1_772' title='bbox 1998 3003 2101 3033; x_wconf 90' lang='lat' dir='ltr'>ortus</span> <span class='ocrx_word' id='word_1_773' title='bbox 2121 3003 2193 3041; x_wconf 85' lang='lat' dir='ltr'>est,</span> <span class='ocrx_word' id='word_1_774' title='bbox 2210 2997 2298 3043; x_wconf 84' lang='lat' dir='ltr'>quin</span> <span class='ocrx_word' id='word_1_775' title='bbox 2315 2997 2425 3034; x_wconf 82' lang='lat' dir='ltr'>etiam</span> 
     </span>
     <span class='ocr_line' id='line_1_115' title="bbox 1364 3053 2424 3105; baseline 0.006 -15"><span class='ocrx_word' id='word_1_776' title='bbox 1364 3054 1434 3090; x_wconf 91' lang='lat' dir='ltr'>iste</span> <span class='ocrx_word' id='word_1_777' title='bbox 1452 3053 1513 3100; x_wconf 87' lang='lat' dir='ltr'>qui</span> <span class='ocrx_word' id='word_1_778' title='bbox 1532 3054 1576 3090; x_wconf 86' lang='lat' dir='ltr'>de</span> <span class='ocrx_word' id='word_1_779' title='bbox 1595 3054 1724 3090; x_wconf 84' lang='lat' dir='ltr'>ancilla</span> <span class='ocrx_word' id='word_1_780' title='bbox 1748 3061 1854 3092; x_wconf 84' lang='lat' dir='ltr'>natus</span> <span class='ocrx_word' id='word_1_781' title='bbox 1873 3061 1944 3100; x_wconf 87' lang='lat' dir='ltr'>est,</span> <span class='ocrx_word' id='word_1_782' title='bbox 1965 3058 2008 3093; x_wconf 89' lang='lat' dir='ltr'>ad</span> <span class='ocrx_word' id='word_1_783' title='bbox 2030 3059 2278 3105; x_wconf 82' lang='lat' dir='ltr'>magisterium</span> <span class='ocrx_word' id='word_1_784' title='bbox 2301 3059 2424 3105; x_wconf 80' lang='lat' dir='ltr'>operis</span> 
     </span>
     <span class='ocr_line' id='line_1_116' title="bbox 1365 3114 2424 3168; baseline 0.007 -18"><span class='ocrx_word' id='word_1_785' title='bbox 1365 3115 1430 3151; x_wconf 91' lang='lat' dir='ltr'>Dei</span> <span class='ocrx_word' id='word_1_786' title='bbox 1453 3114 1608 3162; x_wconf 86' lang='lat' dir='ltr'>eligitur.</span> <span class='ocrx_word' id='word_1_787' title='bbox 1630 3115 1791 3152; x_wconf 87' lang='lat' dir='ltr'>Beseleel</span> <span class='ocrx_word' id='word_1_788' title='bbox 1819 3127 1961 3163; x_wconf 84' lang='lat' dir='ltr'>quoque</span> <span class='ocrx_word' id='word_1_789' title='bbox 1986 3128 2030 3154; x_wconf 90' lang='lat' dir='ltr'>ex</span> <span class='ocrx_word' id='word_1_790' title='bbox 2056 3120 2151 3156; x_wconf 87' lang='lat' dir='ltr'>tribu</span> <span class='ocrx_word' id='word_1_791' title='bbox 2174 3119 2266 3158; x_wconf 76' lang='lat' dir='ltr'>suda</span> <span class='ocrx_word' id='word_1_792' title='bbox 2291 3120 2353 3168; x_wconf 88' lang='lat' dir='ltr'>qui</span> <span class='ocrx_word' id='word_1_793' title='bbox 2378 3120 2424 3157; x_wconf 87' lang='lat' dir='ltr'>de</span> 
     </span>
     <span class='ocr_line' id='line_1_117' title="bbox 1365 3175 2422 3221; baseline 0.007 -11"><span class='ocrx_word' id='word_1_794' title='bbox 1365 3175 1430 3210; x_wconf 89' lang='lat' dir='ltr'>Lia</span> <span class='ocrx_word' id='word_1_795' title='bbox 1461 3175 1574 3211; x_wconf 86' lang='lat' dir='ltr'>libera</span> <span class='ocrx_word' id='word_1_796' title='bbox 1605 3180 1711 3211; x_wconf 88' lang='lat' dir='ltr'>natus</span> <span class='ocrx_word' id='word_1_797' title='bbox 1742 3181 1798 3211; x_wconf 91' lang='lat' dir='ltr'>est</span> <span class='ocrx_word' id='word_1_798' title='bbox 1828 3177 2019 3221; x_wconf 89' lang='lat' dir='ltr'>processit,</span> <span class='ocrx_word' id='word_1_799' title='bbox 2040 3184 2077 3214; x_wconf 88' lang='lat' dir='ltr'>et</span> <span class='ocrx_word' id='word_1_800' title='bbox 2095 3178 2223 3216; x_wconf 78' lang='lat' dir='ltr'>ooliab</span> <span class='ocrx_word' id='word_1_801' title='bbox 2251 3181 2296 3216; x_wconf 91' lang='lat' dir='ltr'>de</span> <span class='ocrx_word' id='word_1_802' title='bbox 2323 3180 2422 3216; x_wconf 78' lang='lat' dir='ltr'>tribu</span> 
     </span>
     <span class='ocr_line' id='line_1_118' title="bbox 1363 3233 2422 3287; baseline 0.008 -18"><span class='ocrx_word' id='word_1_803' title='bbox 1363 3234 1439 3269; x_wconf 87' lang='lat' dir='ltr'>Dan</span> <span class='ocrx_word' id='word_1_804' title='bbox 1466 3234 1528 3279; x_wconf 92' lang='lat' dir='ltr'>qui</span> <span class='ocrx_word' id='word_1_805' title='bbox 1557 3233 1625 3269; x_wconf 76' lang='lat' dir='ltr'>fuit</span> <span class='ocrx_word' id='word_1_806' title='bbox 1650 3233 1746 3270; x_wconf 86' lang='lat' dir='ltr'>Illius</span> <span class='ocrx_word' id='word_1_807' title='bbox 1771 3233 1868 3270; x_wconf 82' lang='lat' dir='ltr'>Baloe</span> <span class='ocrx_word' id='word_1_808' title='bbox 1894 3235 2035 3272; x_wconf 82' lang='lat' dir='ltr'>ancillae</span> <span class='ocrx_word' id='word_1_809' title='bbox 2052 3235 2188 3274; x_wconf 76' lang='lat' dir='ltr'>Rachel</span> <span class='ocrx_word' id='word_1_810' title='bbox 2211 3240 2422 3287; x_wconf 79' lang='lat' dir='ltr'>progenitus</span> 
     </span>
     <span class='ocr_line' id='line_1_119' title="bbox 1363 3291 2422 3342; baseline 0.008 -14"><span class='ocrx_word' id='word_1_811' title='bbox 1363 3296 1440 3335; x_wconf 85' lang='lat' dir='ltr'>est;</span> <span class='ocrx_word' id='word_1_812' title='bbox 1478 3291 1717 3338; x_wconf 83' lang='lat' dir='ltr'>spiritualiter</span> <span class='ocrx_word' id='word_1_813' title='bbox 1746 3292 1850 3329; x_wconf 84' lang='lat' dir='ltr'>nobis</span> <span class='ocrx_word' id='word_1_814' title='bbox 1883 3292 2054 3338; x_wconf 88' lang='lat' dir='ltr'>innuens,</span> <span class='ocrx_word' id='word_1_815' title='bbox 2085 3297 2170 3342; x_wconf 81' lang='lat' dir='ltr'>quta</span> <span class='ocrx_word' id='word_1_816' title='bbox 2202 3309 2274 3335; x_wconf 88' lang='lat' dir='ltr'>non</span> <span class='ocrx_word' id='word_1_817' title='bbox 2305 3299 2422 3336; x_wconf 81' lang='lat' dir='ltr'>solum</span> 
     </span>
     <span class='ocr_line' id='line_1_120' title="bbox 1363 3350 2421 3400; baseline 0.009 -14"><span class='ocrx_word' id='word_1_818' title='bbox 1363 3350 1516 3395; x_wconf 88' lang='lat' dir='ltr'>nobiles,</span> <span class='ocrx_word' id='word_1_819' title='bbox 1551 3350 1615 3388; x_wconf 89' lang='lat' dir='ltr'>sed</span> <span class='ocrx_word' id='word_1_820' title='bbox 1638 3350 1748 3387; x_wconf 78' lang='lat' dir='ltr'>etiam</span> <span class='ocrx_word' id='word_1_821' title='bbox 1785 3350 1976 3398; x_wconf 84' lang='lat' dir='ltr'>ignobiles,</span> <span class='ocrx_word' id='word_1_822' title='bbox 2008 3361 2186 3400; x_wconf 84' lang='lat' dir='ltr'>quantum</span> <span class='ocrx_word' id='word_1_823' title='bbox 2217 3353 2262 3393; x_wconf 76' lang='lat' dir='ltr'>ad</span> <span class='ocrx_word' id='word_1_824' title='bbox 2295 3350 2421 3395; x_wconf 67' lang='lat' dir='ltr'>‘saectitt</span> 
     </span>
     <span class='ocr_line' id='line_1_121' title="bbox 1365 3409 2419 3467; baseline 0.009 -21"><span class='ocrx_word' id='word_1_825' title='bbox 1365 3409 1576 3456; x_wconf 81' lang='lat' dir='ltr'>dignitatem</span> <span class='ocrx_word' id='word_1_826' title='bbox 1600 3409 1772 3467; x_wconf 81' lang='lat' dir='ltr'>pertinet,</span> <span class='ocrx_word' id='word_1_827' title='bbox 1791 3411 1836 3448; x_wconf 83' lang='lat' dir='ltr'>ad</span> <span class='ocrx_word' id='word_1_828' title='bbox 1854 3412 2015 3459; x_wconf 76' lang='lat' dir='ltr'>regimen</span> <span class='ocrx_word' id='word_1_829' title='bbox 2028 3410 2206 3452; x_wconf 73' lang='lat' dir='ltr'>Ecclesiae</span> <span class='ocrx_word' id='word_1_830' title='bbox 2223 3417 2419 3465; x_wconf 77' lang='lat' dir='ltr'>eliguntur,</span> 
     </span>
     <span class='ocr_line' id='line_1_122' title="bbox 1364 3468 2423 3522; baseline 0.008 -16"><span class='ocrx_word' id='word_1_831' title='bbox 1364 3470 1448 3517; x_wconf 85' lang='lat' dir='ltr'>quia</span> <span class='ocrx_word' id='word_1_832' title='bbox 1473 3468 1576 3518; x_wconf 79' lang='lat' dir='ltr'>iuxta</span> <span class='ocrx_word' id='word_1_833' title='bbox 1594 3469 1694 3508; x_wconf 84' lang='lat' dir='ltr'>Petri</span> <span class='ocrx_word' id='word_1_834' title='bbox 1713 3478 1854 3516; x_wconf 81' lang='lat' dir='ltr'>vocem,</span> <span class='ocrx_word' id='word_1_835' title='bbox 1878 3482 1951 3509; x_wconf 93' lang='lat' dir='ltr'>non</span> <span class='ocrx_word' id='word_1_836' title='bbox 1975 3477 2030 3510; x_wconf 85' lang='lat' dir='ltr'>est</span> <span class='ocrx_word' id='word_1_837' title='bbox 2051 3482 2291 3522; x_wconf 83' lang='lat' dir='ltr'>personarum</span> <span class='ocrx_word' id='word_1_838' title='bbox 2315 3483 2423 3515; x_wconf 75' lang='lat' dir='ltr'>aceo·-</span> 
     </span>
     <span class='ocr_line' id='line_1_123' title="bbox 1361 3526 2461 3581; baseline 0.01 -15"><span class='ocrx_word' id='word_1_839' title='bbox 1361 3536 1445 3578; x_wconf 73' lang='lat' dir='ltr'>ptor</span> <span class='ocrx_word' id='word_1_840' title='bbox 1465 3526 1573 3575; x_wconf 80' lang='lat' dir='ltr'>Deus,</span> <span class='ocrx_word' id='word_1_841' title='bbox 1597 3530 1662 3578; x_wconf 79' lang='lat' dir='ltr'>sed</span> <span class='ocrx_word' id='word_1_842' title='bbox 1690 3526 1854 3580; x_wconf 68' lang='lat' dir='ltr'>inomni</span> <span class='ocrx_word' id='word_1_843' title='bbox 1887 3538 1994 3579; x_wconf 78' lang='lat' dir='ltr'>gente</span> <span class='ocrx_word' id='word_1_844' title='bbox 2014 3528 2077 3581; x_wconf 69' lang='lat' dir='ltr'>qu&#39;t</span> <span class='ocrx_word' id='word_1_845' title='bbox 2107 3536 2210 3573; x_wconf 80' lang='lat' dir='ltr'>timet</span> <span class='ocrx_word' id='word_1_846' title='bbox 2237 3536 2358 3575; x_wconf 65' lang='lat' dir='ltr'>bena}⁴</span> <span class='ocrx_word' id='word_1_847' title='bbox 2375 3539 2434 3577; x_wconf 58' lang='grc' dir='ltr'>οἱ»</span> <span class='ocrx_word' id='word_1_848' title='bbox 2459 3559 2461 3562; x_wconf 58' lang='lat'>&gt;</span> 
     </span>
     <span class='ocr_line' id='line_1_124' title="bbox 1361 3587 2428 3646; baseline 0.008 -19"><span class='ocrx_word' id='word_1_849' title='bbox 1361 3588 1738 3643; x_wconf 67' lang='lat' dir='ltr'>operatur-justitiam,</span> <span class='ocrx_word' id='word_1_850' title='bbox 1756 3595 1927 3644; x_wconf 74' lang='lat' dir='ltr'>acceptus</span> <span class='ocrx_word' id='word_1_851' title='bbox 1946 3595 2002 3630; x_wconf 80' lang='lat' dir='ltr'>est</span> <span class='ocrx_word' id='word_1_852' title='bbox 2026 3592 2092 3632; x_wconf 81' lang='lat' dir='ltr'>illi.</span> <span class='ocrx_word' id='word_1_853' title='bbox 2115 3589 2194 3634; x_wconf 77' lang='lat' dir='ltr'>Non</span> <span class='ocrx_word' id='word_1_854' title='bbox 2211 3596 2317 3635; x_wconf 66' lang='lat' dir='ltr'>enin</span> <span class='ocrx_word' id='word_1_855' title='bbox 2331 3602 2341 3637; x_wconf 57' lang='grc' dir='ltr'>ἐ</span> <span class='ocrx_word' id='word_1_856' title='bbox 2361 3587 2393 3644; x_wconf 49' lang='lat' dir='ltr'>J„</span> <span class='ocrx_word' id='word_1_857' title='bbox 2420 3616 2428 3646; x_wconf 38' lang='grc' dir='ltr'>-ι</span> 
     </span>
     <span class='ocr_line' id='line_1_125' title="bbox 1360 3631 2420 3705; baseline 0.008 -18"><span class='ocrx_word' id='word_1_858' title='bbox 1360 3643 1588 3697; x_wconf 66' lang='lat' dir='ltr'>nobilitatem</span> <span class='ocrx_word' id='word_1_859' title='bbox 1617 3631 1754 3696; x_wconf 62' lang='lat' dir='ltr'>carnis,</span> <span class='ocrx_word' id='word_1_860' title='bbox 1785 3651 1850 3690; x_wconf 74' lang='lat' dir='ltr'>sed</span> <span class='ocrx_word' id='word_1_861' title='bbox 1879 3647 2106 3692; x_wconf 72' lang='lat' dir='ltr'>nobilitatem</span> <span class='ocrx_word' id='word_1_862' title='bbox 2134 3647 2287 3695; x_wconf 62' lang='lat' dir='ltr'>aninu-</span> <span class='ocrx_word' id='word_1_863' title='bbox 2309 3685 2312 3687; x_wconf 83' lang='grc'>-</span> <span class='ocrx_word' id='word_1_864' title='bbox 2350 3653 2420 3701; x_wconf 46' lang='lat'>&#39;3</span> 
     </span>
     <span class='ocr_line' id='line_1_126' title="bbox 1360 3702 2191 3779; baseline 0.019 -30"><span class='ocrx_word' id='word_1_865' title='bbox 1360 3712 1401 3763; x_wconf 61' lang='lat' dir='ltr'>qt</span> <span class='ocrx_word' id='word_1_866' title='bbox 1428 3703 1654 3779; x_wconf 54' lang='lat' dir='ltr'>wiufflatpqq</span> <span class='ocrx_word' id='word_1_867' title='bbox 1682 3702 1784 3772; x_wconf 55' lang='lat' dir='ltr'>rema</span> <span class='ocrx_word' id='word_1_868' title='bbox 1813 3707 1886 3758; x_wconf 73' lang='lat' dir='ltr'>fide</span> <span class='ocrx_word' id='word_1_869' title='bbox 1924 3720 1962 3757; x_wconf 73' lang='grc' dir='ltr'>αι</span> <span class='ocrx_word' id='word_1_870' title='bbox 1989 3712 2094 3756; x_wconf 73' lang='lat' dir='ltr'>honts</span> <span class='ocrx_word' id='word_1_871' title='bbox 2122 3726 2191 3776; x_wconf 71' lang='lat' dir='ltr'>ope</span> 
     </span>
    </p>
   </div>
   <div class='ocr_carea' id='block_1_21' title="bbox 2266 1816 2540 3758">
    <p class='ocr_par' dir='ltr' id='par_1_23' title="bbox 2266 1816 2540 3758">
     <span class='ocr_line' id='line_1_127' title="bbox 2518 1816 2540 2027; baseline 0 -60"><span class='ocrx_word' id='word_1_872' title='bbox 2518 1816 2540 2027; x_wconf 95' lang='lat' dir='ltr'>   </span> 
     </span>
     <span class='ocr_line' id='line_1_128' title="bbox 2510 2027 2540 2092; baseline 0 1924"><span class='ocrx_word' id='word_1_873' title='bbox 2510 2027 2540 2092; x_wconf 95' lang='lat' dir='ltr'> </span> 
     </span>
     <span class='ocr_line' id='line_1_129' title="bbox 2492 2092 2540 2302; baseline 0 0"><span class='ocrx_word' id='word_1_874' title='bbox 2492 2092 2540 2302; x_wconf 95' lang='lat' dir='ltr'>    </span> 
     </span>
     <span class='ocr_line' id='line_1_130' title="bbox 2484 2395 2540 2579; baseline 0 -64"><span class='ocrx_word' id='word_1_875' title='bbox 2484 2395 2540 2579; x_wconf 95' lang='lat' dir='ltr'>   </span> 
     </span>
     <span class='ocr_line' id='line_1_131' title="bbox 2484 2579 2540 2698; baseline 0 -63"><span class='ocrx_word' id='word_1_876' title='bbox 2484 2579 2540 2698; x_wconf 95' lang='lat' dir='ltr'>  </span> 
     </span>
     <span class='ocr_line' id='line_1_132' title="bbox 2484 2698 2540 2764; baseline 0 1252"><span class='ocrx_word' id='word_1_877' title='bbox 2484 2698 2540 2764; x_wconf 95' lang='lat' dir='ltr'> </span> 
     </span>
     <span class='ocr_line' id='line_1_133' title="bbox 2484 2764 2540 2822; baseline 0 1194"><span class='ocrx_word' id='word_1_878' title='bbox 2484 2764 2540 2822; x_wconf 95' lang='lat' dir='ltr'> </span> 
     </span>
     <span class='ocr_line' id='line_1_134' title="bbox 2482 2822 2540 2880; baseline 0 1136"><span class='ocrx_word' id='word_1_879' title='bbox 2482 2822 2540 2880; x_wconf 95' lang='lat' dir='ltr'> </span> 
     </span>
     <span class='ocr_line' id='line_1_135' title="bbox 2480 2880 2540 3005; baseline 0 -68"><span class='ocrx_word' id='word_1_880' title='bbox 2480 2880 2540 3005; x_wconf 95' lang='lat' dir='ltr'>  </span> 
     </span>
     <span class='ocr_line' id='line_1_136' title="bbox 2478 3005 2540 3070; baseline 0 946"><span class='ocrx_word' id='word_1_881' title='bbox 2478 3005 2540 3070; x_wconf 95' lang='lat' dir='ltr'> </span> 
     </span>
     <span class='ocr_line' id='line_1_137' title="bbox 2472 3070 2540 3314; baseline 0 0"><span class='ocrx_word' id='word_1_882' title='bbox 2472 3070 2540 3314; x_wconf 95' lang='lat' dir='ltr'>    </span> 
     </span>
     <span class='ocr_line' id='line_1_138' title="bbox 2464 3314 2540 3367; baseline 0 649"><span class='ocrx_word' id='word_1_883' title='bbox 2464 3314 2540 3367; x_wconf 95' lang='lat' dir='ltr'> </span> 
     </span>
     <span class='ocr_line' id='line_1_139' title="bbox 2442 3367 2540 3551; baseline 0 -58"><span class='ocrx_word' id='word_1_884' title='bbox 2442 3367 2540 3551; x_wconf 95' lang='lat' dir='ltr'>   </span> 
     </span>
     <span class='ocr_line' id='line_1_140' title="bbox 2422 3551 2540 3629; baseline 0 387"><span class='ocrx_word' id='word_1_885' title='bbox 2422 3551 2540 3629; x_wconf 95' lang='lat' dir='ltr'> </span> 
     </span>
     <span class='ocr_line' id='line_1_141' title="bbox 2341 3629 2540 3670; baseline 0 346"><span class='ocrx_word' id='word_1_886' title='bbox 2341 3629 2540 3670; x_wconf 95' lang='lat' dir='ltr'> </span> 
     </span>
     <span class='ocr_line' id='line_1_142' title="bbox 2266 3670 2540 3758; baseline 0 258"><span class='ocrx_word' id='word_1_887' title='bbox 2266 3670 2540 3758; x_wconf 95' lang='lat' dir='ltr'> </span> 
     </span>
    </p>
   </div>
   <div class='ocr_carea' id='block_1_22' title="bbox 1378 3758 1607 3793">
    <p class='ocr_par' dir='ltr' id='par_1_24' title="bbox 1378 3758 1607 3793">
     <span class='ocr_line' id='line_1_143' title="bbox 1378 3758 1607 3793; baseline -0.004 -13"><span class='ocrx_word' id='word_1_888' title='bbox 1378 3758 1402 3793; x_wconf 47' lang='grc' dir='ltr'>(ὖ</span> <span class='ocrx_word' id='word_1_889' title='bbox 1419 3758 1511 3785; x_wconf 55' lang='lat' dir='ltr'>‚tvaim</span> <span class='ocrx_word' id='word_1_890' title='bbox 1566 3764 1574 3777; x_wconf 70' lang='lat'><em>³</em></span> <span class='ocrx_word' id='word_1_891' title='bbox 1591 3764 1607 3775; x_wconf 66' lang='grc' dir='ltr'>ν·</span> 
     </span>
    </p>
   </div>
  </div>
 </body>
</html>
