2540 4016
37 113 143 189 3865

615 135 882 174 ENAnnA‘no
910 135 1062 174 suren
1085 110 1500 178 nnurnnououmn.
1526 132 1574 172 ’-
1597 145 1683 183 un.
1707 146 1738 183 1.

2171 160 2241 199 866

39 208 88 254 'fs
101 216 236 263 Diliges
253 214 444 252 Dominum
461 211 576 250 Deum
593 215 695 248 tuum
714 221 759 247 ex
778 215 856 247 toto
880 210 1077 253 cordetuo,
1099 215 1136 246 et
1151 211 1189 252 A
1202 213 1355 250 missum
1371 218 1440 251 εει.
1462 215 1552 251 Cum
1571 219 1668 255 enim
1687 229 1889 266 praecurrat
1904 226 2043 267 dilectio
2066 232 2146 278 Dei,
2165 235 2244 281 ejus

37 282 41 283 ⁷
67 290 89 313 -ι
101 289 147 315 ex
178 282 254 315 tota
284 276 405 312 anima
434 279 508 318 tua,
529 280 565 310 et
585 283 631 310 ex
667 278 743 309 tota
781 271 991 308 fortitudine
1024 277 1124 308 tua.»

69 337 210 376 Animae
232 335 400 375 rationali
421 344 500 381 quae
518 332 696 371 memoria
717 336 870 374 constat,
890 331 1075 367 intellectu
1094 338 1132 368 ct

71 407 208 441 amore,
241 402 376 436 sanctae
405 395 593 432 Trinitatis
620 394 710 430 fides
734 391 1008 430 commendatur
1030 390 1067 427 in
1088 400 1130 428 eo

69 459 168 506 quod
185 458 273 495 dicit
291 469 302 494 ε
326 469 339 491 ‹
357 456 490 504 Diliges
507 455 700 492 Dominum
719 453 836 490 Deum
862 457 964 488 tuum
983 461 1028 488 ex
1053 455 1130 488 toto

69 519 181 557 corde
197 523 275 563 tuo,
296 523 333 555 et
347 527 394 554 ex
411 523 488 554 tota
514 516 635 553 anima
660 521 736 559 tua,
760 520 798 551 et
822 524 867 551 ex
894 518 970 549 tota
997 512 1131 548 virtute

71 585 147 617 tua.
163 591 176 613 ›
204 577 278 615 Sed
294 578 373 614 haec
388 577 563 624 perfectio
584 575 775 614 charitatis
790 575 828 611 in
846 574 966 621 specie
991 573 1131 610 decoris

70 646 127 677 est
143 638 209 676 Dei
222 637 286 674 ubi
304 637 528 674 conditorem
542 643 708 674 nostrum
719 635 921 673 videbimus
942 634 1048 671 sicuti
1061 639 1129 670 est.

70 701 173 738 Nunc
186 698 300 746 ipsius
320 708 448 736 cursus
466 699 683 735 rectitudine
703 703 740 734 et
760 697 981 744 perfectione
1008 695 1133 733 tenda-

69 770 177 800 mus:
194 759 405 807 castigando
433 769 564 806 corpus
590 763 754 796 nostrum
781 763 818 794 et
848 755 1013 793 servituti
1048 756 1133 791 sub-

66 821 236 869 jiciendo,
255 825 292 856 et
306 819 544 866 eleemosynis
559 820 697 863 dandis,
709 824 747 855 et
763 816 983 854 dimittendis
998 824 1078 859 quae
1095 815 1132 851 in

69 884 175 920 nobis
190 887 273 919 sunt
287 882 479 919 commissa
495 883 666 929 peccatis,
683 881 848 918 hilariter
862 885 956 916 etex
969 877 1078 915 eorde
1097 883 1133 914 et

70 945 294 983 erationibus
314 944 559 980 indesinenter
575 943 756 984 instando,
772 946 809 977 ει
826 941 904 976 haec
916 938 1081 975 faciendo
1095 938 1133 974 in

69 1006 234 1044 doctrina
251 1015 352 1048 sana,
372 1014 442 1050 qua
457 1003 659 1039 aedificatur
672 1002 761 1038 fides
772 1005 887 1044 recta,
904 1009 986 1046 spes
1004 1000 1129 1044 firma,

68 1066 228 1104 charitas
237 1075 339 1111 pura.
353 1063 439 1099 Haec
454 1067 510 1098 est
522 1071 619 1098 nunc
632 1066 669 1097 ει
685 1061 775 1107 spei.
792 1059 885 1096 Nam
900 1070 958 1096 res
972 1060 1048 1106 ipsa
1059 1069 1132 1096 non

67 1137 148 1176 quae
167 1125 336 1163 credatur
349 1129 386 1161 et
402 1127 580 1170 speretur,
597 1122 659 1158 sed
669 1132 750 1168 quae
760 1122 927 1158 videatur
945 1126 1128 1157 teneatur·
1149 1110 1180 1149 Β

69 1201 155 1239 que,
174 1189 351 1232 succedit;
370 1188 530 1223 charitas
547 1190 681 1229 autem,
699 1195 779 1231 quae
799 1185 834 1220 in
850 1185 906 1221 his
927 1184 1043 1221 tribus
1054 1194 1131 1220 ma-

65 1254 126 1301 ior
150 1258 219 1295 est,
240 1261 313 1287 non
338 1249 535 1292 auferatur,
567 1248 629 1284 sed
655 1253 830 1294 augeatur
851 1252 888 1283 ει
910 1246 1127 1292 impleatur:

69 1314 311 1360 contemplata
319 1314 415 1360 quod
428 1313 610 1354 credebat,
626 1316 660 1347 et
678 1311 774 1356 quod
794 1311 963 1357 sperabat
977 1311 1126 1355 adepta:

67 1376 106 1413 in
121 1386 191 1423 qua
200 1374 423 1422 plenitudine
442 1372 645 1414 charitatis,
667 1376 887 1417 praeceptum
906 1370 990 1405 illud
1006 1370 1131 1415 imple-

65 1438 166 1475 bitur
185 1450 193 1473 :
215 1450 226 1471 ‹
240 1437 374 1483 Diliges
394 1435 586 1471 Dominum
608 1434 722 1470 Deum
746 1438 848 1468 tuum
864 1442 908 1467 cx
928 1437 1002 1467 toto
1022 1433 1130 1468 corde

67 1504 144 1543 tuo,
165 1503 261 1535 etex
278 1502 353 1533 tota
379 1496 500 1532 anima
528 1501 603 1538 tua,
630 1500 666 1530 et
695 1505 740 1530 ex
768 1499 841 1529 tota
870 1498 990 1529 mente
1020 1499 1094 1529 tua.
1112 1506 1124 1528 ι

67 1558 158 1595 Nam
182 1568 263 1594 cum
287 1563 345 1593 est
374 1557 490 1592 adhuc
511 1555 646 1601 aliquid
662 1554 817 1591 carnalis
832 1554 1130 1599 concupiscentiae

68 1619 162 1665 quod
192 1618 248 1654 vel
277 1616 495 1654 continendo
521 1616 698 1659 frenetur,
725 1626 797 1652 non
828 1615 926 1652 omni
954 1615 1059 1651 modo
1085 1626 1131 1651 ex

67 1685 144 1717 tota
159 1680 279 1716 anima
299 1679 460 1725 diligitur
476 1678 584 1714 Deus.
607 1676 685 1713 Non
702 1678 797 1713 enim
816 1686 900 1713 caro
917 1677 993 1713 sine
1011 1676 1131 1712 anima

69 1739 316 1787 concupiscit,
354 1739 517 1784 quamvis
558 1748 643 1774 caro
679 1738 933 1783 concupiscere
969 1737 1128 1779 dicatur,

67 1802 153 1850 quia
172 1801 367 1838 carnaliter
391 1799 614 1846 concupiscit
635 1800 767 1834 anima.
808 1798 909 1835 Tunc
928 1799 997 1834 erit
1012 1797 1132 1843 justus

68 1862 148 1900 sine
178 1862 252 1897 ullo
291 1861 438 1897 omnino
466 1866 630 1906 peccato,
664 1861 747 1906 quia
782 1860 879 1895 nulla
909 1860 965 1896 lex
993 1860 1063 1895 erit
1094 1859 1132 1895 in

68 1923 242 1960 membris
258 1923 336 1969 ejus
355 1931 561 1968 repugnans
580 1921 650 1966 legi
668 1921 800 1957 mentis
827 1920 904 1965 ejus
920 1932 928 1963 ;
953 1921 1016 1956 sed
1033 1930 1134 1966 pror-

69 1994 132 2022 sus
149 1988 225 2020 toto
241 1983 360 2025 corde,
384 1987 459 2018 tota
478 1983 613 2024 anima,
639 1986 714 2017 tota
734 1986 855 2016 mente
870 1981 986 2027 diligit
1004 1980 1130 2022 Deum,

71 2046 166 2094 quod
185 2050 240 2080 est
256 2043 415 2090 primum
433 2052 684 2087 summumque
701 2047 935 2087 praeceptum.
957 2040 1029 2076 Cur
1047 2050 1133 2087 ergo

68 2118 143 2145 non
174 2107 434 2154 praeciperetur
465 2105 603 2142 homini
638 2105 706 2140 ista
738 2103 936 2150 perfectio,
971 2103 1135 2148 quamvis

69 2176 150 2205 eam
169 2169 207 2204 in
226 2168 296 2203 hac
315 2167 390 2201 vita
410 2176 481 2202 non
505 2165 665 2201 habeat?
690 2164 769 2200 Non
788 2165 885 2200 enim
903 2170 1001 2199 recte
1020 2163 1136 2199 curri-

69 2234 144 2271 tur,
166 2228 285 2274 siquo
310 2226 528 2263 currendum
547 2230 614 2268 est,
639 2224 835 2260 nesciatur.
865 2223 1052 2267 Quomodo
1073 2234 1135 2258 au-

70 2294 146 2326 tem
177 2287 345 2330 sciretur,
376 2287 406 2322 si
433 2285 541 2322 nullis
565 2284 754 2330 praeceptis
780 2283 1045 2319 ostenderetur.
1075 2282 1136 2318 Sic

72 2357 261 2385 curramus
285 2356 384 2393 crgo,
407 2351 447 2381 ut
474 2344 837 2391 comprehendamus.
876 2342 1010 2378 Omnes
1038 2342 1134 2377 enim

72 2409 134 2456 qui
161 2414 258 2444 recte
292 2412 463 2450 current,
501 2404 828 2452 comprehendent;
864 2413 936 2439 non
967 2403 1062 2439 sieut
1099 2403 1136 2437 in

73 2479 187 2517 agone
206 2469 398 2511 theatrico,
419 2477 546 2503 omnes
575 2467 722 2512 quidem
753 2470 919 2507 currunt,
953 2464 1016 2499 sed
1044 2473 1136 2499 unus

72 2530 203 2576 accipit
233 2529 402 2575 palmam.
452 2527 650 2562 Curramus
687 2535 818 2570 corpus
853 2523 1066 2570 castigando
1100 2529 1137 2559 et

71 2590 312 2635 eleemosynis
335 2587 373 2622 in
401 2587 505 2622 bonis
534 2586 681 2627 dandis,
710 2584 886 2628 malisque
910 2582 1137 2628 ignoscendis

73 2653 238 2691 hilariter
262 2655 298 2686 et
323 2659 367 2685 ex
397 2648 505 2684 corde
529 2646 706 2689 faciendo,
732 2651 768 2681 et
791 2644 1015 2681 currentium
1041 2643 1138 2679 vires

73 2719 115 2750 ut
145 2713 357 2758 adiuventur
390 2709 555 2750 orando;
585 2713 622 2743 ει
653 2707 705 2742 sic
739 2706 926 2741 audiamus
957 2709 1137 2750 praecepta

75 2772 323 2820 perfectionis,
342 2781 388 2807 ne
409 2779 557 2807 currere
577 2767 800 2814 negligamus
820 2766 864 2802 ad
879 2765 1137 2812 plenitudinem

77 2833 277 2872 charitatis.

475 2889 626 2927 CAPUT
656 2888 732 2924 XII.

77 2972 130 3008 De
149 2970 324 3018 diligendo
340 2968 411 3004 Deo
426 2978 469 3003 ex
484 2972 556 3003 tota
574 2966 708 3007 anima,
725 2969 757 3000 et
773 2974 815 3000 ex
830 2968 902 2999 tota
917 2963 1133 3009 fortitudine,

125 3025 156 3055 et
174 3018 216 3054 de
231 3015 420 3062 alliqandis
442 3013 619 3050 mandatis
636 3011 702 3047 Dei
726 3012 763 3046 in
778 3010 940 3046 cordibus
955 3011 1135 3047 hominum

124 3071 158 3102 et
181 3061 416 3111 praedicandis
435 3061 484 3096 eis
500 3059 609 3096 soboli
635 3069 731 3102 suae,
751 3058 788 3093 in
808 3068 925 3093 omnes
942 3059 1137 3104 qeneratio-

125 3123 186 3148 nes
191 3138 199 3146 .

127 3199 228 3249 (Car.
245 3197 312 3244 vi.)
334 3209 346 3231 ‹
364 3196 510 3243 Diliges,
527 3195 660 3242 inquit,
682 3194 875 3230 Dominum
891 3194 1004 3230 Deum
1020 3197 1137 3236 tuum,

83 3273 99 3298 ι
119 3271 165 3298 ex
183 3265 259 3297 toto
275 3258 384 3295 corde
403 3264 480 3302 tuo,
498 3262 593 3293 etex
615 3260 688 3292 tota
706 3255 826 3291 anima
842 3260 915 3298 tua,
933 3265 979 3291 ex
999 3264 1045 3290 ex
1063 3260 1139 3291 tota

86 3334 100 3358 ι
122 3326 244 3359 mente
276 3326 358 3365 tua3
378 3325 415 3356 ει
439 3318 569 3366 diliges
599 3318 806 3365 proximum
831 3322 932 3353 tuum
963 3317 1058 3353 sicut
1087 3322 1141 3353 te-

87 3394 101 3418 «
123 3381 253 3429 ipsum.
278 3394 290 3416 ι
310 3380 350 3417 ln
376 3381 434 3418 his
461 3380 600 3417 duobus
625 3378 817 3426 praeceptis
837 3383 912 3415 tota
932 3378 991 3414 lex
1008 3378 1141 3424 pendet

84 3446 122 3481 et
133 3443 329 3490 prophetae.
349 3441 452 3479 Finis
467 3441 589 3488 itaque
599 3441 772 3488 praecepti
785 3444 841 3476 est
856 3439 1014 3476 dileetio.
1036 3440 1082 3475 Et
1098 3449 1140 3474 ea

85 3502 282 3551 geminata,
303 3503 341 3541 id
362 3507 430 3550 „est
447 3502 511 3540 Dei
541 3507 578 3538 et
606 3502 763 3550 proximi
780 3513 788 3537 :
804 3500 902 3547 quod
933 3498 1038 3542 facis,
1056 3499 1086 3535 si
1108 3503 1143 3535 te

85 3567 203 3604 totum
241 3565 442 3613 intelligas,
479 3563 516 3600 id
548 3570 604 3601 est
648 3563 766 3600 anima
800 3567 836 3598 et
877 3570 1006 3607 corpus
1042 3559 1141 3606 ejus,

87 3630 126 3662 ct
157 3627 361 3672 proximum
403 3633 529 3671 tuum,
561 3627 598 3664 id
629 3632 686 3663 est
724 3626 882 3662 animam
915 3629 950 3659 et
984 3633 1140 3669 corpus:

88 3686 199 3724 homo
225 3687 323 3724 enim
341 3698 388 3726 ex
415 3689 536 3726 anima
565 3693 712 3726 constat
740 3693 778 3725 et
807 3695 971 3733 corpore.
1001 3683 1143 3721 Nullum

90 3756 213 3786 rerum
243 3746 505 3795 diligendarum
533 3759 648 3798 genus
674 3750 711 3786 in
734 3749 793 3787 his
824 3748 964 3786 duobus
995 3752 1144 3794 praeter-

1199 276 1400 313 dilectionis
1415 275 1544 313 modus
1553 279 1789 324 praescriptus
1803 290 1987 328 appareat,
1997 289 2047 325 ita
2061 298 2102 328 ut
2114 299 2246 332 (πῖθι-3

1198 335 1236 371 in
1255 335 1354 372 illum
1383 335 1579 373 confluant.
1601 336 1653 373 De
1680 336 1873 376 dilectione
1898 346 1960 377 tua
1990 345 2080 381 nihil
2111 351 2246 390 dit-,mm

1196 395 1360 440 videtum
1387 398 1451 434 sed
1482 408 1566 434 cum
1597 397 1734 435 dictum
1754 403 1836 435 est:
1857 411 1871 433 ‹
1894 399 2030 448 Diliges
2045 407 2246 448 proximum

1197 461 1301 492 tuum
1314 461 1487 502 tanquam
1505 463 1542 494 te
1556 458 1690 505 ipsum,
1706 471 1719 493 ι
1737 458 1895 496 simulet
1910 461 1962 496 tui
1977 461 2041 498 abs
2054 468 2091 499 te
2106 464 2251 506 dilectio

1196 526 1270 552 non
1298 517 1541 562 praetermissa
1561 523 1630 555 est.
1657 515 1860 555 Ille'autem
1875 517 1975 564 juste
2002 526 2038 557 et
2066 529 2189 560 sancte
2202 527 2253 562 vi-

1196 578 1263 623 vit,
1283 578 1344 624 qui
1375 587 1498 614 rerum
1531 579 1674 626 integer
1705 579 1905 615 aestimator
1931 584 1997 616 est.
2027 580 2107 628 Ipse
2133 588 2253 621 autem

1198 641 1260 687 qui
1296 639 1502 676 ordinatam
1520 641 1648 690 ‘habet
1680 639 1925 685 dilectionem,
1958 651 2003 677 ne
2039 646 2102 677 aut
2133 643 2256 690 diligat

1199 702 1295 749 quod
1314 712 1387 738 non
1411 707 1468 738 εει
1489 701 1723 748 diligendum,
1749 706 1811 737 aut
1830 712 1903 738 non
1928 702 2054 749 diligat
2086 703 2183 748 quod
2200 709 2256 740 εει

1199 765 1432 812 diligendum,
1455 771 1518 801 aut
1532 766 1686 812 amplius
1708 766 1834 812 diligat
1848 766 1944 813 quod
1966 767 2086 803 minus
2106 766 2257 814 diligen-

1199 827 1284 863 dum
1311 832 1380 871 est,
1402 833 1464 863 aut
1483 838 1585 873 aeque
1604 827 1728 874 diligat
1754 828 1850 873 quod
1874 828 1932 863 vel
1957 828 2077 864 minus
2102 828 2160 864 vel
2181 838 2256 863 am-

1197 887 1292 934 plius
1323 888 1543 935 diligendum
1572 894 1640 925 est.
1673 887 1799 925 Omnis
1827 893 1996 934 peccator
2011 889 2048 925 in
2081 893 2256 935 quantum

1198 954 1368 995 peccator
1382 959 1456 985 non
1475 954 1531 986 est
1547 949 1761 997 diligendus.
1778 950 1823 986 Et
1837 951 1955 987 omnis
1969 951 2078 987 homo
2093 950 2130 986 in
2146 959 2258 996 quan-

1199 1011 1276 1042 tum
1302 1008 1410 1043 homo
1438 1012 1494 1044 est
1523 1008 1726 1054 diligendus
1751 1014 1807 1044 est
1833 1014 1981 1054 propter
2005 1009 2119 1045 Deum
2135 1018 2145 1044 t
2161 1009 2257 1046 Deus

1199 1078 1287 1104 vero
1305 1073 1454 1114 propter
1473 1069 1646 1114 seipsum.
1680 1069 1725 1104 Et
1741 1069 1772 1105 si
1787 1069 1884 1105 Deus
1898 1070 1996 1106 omni
2014 1069 2163 1106 homine
2179 1069 2260 1105 dili-

1199 1130 1338 1177 gendus
1363 1134 1419 1164 est
1443 1129 1612 1175 amplius,
1633 1129 1785 1174 amplius
1805 1129 1958 1175 quisque
1982 1129 2133 1176 diligere
2152 1129 2259 1166 debet

1198 1199 1280 1226 eum
1306 1199 1414 1235 quam
1441 1190 1612 1236 seipsum.
1643 1189 1734 1226 Item
1761 1190 1916 1236 amplius
1935 1189 2027 1226 alius
2046 1190 2155 1226 homo
2174 1189 2257 1226 dili-

1198 1252 1334 1298 gendus
1349 1257 1404 1288 εει
1420 1262 1527 1297 quam
1544 1262 1675 1297 corpus
1688 1257 1866 1294 nostrum,
1878 1252 1962 1296 quia
1978 1256 2126 1297 propter
2142 1251 2256 1286 Deum

1197 1314 1318 1350 omnia
1336 1314 1405 1349 ista
1423 1314 1605 1360 diligenda
1625 1319 1721 1350 sunt.
1755 1314 1799 1349 Et
1818 1319 1939 1359 potest
1956 1314 2061 1349 nobis
2077 1324 2159 1348 cum
2180 1313 2260 1349 aliis

1197 1377 1307 1412 homo
1338 1376 1413 1412 Deo
1443 1375 1601 1421 perfrui,
1623 1375 1719 1421 quod
1749 1385 1821 1410 non
1854 1380 1974 1420 potest
2004 1384 2150 1420 corpus,
2174 1374 2259 1418 quia

1198 1447 1328 1482 corpus
1347 1446 1412 1482 per
1436 1438 1596 1471 animam
1626 1436 1728 1478 vivit,
1751 1446 1821 1481 qua
1841 1435 1997 1471 fruimur
2015 1435 2102 1470 Deo.
2125 1435 2259 1471 Omnes

1199 1501 1319 1531 autem
1339 1506 1442 1541 aeque
1462 1495 1633 1542 diligendi
1652 1500 1747 1531 sunt.
1771 1494 1840 1531 Sed
1864 1506 1945 1531 cum
1966 1495 2133 1533 omnibus
2151 1494 2260 1542 prod-

1198 1567 1277 1593 esse
1309 1567 1381 1593 non
1415 1557 1546 1602 possis,
1569 1557 1625 1593 his
1656 1557 1887 1602 potissimum
1918 1557 2179 1592 consulendum
2204 1561 2261 1592 est

1198 1616 1260 1663 qui
1287 1627 1352 1662 pro
1380 1616 1540 1653 locorum
1562 1622 1598 1652 et
1617 1622 1819 1662 temporum
1835 1643 1844 1659 ‚
1867 1616 1923 1652 vel
1942 1617 2185 1661 quarumlibet
2203 1625 2261 1652 re-

1199 1687 1279 1712 rum
1298 1676 1619 1722 oportunitatibus,
1637 1676 1869 1712 constrictius
1897 1675 1961 1712 tibi
1980 1676 2084 1722 quasi
2101 1676 2258 1721 quadam

1199 1745 1295 1774 sorte
1323 1738 1538 1784 junguntur.
1564 1750 1575 1770 ι
1596 1737 1783 1782 Eruntque
1816 1737 1927 1773 verba
1962 1737 2061 1780 haec,
2083 1747 2162 1783 quac
2193 1747 2263 1784 ego

1204 1813 1215 1834 ‹
1239 1801 1411 1847 praecipio
1438 1801 1518 1841 tibi,
1539 1801 1573 1836 in
1602 1801 1710 1837 corde
1732 1806 1792 1836 tuo
1818 1800 1939 1843 hodie,
1959 1804 1996 1835 ει
2027 1799 2194 1835 narrabis
2215 1808 2258 1835 ea

1204 1874 1216 1896 α
1241 1862 1324 1898 filiis
1357 1862 1452 1904 tuis,
1477 1867 1514 1898 et
1533 1862 1766 1898 meditaberis
1787 1862 1915 1898 sedens
1943 1862 1980 1897 in
2004 1862 2110 1898 domo
2134 1866 2208 1904 tua,
2227 1865 2264 1896 et

1205 1934 1217 1956 t
1241 1922 1430 1958 ambulans
1451 1922 1488 1957 in
1520 1923 1662 1965 itinere,
1681 1923 1863 1958 dormiens
1887 1927 1995 1968 atque
2025 1930 2260 1968 consurgens.

1207 1994 1219 2015 c
1243 1982 1289 2017 Et
1306 1982 1434 2028 ligabis
1454 1990 1497 2017 ea
1513 1981 1616 2026 quasi
1640 1981 1783 2027 signum
1802 1981 1838 2016 in
1860 1991 1971 2016 manu
1990 1986 2066 2023 tua,
2085 1985 2264 2025 eruntque

1209 2056 1221 2078 ι
1246 2049 1281 2081 ει
1300 2044 1538 2080 movebuntur
1556 2043 1651 2078 inter
1668 2043 1792 2079 oculos
1818 2048 1899 2077 tuos
1912 2069 1922 2084 ,
1945 2042 2146 2086 scribisque
2165 2050 2207 2075 ea
2228 2039 2265 2076 in

1208 2119 1220 2139 α
1245 2106 1369 2142 limine
1391 2111 1428 2141 et
1455 2105 1559 2141 ostiis
1586 2105 1713 2140 domus
1745 2109 1828 2145 tuae,
1850 2107 1919 2138 etc.
1935 2115 1946 2136 ι
1969 2102 2077 2138 Istius
2094 2111 2180 2148 ergo
2197 2100 2266 2136 loci

1204 2166 1285 2202 talis
1305 2171 1360 2202 εει
1377 2176 1517 2202 sensus.
1548 2165 1735 2210 Praecepta
1756 2173 1836 2199 mea
1856 2164 1927 2199 sint
1947 2164 1982 2199 in
2004 2173 2115 2199 manu
2136 2169 2209 2205 tua,
2228 2166 2268 2197 ut

1203 2238 1312 2273 opere
1340 2228 1606 2274 compleantur,
1629 2227 1701 2263 sint
1722 2231 1807 2261 ante
1832 2225 1956 2261 oculos
1989 2230 2070 2260 tuos
2089 2230 2129 2259 ut
2149 2223 2206 2259 die
2223 2232 2267 2258 ac

1203 2296 1310 2326 nocte
1329 2291 1520 2326 mediteris
1535 2290 1572 2324 in
1591 2290 1656 2325 eis.
1685 2289 1769 2324 Haec
1787 2287 1959 2323 Pharisaei
1977 2287 2071 2322 male
2091 2287 2268 2331 interpre-

1206 2356 1338 2392 tantes,
1356 2355 1395 2384 ut
1412 2349 1646 2395 Evangelium
1663 2349 1766 2384 testis
1785 2354 1854 2390 εει,
1871 2348 2077 2383 scribebant
2096 2347 2132 2382 in
2151 2356 2265 2383 mem-

1205 2409 1367 2446 branulis
1383 2409 1595 2455 decalogum
1610 2408 1736 2454 Moysi,
1758 2407 1794 2442 id
1811 2413 1867 2442 est
1886 2407 2012 2443 decem
2026 2407 2135 2442 verba
2155 2406 2258 2453 legis,

1205 2476 1239 2506 et
1261 2469 1520 2515 complicantes
1541 2479 1583 2505 ea
1599 2474 1635 2504 et
1653 2469 1805 2513 ligantes
1828 2478 1871 2503 ea
1895 2468 1931 2503 in
1952 2467 2085 2510 fronte,
2107 2472 2143 2502 et
2160 2466 2264 2513 quasi

1205 2541 1376 2567 eoronam
1398 2530 1505 2574 capiti
1526 2529 1712 2570 facientes,
1732 2533 1771 2563 ut
1786 2538 1928 2573 semper
1946 2532 2028 2563 ante
2044 2526 2169 2563 oculos
2186 2536 2264 2563 mo-

1205 2596 1370 2626 veantur.
1392 2589 1495 2632 Quod
1513 2599 1628 2634 usque
1643 2588 1749 2623 hodie
1767 2587 1954 2633 Babylonii
1975 2586 2124 2628 faciunt,
2147 2590 2183 2621 ct
2202 2584 2266 2631 qui

1206 2650 1274 2685 hoe
1291 2648 1471 2690 habuerit,
1492 2647 1596 2692 quasi
1626 2647 1816 2692 religiosus
1847 2646 1883 2680 in
1904 2644 2043 2691 populis
2068 2644 2263 2691 judicatur.

1207 2711 1299 2755 Quia
1318 2720 1405 2756 ergo
1421 2708 1595 2744 Dominus
1616 2706 1898 2752 disputationem
1916 2710 2044 2740 contra
2060 2703 2264 2739 Pharisaeos

1207 2774 1360 2814 habens,
1386 2772 1528 2808 dixerat
1552 2771 1596 2806 acl
1616 2768 1810 2814 discipulos
1836 2776 1947 2803 suos:
1969 2778 1980 2799 ι
2006 2764 2135 2802 Omnia
2155 2773 2266 2809 opera

1208 2845 1274 2871 sua
1290 2834 1438 2876 faciunt,
1457 2838 1498 2869 ut
1511 2832 1703 2868 videantur
1719 2830 1765 2866 ab
1779 2828 1998 2870 hominibus,
2015 2839 2027 2860 ›
2046 2826 2141 2872 quod
2158 2833 2266 2871 gene-

1153 2902 1189 2942 1)
1208 2896 1333 2932 raliter
1363 2899 1611 2936 accusaverat,
1646 2901 1743 2928 nunc
1778 2891 1816 2926 in
1846 2895 1968 2936 partes
1996 2887 2136 2924 dividit.
2173 2885 2266 2922 Puta

1208 2957 1311 2994 scioli
1334 2955 1507 3002 decalogi,
1530 2952 1760 3000 phylacteria
1778 2951 1958 2988 vocabant
1974 2961 1983 2984 :
1999 2948 2094 2995 quod
2114 2947 2267 2994 quicun-

1208 3027 1279 3064 que
1298 3016 1510 3052 habuissent
1529 3025 1585 3058 ea,
1607 3012 1711 3060 quasi
1729 3011 1773 3048 ad
1802 3010 2003 3048 custodiam
2020 3013 2056 3045 et
2071 3008 2268 3044 nutrimen-

1211 3083 1287 3113 tum
1316 3077 1372 3113 sui
1408 3075 1619 3118 habuerint,
1638 3072 1835 3110 Pharisaeis
1868 3081 1938 3107 non
1967 3067 2266 3114 intelligentibus,

1211 3137 1307 3184 quod
1338 3138 1415 3173 haec
1436 3136 1473 3172 in
1500 3136 1609 3173 corde
1640 3132 1819 3180 portanda
1839 3131 1926 3172 sint,
1952 3139 2022 3164 non
2043 3127 2079 3162 in
2098 3134 2263 3170 corpore.

1210 3196 1380 3244 Alioquin
1411 3202 1448 3233 et
1470 3196 1628 3232 armaria
1660 3198 1696 3229 et
1717 3200 1811 3227 arcae
1838 3189 1971 3225 habent
1999 3186 2126 3230 libros,
2148 3190 2185 3222 ει
2199 3184 2265 3222 Dei

1211 3259 1379 3296 notitiam
1397 3268 1469 3295 non
1486 3258 1632 3293 habent.

1265 3332 1276 3353 ι
1300 3319 1493 3355 Dominum
1521 3315 1634 3350 Deum
1658 3318 1758 3348 tuum
1778 3308 1941 3350 timebis,
1962 3313 1999 3343 et
2022 3306 2091 3353 ipsi
2111 3304 2264 3349 servies,

1216 3393 1229 3415 ι
1243 3391 1285 3417 ae
1298 3389 1363 3426 per
1384 3386 1516 3414 nomen
1530 3375 1625 3410 illius
1635 3371 1787 3420 jurabis,
1803 3368 1990 3414 etreliqua
2005 3381 2017 3402 ι
2037 3365 2140 3412 Quod
2157 3366 2207 3402 ait
2220 3365 2266 3402 de

1212 3439 1378 3480 Domino,
1400 3449 1412 3469 c
1431 3436 1476 3471 Et
1491 3435 1527 3471 in
1547 3432 1692 3470 nomine
1708 3430 1786 3476 eius
1800 3428 1955 3475 jurabis,
1977 3441 1989 3463 ι
2012 3436 2084 3465 non
2104 3426 2156 3462 ita
2173 3434 2266 3471 prae-

1213 3504 1357 3544 ceptum
1377 3493 1625 3541 accipiendum
1646 3497 1714 3535 est,
1733 3490 1835 3536 quasi
1863 3487 1988 3534 jurare
2014 3486 2178 3533 jusserit,
2199 3483 2265 3520 sed

1212 3560 1247 3595 in
1277 3557 1425 3593 alterius
1457 3552 1608 3598 alicujus
1639 3551 1701 3588 Dei
1733 3550 1878 3587 nomine
1906 3548 2033 3594 iurare
2063 3543 2260 3593 prohibuit.

1212 3619 1338 3656 Melius
1356 3622 1476 3653 autem
1496 3615 1548 3658 fit,
1569 3614 1598 3650 si
1617 3612 1815 3649 secuudum
1831 3609 2065 3657 Evangelium
2078 3617 2150 3644 non
2164 3604 2265 3651 iura-

1214 3681 1323 3717 νει-ιε.
1343 3677 1420 3715 Non
1440 3676 1525 3724 quia
1541 3673 1638 3711 mala
1653 3677 1710 3709 est
1722 3670 1858 3717 juratio
1873 3679 1975 3714 vera,
1992 3668 2055 3705 sed
2071 3675 2118 3704 ne
2133 3665 2171 3703 in
2185 3671 2267 3711 per·

1207 3741 1348 3792 'jurium
1378 3738 1559 3779 incidatur
1579 3733 1753 3772 facilitate
1769 3731 1928 3780 jurandi.
1952 3729 2022 3775 Qui
2039 3727 2137 3767 enim
2150 3723 2265 3773 iurat,
