2540 4016
66 120 134 157 Η)

705 120 1044 158 COMMENTARtA
1070 121 1113 154 ΙΝ
1141 120 1351 158 EXODUM.
1379 145 1428 151 —
1452 125 1539 162 LlB.
1566 126 1623 162 tlt.

2175 130 2244 170 {50
2256 144 2261 152 ‘

66 198 176 234 reuda
195 198 347 234 Domino
371 203 452 234 vota
464 198 639 235 bonorum
659 207 809 244 operum
827 197 938 234 corde
952 197 1114 234 excitant
1130 195 1165 236 A
1182 206 1290 243 super
1317 200 1408 237 alios
1440 212 1552 247 panes
1582 203 1832 248 adjiciebatur.
1858 206 2140 253 imponebantur
2155 219 2245 258 ergo

66 257 285 293 auditorum.

64 334 69 350 ε
113 317 159 352 Et
177 329 283 364 pones
298 328 402 365 super
422 327 577 352 mensam
590 328 697 364 panes
711 319 958 366 propositionis
977 330 1014 355 m
1030 331 1115 355 con-

64 385 181 424 spectu
197 390 271 415 uteo
284 389 427 425 semper.
440 377 555 415 Panes
563 380 817 426 propositionis
831 391 941 427 super
954 391 1116 418 mensam

65 439 174 485 positi
191 448 343 484 sempor,
358 438 525 475 doctores
549 445 634 476 sunt
660 440 879 486 spirituales,
904 441 1018 486 quiin
1039 441 1118 487 lege

66 500 208 536 Domini
227 500 284 536 die
303 509 346 535 ac
366 504 472 535 nocte
505 501 720 537 meditantes
748 501 890 538 cunctis
916 502 1118 539 Ecclesiam

66 560 283 596 intrantibus
299 559 530 596 resectionem
554 562 653 597 verbi
676 562 835 598 coelestis
861 562 1030 599 offerunt.
1051 564 1120 608 Qui

65 625 163 655 recte
177 619 434 665 propositionis
457 631 568 666 panes
589 627 765 658 vocantur
787 635 795 658 :
817 623 900 668 quia
933 624 968 659 111
989 634 1119 671 propa-

64 681 138 716 tulo
157 690 299 727 semper
313 691 393 718 esse
414 682 518 718 debet
542 684 724 720 universis
742 685 908 721 fidelibus
922 696 1041 722 sermo
1062 697 1120 722 sa-

62 739 160 782 lutis,
181 750 298 786 neque
318 752 478 787 unquam
497 743 532 778 in
551 744 711 780 Ecclesia
739 745 865 782 deesse
883 751 1027 791 oportet
1049 746 1120 791 piis

62 802 286 838 auditoribus
307 804 454 839 verbum
480 804 613 840 solatii.
640 806 691 841 De
717 806 773 842 his
787 805 940 851 panibus
957 806 993 842 iu
1010 806 1118 843 Levi-

62 861 135 897 tico
153 862 294 908 plenius
310 868 398 909 quot
418 869 453 900 et
480 865 606 910 quales
641 865 811 909 faciendi,
846 866 904 902 vel
935 867 1118 911 quomodo

60 922 216 967 ponendi
233 923 375 967 suerint,
393 925 557 967 refertur,
570 926 711 961 dicente
720 926 872 962 Domino
885 926 930 962 ad
948 925 1116 973 Moysen:

62 983 220 1029 Accipies
248 996 383 1031 quoque
411 985 578 1028 similam,
598 992 629 1021 et
660 998 783 1032 coques
802 998 845 1022 ea:
870 999 911 1023 ea
932 987 1117 1023 duodecim

60 1055 181 1090 panes,
214 1045 274 1090 qni
301 1044 430 1090 sinquli
453 1045 605 1080 habeant
640 1046 729 1082 duas
762 1047 917 1083 decimas
937 1058 948 1082 :
968 1059 1117 1095 quorum

1186 268 1299 304 panes
1316 261 1467 299 sabbato
1491 263 1528 299 in
1563 274 1727 301 mensam
1748 263 1909 309 Domini,
1923 276 1967 302 ea
1981 269 2108 314 utique
2126 270 2245 307 inten-

1188 319 1285 356 tione
1309 323 1533 367 ponentium,
1553 329 1594 360 ut
1626 329 1810 361 transacto
1834 325 2001 369 sabbato,
2020 327 2152 365 ibidem
2177 339 2245 376 per

1187 385 1326 427 septem
1358 382 1436 419 dies
1459 385 1634 430 operandi
1650 391 1854 422 manerent.
1872 385 1937 422 His
1956 395 2101 433 quoque
2127 393 2246 426 trans-

1187 441 1322 486 missis,
1338 442 1454 481 altero
1481 446 1761 492 superveniente
1780 447 1944 490 sabbato,
1957 447 1994 483 111
2010 446 2245 486 resectionem

1186 502 1317 538 summi
1336 505 1536 542 sacerdotis
1552 511 1589 542 et
1609 506 1766 543 filiorum
1782 505 1860 552 ejus
1875 514 2217 545 consummarentur
2237 521 2246 546 :

1186 562 1269 608 quia
1286 563 1458 600 nimirum
1488 565 1524 601 in
1559 567 1760 612 primordio
1780 568 1886 605 nobis
1917 568 1991 605 Deo
2010 569 2149 605 devotae
2162 579 2249 605 cou-

1187 624 1403 661 versationis
1429 625 1640 672 accipienda
1679 628 1827 675 requies
1844 634 1882 666 et
1906 629 1980 666 vita
2005 635 2142 667 aeterna
2161 639 2248 675 pro-

1187 684 1355 728 mittitur,
1379 696 1422 721 ca
1449 691 1572 723 tamen
1607 688 1839 733 conditione,
1874 696 1914 726 ut
1937 701 2003 737 per
2040 690 2184 727 labores
2214 696 2251 727 et

1186 757 1294 792 opera
1337 749 1432 786 bona
1454 751 1539 787 vitae
1571 753 1780 799 temporalis
1806 754 1850 791 ad
1878 764 1958 791 eam
1980 755 2164 802 pertinere
2181 755 2245 791 de-

1186 808 1349 845 beamus.

1591 903 1745 941 CAPUT
1772 904 1848 941 Xll.

1567 976 1619 1012 De
1641 978 1865 1015 candelabro.

1236 1047 1363 1083 Facies
1385 1054 1416 1084 et
1442 1050 1693 1086 candelabrum
1721 1053 1850 1088 ductile
1871 1054 1914 1089 de
1934 1066 2022 1090 auro
2059 1057 2247 1102 purissimo

60 1116 160 1140 senos
176 1105 382 1141 altrinsecus
418 1117 523 1153 super
547 1118 702 1143 mensum
739 1111 964 1156 purissimam
997 1122 1116 1146 coram
1137 1096 1166 1134 B
1188 1108 2094 1157 (Exod.xxv).Candelabrumtabernaculisieutet
2108 1127 2248 1159 mensa,

60 1164 209 1199 Domino
235 1170 380 1200 statues.
417 1166 461 1200 Et
482 1178 589 1213 pones
608 1179 711 1215 super
735 1180 792 1204 eos
823 1170 902 1205 tlms
935 1170 1114 1206 lucidissi-

60 1238 168 1269 mum,
186 1233 223 1262 ut
237 1227 281 1262 sit
305 1229 406 1273 panis
426 1229 461 1264 in
478 1231 728 1266 monimentum
751 1231 937 1268 oblationis
956 1233 1114 1269 Domini.

61 1285 132 1322 Per
146 1287 284 1333 sinqnla
303 1289 448 1325 sabbata
474 1291 703 1327 mutabuntur
721 1304 837 1329 coram
854 1294 1020 1338 Domino,
1039 1307 1118 1331 sus—

59 1347 146 1393 cepti
158 1359 179 1382 a
192 1347 275 1389 filiis
291 1348 405 1384 Israel
416 1350 543 1396 [cedere
559 1353 766 1399 sempiterno
788 1363 798 1387 .·
814 1362 982 1402 eruntque
997 1355 1116 1392 Aaron

57 1412 91 1442 et
116 1406 269 1452 fifiorum
284 1409 373 1454 ejus,
396 1416 432 1444 ut
466 1412 649 1446 comedant
666 1424 722 1448 eos
743 1414 777 1447 in
793 1413 870 1449 Ioco
896 1422 1018 1450 sancto
1037 1415 1117 1462 (Le-

60 1467 118 1502 rit.
136 1467 247 1515 xxiv).
266 1469 458 1506 Duodecim
489 1482 576 1517 ergo
612 1483 725 1518 panes
746 1475 780 1510 in
803 1486 928 1511 mensa
948 1477 1118 1512 taberna-

59 1528 144 1570 culi,
162 1528 351 1566 duodecim
377 1538 459 1567 sunt
480 1534 646 1578 apostoli,
667 1541 702 1571 et
721 1546 847 1572 omnes
880 1536 1055 1573 doetrinae
1076 1538 1118 1573 11-

61 1587 176 1622 10111111
195 1598 367 1635 sequaces
399 1592 434 1626 in
454 1593 615 1629 Ecclesia
634 1607 642 1629 ε
664 1596 725 1640 qui
753 1597 924 1641 quoniam
941 1607 1054 1643 usque
1073 1598 1117 1634 ad

58 1649 410 1686 consummationem
449 1654 568 1688 saeculi
610 1655 778 1700 populum
827 1657 891 1692 Dei
937 1658 1118 1694 alimoniis

63 1709 165 1744 verbi
185 1710 333 1747 reticere
357 1722 427 1748 non
448 1713 629 1758 desinunt,
649 1727 760 1761 panes
779 1718 967 1755 duodecim
983 1731 1117 1766 propo-

60 1771 201 1806 sitionis
229 1783 411 1818 nunquam
447 1775 490 1811 de
528 1786 651 1812 mensa
682 1779 823 1815 Domini
857 1782 1043 1817 recedunt.
1074 1782 1118 1818 Et

59 1831 151 1867 benc
170 1833 276 1869 iidem
309 1844 421 1879 panes
440 1847 510 1872 non
528 1836 572 1873 de
592 1839 752 1884 qualibet
775 1840 904 1883 farina,
927 1843 990 1878 sed
1012 1843 1054 1878 de
1070 1844 1118 1879 si-

58 1891 144 1928 mila
161 1892 237 1929 fieri
261 1893 434 1939 jubentur
454 1908 461 1931 :
484 1897 567 1943 quia
594 1899 763 1936 nimirum
801 1901 1007 1950 quicunque
1036 1904 1117 1940 aliis

58 1953 206 1988 verbum
239 1955 322 1990 vitae
348 1957 569 2001 ministrant,
591 1959 709 2005 primo
748 1961 844 2007 ipsos
878 1973 1026 1999 necesse
1061 1971 1116 2001 est

45 2073 285 2118 ιρι-«3111001100
316 2077 510 2115 admonent
529 2080 635 2116 etiam
656 2081 819 2118 faciendo
845 2085 1113 2121 commendent.

46 2131 156 2170 ⁸Bene
181 2135 289 2171 etiam
311 2137 419 2174 iidem
440 2150 551 2185 panes
572 2142 647 2177 seui
666 2143 881 2181 altrinsecus
896 2156 1005 2191 super
1019 2157 1117 2183 men-

46 2202 135 2228 vsam
148 2196 256 2231 statui
273 2199 542 2244 praecipiuntur,
562 2210 711 2249 propter
726 2208 956 2243 concordiam
975 2209 1115 2246 scilicet

58 2253 249 2292 eharitatis
272 2263 307 2293 ct
342 2260 539 2298 societatis.
577 2263 665 2299 Nam
687 2271 722 2301 ct
745 2266 918 2304 Dominus
943 2269 1047 2306 binos
1071 2271 1115 2306 ad

0 2354 4 2368 υ
47 2317 324 2361 2praedicandum
345 2321 538 2368 discipulos
566 2326 706 2362 misisse
726 2330 962 2374 perhibetur:
985 2332 1116 2379 figura·

48 2375 141 2412 diter
162 2378 360 2425 insinuans,
378 2384 460 2428 quia
477 2387 591 2421 sancti
613 2387 779 2425 doctores
796 2401 976 2436 nunquam
997 2393 1041 2428 ab
1062 2394 1116 2428 111-

0 2459 4 2466 .
60 2436 188 2482 vicem,
208 2441 262 2476 vel
285 2441 320 2476 in
359 2446 557 2482 assertione
587 2449 761 2492 veritatis,
785 2452 839 2487 vel
859 2452 893 2487 in
915 2452 1043 2489 affectu
1063 2454 1116 2490 di-

48 2496 225 2534 iectionis
241 2501 462 2548 discrepant.
485 2507 528 2542 Et
548 2509 630 2544 thus
645 2509 907 2548 lucidissimum
930 2524 1039 2559 super
1053 2526 1115 2560 pa-

48 2565 122 2591 nes
131 2558 276 2601 ponitur
291 2560 327 2596 in
345 2564 603 2601 monimentum
619 2568 810 2606 oblationis
822 2570 979 2615 Domini,
999 2582 1115 2616 quan-

64 2616 105 2650 do
125 2617 193 2660 pite
213 2625 420 2657 sanctorum
462 2626 593 2660 actioni
614 2637 655 2662 ac
675 2628 848 2665 doetrinae
880 2632 998 2667 oratio
1019 2643 1109 2677 pura

67 2675 205 2710 1111111111·
227 2689 235 2711 :
257 2688 328 2723 quo
346 2690 411 2725 per
434 2682 510 2718 11ωο
529 2688 682 2730 utraque
696 2686 763 2722 rite
790 2688 944 2731 sociata,
971 2700 1116 2736 semper

6 2756 10 2762 .
48 2735 235 2770 «nemoria
270 2747 381 2774 saerae
410 2740 601 2779 oblationis
635 2745 670 2779 111
698 2753 893 2792 conspectu
911 2750 1115 2786 summiar-

48 2793 144 2828 ==>itri
164 2803 348 2841 appareat.
369 2799 466 2837 Bene
485 2808 604 2839 antem
630 2815 695 2850 per
721 2807 859 2854 singula
881 2811 1029 2847 sabbata
1047 2822 1112 2857 pa-

0 2894 1 2898 *
50 2862 124 2889 -ntes
144 2865 266 2893 eoram
286 2857 438 2896 Domino
469 2865 601 2899 mutari
627 2868 855 2904 mandantur.
877 2870 994 2907 Panes
1010 2883 1113 2908 uam-

59 2973 203 3012 «fuerant
222 2980 340 3024 positi,
361 2983 509 3020 sabbato
530 2988 631 3023 novis
662 2994 858 3034 mutantur,
881 3004 962 3029 cum
987 2995 1112 3032 docto-

64 3042 120 3068 ves
133 3036 262 3082 quique
295 3048 428 3078 sanctae
461 3044 642 3091 Ecclesizc,
671 3051 848 3096 completo
879 3058 1038 3101 tempore
1056 3057 1111 3093 sui

18 3118 22 3125 .
66 3096 176 3130 sancti
194 3096 341 3144 laboris,
361 3107 494 3139 aeterna
511 3105 547 3140 in
568 3108 669 3144 coelis
679 3110 799 3155 quiete
816 3122 1109 3160 remunerantur,

9 3181 13 3187 .
65 3158 100 3188 tet
117 3155 206 3194 alios
223 3166 304 3205 post
327 3173 365 3199 sc
383 3164 419 3201 in
445 3166 540 3203 idem
572 3179 663 3216 opus
699 3172 885 3210 laborandi
920 3176 954 3212 in
985 3180 1108 3223 verbo,

84 3214 130 3255 ἰὼ
145 3218 301 3265 eiusdem
320 3235 382 3270 spe
397 3228 646 3267 retributionis
664 3233 882 3279 relinquunt.
900 3236 1110 3283 Coqueban-

143 3287 260 3320 nutem
277 3296 389 3332 panes
416 3296 500 3327 ante
515 3293 716 3338 sabbatum,
737 3302 777 3333 ut
792 3297 969 3345 ‚Iosephus
984 3302 1111 3338 scribit

13 3363 18 3371 -
68 3338 148 3383 tm,
163 3347 199 3378 01
214 3343 285 3381 duo
300 3346 442 3384 divisim
460 3356 545 3388 ante
563 3354 775 3400 sabbatum
794 3363 831 3394 01
843 3359 993 3396 sabbato
1003 3372 1110 3398 mane

80 3397 175 3460 ”9²¹
200 3413 309 3451 super
338 3417 480 3446 sacram
506 3423 684 3458 mensam,
704 3418 934 3462 ponebantur
962 3421 1040 3457 seni
1066 3422 1111 3458 ad

88 3457 256 3523 lQos
275 3470 454 3513 conversi,
484 3471 621 3510 duabus
645 3477 781 3520 pateris
798 3479 919 3515 aureis
941 3490 1113 3526 superpo-

102 3511 267 3571 lfflflttre
290 3526 418 3572 plenis,
435 3531 497 3576 qni
513 3537 772 3578 permanebant
800 3538 846 3574 ad
865 3539 961 3575 aliud
979 3540 1111 3577 sabba-

83 3578 87 3579 ’
109 3567 220 3680 218}
240 3587 326 3622 tune
352 3590 510 3634 pronus
533 3593 595 3630 atii
625 3595 923 3642 deportabantur,
951 3599 1001 3636 1111
1021 3611 1110 3637 vero

151 3679 185 3694 ,
290 3655 310 3682 s
323 3649 598 3691 exhibebantur.
619 3656 664 3692 Et
681 3658 786 3694 thure
807 3660 954 3698 incenso
970 3661 1005 3698 in
1026 3662 1108 3709 igne

186 3687 196 3702 h

87 3698 348 3757 ²⁰W⁶5Qffl0
367 3711 486 3748 onmia
506 3713 714 3754 holocausta
737 3719 891 3766 fiebant,
909 3722 1004 3758 aliud
1024 3723 1107 3759 thus

59 2012 230 2049 virtutum
252 2014 415 2062 frugibus
449 2027 596 2064 operam
635 2021 733 2064 dare,
756 2027 934 2067 quatenus
965 2035 1007 2060 ea
1036 2035 1116 2070 quae
1134 2009 1164 2051 C

59 2924 130 2958 ,que
147 2917 206 2962 qui
222 2928 287 2964 per
306 2927 443 2966 septem
465 2923 541 2960 dies
573 2930 742 2972 operandi
771 2930 806 2966 in
826 2942 950 2969 mensa
967 2935 1110 2971 Domini
1129 2916 1164 2954 D

1185 1170 1428 1206 universalem
1447 1172 1636 1217 praesentis
1657 1174 1832 1218 temporis
1847 1174 2045 1210 Ecclesiam
2068 1175 2248 1221 designat.

1184 1230 1267 1266 Ideo
1291 1241 1446 1277 namque
1467 1237 1551 1267 sunt
1567 1238 1651 1269 aute
1670 1233 1786 1269 velum
1804 1234 1899 1270 intra
1917 1235 2012 1281 quod
2031 1246 2116 1272 arca
2139 1242 2250 1273 testa-

1185 1292 1298 1328 menti
1316 1293 1432 1339 posita
1455 1299 1524 1337 est,
1545 1295 1629 1341 quia
1651 1296 1802 1332 necdum
1822 1297 1866 1332 ad
1882 1297 2058 1334 visionem
2074 1299 2110 1334 in
2132 1299 2248 1342 coelis,

1186 1353 1241 1389 s'ui
1263 1354 1518 1400 Redemptoris
1540 1356 1674 1391 meruit
1694 1356 1899 1393 intromitti.
1921 1357 1992 1395 Sed
2010 1370 2147 1403 mensa,
2164 1361 2250 1406 quia

1185 1413 1243 1448 his
1263 1413 1325 1458 qui
1347 1415 1512 1450 esuriunt
1531 1422 1566 1450 01
1586 1417 1916 1463 sitiuntjustitiam,
1933 1419 2068 1455 victum
2090 1421 2250 1466 quotidie

1186 1473 1387 1516 coelestem,
1422 1485 1468 1510 ne
1506 1476 1543 1511 in
1569 1478 1831 1514 tentationibus
1853 1479 2038 1523 deficiant,
2061 1481 2248 1528 impendit.

1186 1534 1450 1572 Candelabrum
1469 1543 1538 1580 est,
1556 1538 1638 1583 quia
1654 1538 1722 1574 iter
1745 1540 1835 1576 lucis
1850 1542 2057 1578 errantibus
2076 1543 2247 1579 ostendit.

1187 1596 1308 1632 Mensa
1351 1598 1489 1643 pariter
1520 1605 1558 1635 et
1596 1600 1852 1637 caudelabrum
1885 1608 1954 1646 est,
1992 1604 2076 1649 quia
2112 1606 2249 1642 sanctis

1186 1657 1314 1693 edocta
1334 1658 1481 1702 litteris,
1503 1665 1539 1694 ct
1553 1660 1710 1696 animam
1728 1662 1947 1698 esurientem
1975 1663 2111 1700 satiare
2128 1666 2246 1708 bonis,

1187 1725 1223 1754 01
1242 1719 1452 1756 sedentibus
1468 1721 1502 1756 in
1521 1722 1679 1758 tenebris
1698 1727 1806 1768 atque
1827 1724 1954 1760 umbra
1973 1726 2113 1769 mortis,
2132 1726 2248 1763 lucer-

1187 1790 1271 1815 nam
1295 1781 1397 1816 verbi
1418 1782 1720 1826 subministrare,
1741 1783 1869 1819 didicit
1890 1797 1898 1820 :
1922 1784 2061 1821 Hostile
2078 1788 2170 1833 ej11s‚
2187 1800 2248 1823 ca-

1187 1840 1311 1882 lamos,
1329 1841 1489 1887 scyphos,
1507 1848 1539 1876 et
1559 1841 1811 1888 splnvrutas,ee
1830 1842 1905 1879 lilia
1921 1855 1964 1879 ex
1981 1844 2041 1880 illo
2060 1847 2251 1892 proceden-

1186 1900 1248 1935 tia.
1275 1901 1414 1938 llztstilc
1444 1902 1653 1938 candelabri
1676 1904 1751 1950 ipse
1772 1904 1833 1950 qui
1855 1911 1911 1941 051
1932 1911 2040 1952 caput
2065 1907 2247 1952 Ecclesiae,

1186 1962 1364 1998 mediator
1374 1964 1438 1999 Dei
1454 1969 1490 1999 ct
1503 1964 1705 2007 hominum,
1727 1966 1833 2002 homo
1848 1967 2014 2004 Christus
2025 1967 2129 2005 Jesus
2144 1969 2250 2006 debet

1187 2024 1338 2070 intelligi
1356 2037 1363 2060 z
1379 2024 1422 2060 de
1440 2025 1542 2070 cujus
1560 2036 1713 2072 corpore
1733 2027 1828 2073 quod
1846 2039 1912 2063 1105
1929 2039 2067 2073 511111115,
2085 2031 2187 2076 quasi
2205 2031 2248 2066 1ἷο

1185 2085 1335 2121 calamis
1363 2095 1407 2121 ex
1436 2087 1558 2122 hastili
1590 2088 1872 2133 procedentibus
1895 2089 1984 2126 dicit
2012 2090 2208 2137 Apostolus
2237 2105 2253 2127 τΔ

1187 2144 1242 2179 Ex
1257 2157 1325 2191 quo
1345 2152 1454 2181 totum
1471 2158 1596 2194 corpus
1614 2159 1676 2194 per
1703 2160 1882 2184 connexas
1919 2156 1951 2185 et
1982 2151 2245 2197 conjunctiones

1184 2206 1487 2242 subministratum
1506 2215 1538 2244 et
1553 2216 1805 2253 constructum,
1827 2212 1948 2247 crescit
1965 2212 2001 2247 in
2021 2220 2246 2259 auymenlum

1184 2266 1250 2301 Dei
1266 2266 1398 2313 (Calos.
1421 2267 1475 2315 11).
1496 2268 1634 2305 Calami
1667 2281 1754 2317 ergo
1784 2273 2022 2317 procedentes
2044 2274 2087 2310 de
2108 2275 2245 2317 hastili,

1182 2328 1439 2372 praedicatores
1459 2336 1554 2372 511111,
1568 2331 1627 2376 qui
1646 2330 1800 2368 instituti
1817 2343 1837 2367 a
1851 2333 2018 2377 Domino,
2036 2334 2176 2370 dulcem
2190 2346 2245 2371 so-

1183 2399 1268 2424 num
1298 2390 1334 2425 in
1372 2391 1506 2428 mundo
1539 2393 1731 2429 ediderunt
1753 2404 1761 2429 :
1783 2394 1950 2431 videlicet
1979 2396 2160 2432 canticum
2186 2407 2247 2432 uo-

1182 2462 1281 2485 rum.
1303 2450 1440 2487 Calami
1466 2458 1550 2488 sunt
1575 2464 1701 2490 omnes
1725 2455 1895 2491 Ecclesiae
1918 2456 1996 2499 filii,
2019 2457 2160 2493 dicente
2177 2457 2246 2493 sibi

1183 2511 1362 2556 Propheta
1378 2511 1546 2548 :Cantate
1557 2513 1708 2549 Domino
1724 2516 1899 2550 canticum
1920 2526 2043 2551 novum
2057 2516 2157 2553 :taus
2167 2518 2244 2563 ejus

1184 2572 1226 2607 ab
1252 2573 1414 2607 extremis
1446 2579 1547 2608 terrae
1573 2573 1843 2621 (Psal.cx1„1x).
1873 2575 1963 2619 Quia
1999 2587 2086 2614 vero
2118 2579 2252 2625 scyphi

1183 2632 1267 2667 vino
1290 2633 1418 2678 repleri
1439 2634 1572 2677 solent,
1603 2645 1674 2671 non
1713 2636 1895 2673 immerito
1915 2647 1981 2683 per
2000 2649 2076 2683 eos,
2103 2646 2246 2677 mentes,

1183 2693 1406 2728 audientium
1426 2694 1675 2741 designantur,
1705 2697 1766 2742 qui
1803 2697 1848 2733 ad
1879 2708 2005 2735 vocem
2035 2700 2242 2746 praedican-

1183 2753 1387 2796 tium,vino
1423 2755 1586 2792 scientiae
1618 2756 1817 2802 replentur.
1833 2758 1878 2794 Et
1911 2761 2082 2805 quoniam
2114 2762 2242 2799 eodem

1159 2813 1265 2849 ,11110
1282 2814 1433 2850 internae
1453 2815 1656 2852 dilectionis
1671 2816 1847 2854 inebriata
1869 2819 1977 2856 eorda
1996 2819 2169 2866 fidelium,
2187 2822 2242 2858 in-

1182 2873 1355 2921 fatigabili
1378 2876 1558 2912 desiderio
1574 2877 1619 2913 ad
1648 2877 1761 2913 Deum
1795 2879 1961 2923 tendunt,
1980 2887 2079 2918 recte
2098 2882 2137 2918 in
2154 2893 2241 2919 ean-

1181 2935 1328 2972 delabro
1344 2942 1423 2982 post
1448 2938 1603 2984 scyphos
1631 2939 1817 2984 sphaerulae
1837 2939 1940 2977 fiunt.
1962 2941 2112 2988 Sphaera
2142 2944 2239 2980 enim

1181 3005 1224 3030 ex
1242 2996 1340 3031 omni
1371 3002 1474 3043 parte
1494 2997 1665 3041 volvitur,
1684 2999 1770 3044 quia
1802 2999 1975 3037 nimirum
2005 3008 2145 3040 mentes
2163 3003 2238 3040 ele-

1180 3060 1335 3099 ctorum,
1354 3067 1420 3093 nee
1437 3057 1717 3104 adversitatibus
1746 3059 1867 3095 saeculi
1889 3060 1972 3097 ullis
1991 3062 2151 3107 retineri,
2171 3073 2239 3100 nee

1179 3116 1482 3161 prosperitatibus
1499 3124 1650 3164 possunt
1668 3120 1853 3166 corrumpi
1869 3131 1879 3164 ;
1900 3121 1986 3167 quin
2014 3121 2051 3159 in
2070 3124 2237 3161 omnibus

1181 3187 1262 3223 quae
1281 3183 1492 3223 occurrunt,
1509 3180 1553 3215 ad
1572 3179 1687 3215 Deum
1708 3191 1774 3226 per
1787 3187 1912 3218 sancta
1930 3182 2109 3220 desideria
2126 3185 2236 3230 proli-

1180 3240 1289 3276 cia'nt.
1311 3241 1356 3276 Et
1374 3242 1465 3277 bene
1482 3246 1566 3288 post
1588 3243 1758 3285 calamos,
1781 3245 1936 3290 scyphos
1958 3251 2000 3281 01,
2021 3246 2232 3291 sphaerulas,

1181 3299 1217 3334 in
1237 3300 1454 3337 candelabro
1471 3301 1546 3337 lilia
1578 3301 1844 3347 deformantur,
1865 3304 1947 3349 quia
1966 3308 2048 3349 post
2078 3305 2231 3350 gratiam

1179 3360 1462 3404 praedicationis,
1483 3366 1571 3406 past.
1587 3361 1865 3398 inebriationem
1885 3368 1991 3406 potus
2019 3363 2232 3410 spiritualis,

1177 3426 1260 3464 post
1275 3421 1549 3457 irrevocabilem
1580 3427 1715 3457 sanctae
1742 3421 1962 3467 operationis
2001 3433 2229 3472 procursum,

1177 3480 1238 3516 illa
1257 3481 1379 3516 virens
1393 3482 1511 3527 patria
1529 3481 1705 3526 sequitur,
1719 3490 1799 3526 quae
1821 3480 2010 3520 animabus
2025 3486 2175 3531 sanctis,
2194 3489 2230 3526 id

1178 3545 1234 3575 est
1248 3539 1395 3575 ssoribus
1412 3545 1540 3575 vernat
1570 3539 1730 3575 aeterniS.
1756 3538 1829 3576 Sex
1854 3540 1983 3578 calami
2011 3547 2235 3592 egredientur·

1179 3599 1222 3635 de
1246 3598 1426 3641 lateribus,
1457 3605 1526 3634 tres
1544 3609 1588 3633 ex
1619 3609 1689 3634 uno
1708 3598 1817 3636 latere
1832 3626 1845 3644 ,
1866 3606 1900 3637 et
1932 3608 2001 3640 tres
2033 3615 2078 3640 ex
2101 3606 2229 3645 attero.

1178 3661 1328 3698 Constat
1344 3659 1487 3705 quidem
1508 3669 1698 3695 numerum
1730 3661 1928 3708 senarium,
1946 3663 1982 3700 in
2011 3675 2082 3711 quo
2110 3666 2226 3707 sactus

1178 3728 1232 3758 est
1259 3721 1434 3764 111111111115,
1459 3729 1618 3765 operum·
1637 3720 1894 3768 perfectionem
1922 3723 2124 3772 designare.
2155 3728 2232 3771 Sed
