2540 4016
282 166 351 204 585

280 246 373 283 saepe
406 231 580 278 contingit
612 226 828 275 quempiam,

280 305 381 333 suam
397 292 492 338 loqui
518 289 639 335 impia.
674 285 711 320 Si
729 282 858 318 viderit
876 281 995 316 locum
1026 278 1177 314 maculae
1199 286 1316 321 aequa-

279 356 350 391 lem
375 353 502 388 vicinat
526 348 636 390 carni,
662 350 697 381 et
721 342 890 388 capillum
907 340 1062 385 nigrum,
1088 342 1127 373 ut
1147 347 1218 373 non
1254 346 1319 371 ex-

279 414 407 450 uberet
439 412 506 447 hoc
537 407 630 453 quod
658 414 701 438 ex
735 400 912 437 diabolica
946 397 1156 442 operatione
1188 395 1318 431 animae

279 483 335 513 est
368 475 492 511 vulnus
512 470 695 508 inflictum,
718 465 751 499 id
787 468 856 505 est,
890 461 1058 506 impietas
1093 459 1315 505 dogmatum,

280 535 437 571 recludet
455 541 515 566 eos
543 532 677 572 septem
693 523 816 559 diebus
837 519 1020 562 sacerdos,
1038 529 1109 555 non
1129 529 1195 564 pro
1211 527 1318 564 poena

278 597 431 632 tautum,
468 591 638 633 qnantum
687 581 857 618 districtae
906 577 1130 624 probationis
1178 586 1316 612 causa:

277 657 414 694 tempus
445 646 539 681 enim
555 644 589 679 in
610 641 774 678 omnibus
804 639 960 684 quidem,
982 637 1181 673 districtius
1200 642 1319 671 tamen

276 710 311 745 in
327 708 381 743 llis
415 714 565 751 quorum
587 703 704 748 lingua
736 700 833 736 cirea
862 698 1095 733 Divinitatem
1123 700 1242 731 vacat.
1263 695 1320 730 ln-

279 767 444 804 tuemlum
467 771 521 801 cst
538 763 665 799 deinde
695 759 874 807 quomodo
909 763 990 804 post
1014 757 1252 792 reclusionem
1265 754 1320 799 ju-

279 829 374 863 dicat
396 840 403 862 :
428 824 632 861 admiranda
670 827 724 858 cst
751 819 930 856 districtio
965 828 1074 864 quam
1110 822 1237 852 contra
1257 825 1320 850 eos

279 888 338 933 qui
355 886 461 932 impie
494 885 529 919 in
549 881 771 928 dogmatibus
789 884 898 925 agunt
931 882 1063 913 servat.
1093 876 1130 912 Si
1149 886 1220 911 non
1241 886 1321 911 cre-

276 947 368 982 verit
385 944 534 985 macula,
554 941 717 977 videlicet
747 940 926 985 impietas,
948 943 984 973 et
1014 936 1164 982 capillus
1186 935 1239 970 sui
1260 945 1321 970 eo·

275 1007 361 1041 loris
379 1011 444 1047 est,
464 1005 497 1040 id
518 1010 581 1045 est,
610 1013 676 1038 nec
709 1001 859 1048 capillus
895 1000 1009 1035 ssavus
1030 999 1065 1034 in
1086 1008 1128 1034 ea
1148 1002 1216 1040 est,
1238 1006 1321 1033 cum

276 1077 345 1101 non
363 1065 473 1111 possit
496 1064 665 1109 cogitatio
696 1067 844 1109 propter
879 1060 1103 1106 negationem
1136 1057 1319 1103 cognosci,

276 1134 394 1164 utrum
428 1133 553 1173 sponte
572 1133 634 1162 aut
672 1127 803 1162 invitus
824 1125 933 1171 impie
962 1123 1089 1170 egerit,
1114 1127 1198 1157 tunc
1218 1122 1320 1167 jubet
1339 1108 1370 1146 B
1390 1122 1516 1147 eorum
1549 1111 1676 1157 jugum
1713 1110 1845 1146 tradita
1880 1115 1976 1145 sunt.
2014 1109 2166 1155 Propter
2182 1110 2277 1155 quod
2296 1114 2332 1144 et
2351 1109 2445 1144 Deus

276 1188 352 1223 radi
384 1188 563 1223 hominem
598 1188 732 1232 absque
765 1186 844 1222 loco
870 1184 1045 1226 maculae;
1085 1188 1207 1229 aperte
1234 1192 1320 1228 ergo

275 1250 342 1283 alla
367 1249 441 1283 radi
463 1249 632 1294 praecepit
663 1248 771 1283 verba
790 1252 825 1283 et
856 1246 1041 1292 castigari,
1075 1245 1103 1280 si
1135 1244 1257 1280 forsan
1275 1253 1320 1278 ex

275 1308 327 1343 eis
350 1307 601 1352 comprehendi
634 1306 748 1351 possit
785 1310 907 1340 utrum
939 1314 1002 1350 per
1034 1302 1318 1348 subreptionem,

277 1367 367 1402 sicut
396 1367 538 1402 evenire
566 1365 773 1411 frequenter
792 1364 894 1407 solet,
915 1375 959 1398 an
980 1362 1154 1398 malevole
1189 1361 1231 1396 de
1248 1361 1322 1396 Deo

278 1427 384 1471 impia
402 1427 448 1462 sit
466 1427 616 1461 loeutus.
642 1426 777 1461 Vulnus
792 1429 914 1460 autem
935 1423 1123 1467 antiquum
1142 1431 1212 1456 non
1229 1431 1323 1467 pra:-

279 1486 373 1530 cepit
402 1485 492 1527 radi,
510 1485 593 1530 quia
608 1483 755 1520 verbum
774 1484 809 1519 in
832 1493 902 1529 quo
923 1481 1157 1526 delinquitur,
1178 1479 1323 1525 quando

280 1544 388 1580 semel
405 1546 466 1591 qui
501 1545 662 1590 peccavit
688 1544 886 1590 negaverit,
921 1541 1112 1587 dijudicari
1145 1541 1222 1587 jam
1247 1550 1320 1574 non

282 1610 432 1648 eportet.
455 1604 540 1647 Quis
567 1604 662 1639 enim
692 1613 793 1638 reum
820 1603 956 1648 judicet
976 1601 1116 1647 peccati
1137 1611 1234 1642 eum,
1260 1599 1323 1644 qut

283 1663 379 1707 quod
407 1663 591 1698 consessus
628 1667 683 1697 est
700 1661 835 1707 lingua,
857 1661 1043 1696 voluntate
1077 1671 1114 1696 se
1132 1659 1325 1705 protulisse

282 1721 410 1765 negat?
435 1721 582 1764 Quando
603 1726 722 1756 autem
757 1721 799 1756 de
818 1731 860 1756 eo
884 1721 935 1756 sie
951 1720 1118 1765 judicans
1138 1732 1208 1756 non
1227 1732 1326 1756 eom-

282 1781 511 1826 prehenderit
529 1782 685 1817 crevisse
709 1782 900 1825 maculam,
940 1794 1005 1818 nec
1025 1783 1209 1818 dilatatam
1227 1784 1262 1818 in
1281 1793 1324 1818 eo

282 1839 412 1874 viderit
442 1840 672 1885 impietatem,
697 1841 863 1886 quoniam
888 1840 1142 1887 blasphemans
1175 1843 1325 1877 omnino

283 1897 407 1943 polluit
437 1898 562 1934 stolam
584 1899 821 1945 baptismatis,
856 1906 953 1936 recte
978 1911 1059 1936 eum
1075 1902 1245 1946 pt·:ecepit
1262 1911 1326 1947 per

283 1958 527 2003 poenitentiam
553 1959 672 1994 lavare
707 1960 935 2002 vestimenta,
971 1965 1007 1994 et
1046 1965 1131 1994 tunc
1171 1961 1326 1995 mundus

285 2018 366 2059 erit,
384 2018 467 2062 quia
490 2018 606 2053 omnis
627 2018 791 2064 impietas
808 2029 873 2064 per
891 2019 1059 2054 mundam
1075 2020 1323 2063 poenitentiam
1345 2015 1374 2056 C
1395 2017 1609 2062 compositio
1643 2016 1845 2052 foeditatem
1874 2027 1940 2062 pro
1964 2022 2095 2052 ornatu
2126 2016 2275 2062 praebet,
2304 2016 2452 2060 insuper

285 2077 491 2111 mundatur.
524 2075 776 2112 Verumtamen
800 2078 859 2113 hie
891 2078 920 2113 si
939 2078 1112 2123 praedieto
1136 2079 1329 2114 mundatus

286 2137 405 2178 modo,
423 2136 531 2182 impia
552 2148 676 2172 rursus
694 2137 833 2173 locutus
851 2138 973 2181 fucrit,
996 2149 1066 2174 non
1087 2139 1254 2184 inspiciet
1268 2149 1328 2174 sa-

287 2196 415 2231 cerdos
447 2196 490 2231 de
521 2197 592 2242 pilo
623 2197 728 2241 ssavo,
763 2209 834 2234 non
870 2199 1056 2244 quaeritur,
1094 2199 1224 2244 inquit,
1259 2209 1331 2244 quo

288 2255 408 2290 animo
428 2256 534 2301 impia
555 2256 694 2293 locutus
713 2258 772 2300 sit,
807 2258 869 2293 sed
894 2258 976 2303 quia
1016 2259 1051 2293 in
1073 2269 1114 2294 ea
1135 2259 1177 2294 de
1195 2259 1327 2304 quibus

287 2315 456 2359 poenituit
476 2317 613 2359 recidit,
633 2317 852 2353 immundum
869 2329 950 2354 eum
971 2320 1068 2354 re‘cte
1083 2329 1162 2354 esse
1179 2319 1329 2364 judicat,

285 2374 315 2409 si
340 2385 410 2410 non
429 2376 578 2420 capillus
598 2377 701 2423 niger
719 2377 841 2419 suerit,
855 2378 890 2414 id
910 2379 1019 2421 est‚si
1040 2389 1111 2414 non
1133 2379 1257 2424 lugens
1271 2390 1333 2425 ap-

289 2435 449 2479 paruerit
485 2435 728 2481 impietatem;
754 2438 880 2484 lugens
908 2449 994 2474 vero
1026 2450 1097 2475 non
1128 2439 1242 2475 solum
1268 2440 1333 2475 ba-

290 2494 378 2537 bitu,
396 2493 458 2530 sed
480 2500 516 2531 et
535 2496 654 2531 animo
674 2503 710 2532 et
739 2498 1030 2544 cogitationibus,
1066 2499 1207 2545 nigrum
1230 2510 1333 2535 nam-

290 2565 358 2600 que
375 2565 519 2591 manere
545 2555 741 2602 lugentium
758 2563 814 2593 est
840 2559 1039 2604 proprium.
1073 2558 1247 2602 Quoniam
1266 2569 1332 2594 au-

288 2620 360 2649 tem
381 2615 587 2650 interiorem
607 2617 787 2652 hominem
807 2623 949 2663 oportet
977 2617 1099 2662 lugere
1121 2629 1186 2663 pro
1205 2629 1333 2664 pecca-

288 2675 334 2709 tis
351 2686 457 2720 quem
478 2677 710 2721 cogitationes
736 2679 948 2724 contingunt
969 2678 1209 2725 [contegunt],
1230 2686 1332 2716 recte

290 2733 367 2778 ejus
384 2735 628 2778 poenitentiam
644 2746 707 2780 per
720 2737 830 2781 pilum
849 2738 989 2783 nigrum
1011 2738 1224 2783 significavit
1240 2750 1249 2781 ;
1271 2739 1335 2774 sed

294 2792 511 2828 sufficienter
533 2793 576 2829 de
595 2793 650 2829 his
668 2804 746 2838 quae
763 2794 799 2828 in
816 2794 890 2829 Deo
913 2795 1186 2830 committuntur
1207 2797 1334 2841 impie-

295 2854 443 2896 tatibus,
463 2859 534 2888 tam
549 2864 592 2889 ex
609 2854 790 2889 voluntate
813 2864 920 2899 quam
952 2865 996 2890 ex
1016 2855 1218 2900 ignorantia
1238 2857 1336 2892 locu-

297 2919 370 2955 tus,
405 2914 450 2949 ad
475 2914 544 2949 alia
572 2914 720 2949 vulnera
745 2914 984 2950 moderatiora
1017 2924 1223 2951 sermonem
1249 2927 1333 2952 ver-
1351 2902 1387 2940 D

295 2974 353 3008 lit.

351 3032 410 3068 Vir
433 3040 465 3068 et
492 3033 629 3076 mulier,
664 3034 701 3068 in
731 3034 831 3079 cnjus
863 3040 939 3069 cute
963 3034 1094 3069 candor
1123 3036 1336 3080 apparuerit,

296 3093 486 3127 intuebitur
518 3104 574 3128 eos
603 3093 789 3129 sacerdos:
808 3093 839 3128 si
861 3092 1120 3139 deprehenderit
1153 3093 1340 3129 subobscu-

298 3165 374 3188 rum
391 3154 544 3190 alborem
573 3153 686 3189 lucere
705 3155 743 3189 in
760 3160 848 3194 cute,
896 3155 983 3189 sciat
1003 3165 1071 3189 non
1101 3165 1173 3189 esse
1192 3154 1338 3200 lepram,

295 3215 355 3250 sed
374 3216 548 3251 maculam
575 3214 701 3250 coloris
727 3215 881 3258 candidi,
903 3222 935 3250 et
966 3215 1137 3250 hominem
1155 3216 1338 3251 mundum.

298 3275 370 3320 (Ex
398 3274 601 3322 Hesychia.)
638 3275 728 3311 Cum
757 3275 915 3311 maxima
931 3274 1157 3311 districtione
1177 3275 1342 3320 superius

300 3334 339 3368 in
357 3334 487 3370 divinis
510 3334 748 3381 dogmatibus,
784 3339 962 3371 eteorum
986 3333 1343 3380 praevaricationibus

300 3404 388 3430 usus
404 3394 538 3436 suisset,
560 3405 656 3432 nunc
672 3395 757 3441 quia
773 3395 816 3431 de
833 3395 904 3432 illis
920 3394 1016 3440 loqui
1034 3394 1223 3441 supplevit,
1244 3400 1342 3430 reete

303 3461 378 3488 suae
407 3453 652 3490 austeritatem
682 3453 847 3499 deposuit
875 3452 1123 3490 districtionis.
1144 3452 1189 3488 Et
1211 3451 1255 3487 de
1283 3451 1342 3487 his

304 3520 384 3555 quae
415 3516 497 3546 sunt
531 3513 725 3549 secundum
760 3513 874 3559 legem
906 3512 1095 3549 Judaicam
1112 3510 1342 3558 dogmatibus

307 3569 480 3615 loquitur,
498 3576 535 3607 et
562 3582 642 3618 quae
673 3573 710 3608 in
732 3583 775 3610 ea
792 3578 876 3610 sunt
905 3573 1042 3620 culpas,
1081 3572 1343 3609 subobscurum

306 3629 466 3665 alborem
496 3635 532 3666 et
568 3631 744 3668 lucentem
784 3643 864 3670 esse
898 3633 1002 3670 dixit.
1034 3631 1344 3678 Quemadmodum

309 3699 394 3735 ergo
425 3691 627 3738 cicatricem
659 3693 778 3740 albam
801 3703 883 3732 esse
912 3694 1069 3738 diximus
1086 3691 1347 3741 transgressio-

699 151 739 187 Β.
764 146 933 186 ΒΑΒΑΝῙ
959 142 1108 182 MAUtu
1136 137 1348 179 AnctssEP.
1374 136 1583 176 MOGUNT.
1612 135 1807 174 OPERUM-
1826 134 1946 172 PARS
1973 134 2000 170 t.

863 227 900 258 et
930 226 1056 258 eontra
1091 219 1312 255 voluntatem
1331 213 1364 255 A
1382 222 1466 248 nem
1485 211 1610 258 legalis
1630 211 1771 253 litterae,
1793 210 1847 246 sic
1878 207 2016 256 etnejus
2043 207 2285 254 ignorantiam
2303 209 2437 246 subob-

2366 136 2437 178 381

1383 282 1527 308 scurum
1544 272 1702 308 alborem
1719 276 1756 307 et
1772 271 1953 305 lucentem
1965 267 2207 314 intelligamus
2222 268 2290 304 dici
2308 280 2317 312 ;
2336 269 2438 314 igno-

1383 332 1540 367 rantiam
1560 337 1679 367 autem
1705 340 1776 365 non
1797 328 1958 364 omnium
1991 336 2072 372 quae
2093 326 2194 369 dicit,
2213 337 2281 363 nee
2311 337 2438 364 eorum

1384 402 1463 437 quae
1490 391 1694 428 eommunia
1729 399 1811 425 cum
1831 388 1910 433 lege
1933 386 2105 429 naturali,
2130 387 2187 422 vel
2221 388 2439 434 evangelicis

1383 451 1573 496 praeceptis
1591 454 1675 486 sunt
1696 447 1869 494 possidet.
1897 446 2020 492 Neque
2044 447 2140 482 enim
2163 446 2345 494 ignorare,
2359 446 2439 484 Non

1385 510 1542 551 occidas,
1565 519 1637 544 non
1655 506 1912 550 moechaberis,
1933 517 2006 543 non
2022 506 2159 542 furtum
2175 506 2304 551 facies,
2335 507 2439 543 cuili-

1384 569 1445 605 bet
1464 569 1678 614 ignoscitur,
1701 567 1762 603 sed
1800 566 2039 612 quorumdam
2075 566 2330 612 partitialium,
2353 576 2441 613 par-

1386 639 1584 674 vorumque
1610 629 1862 663 mandatorum
1894 627 2114 674 ignorantia,
2150 627 2262 663 veluti
2297 626 2440 673 quando

1389 693 1531 734 oportet
1555 688 1721 730 mundari
1756 692 2036 731 menstruatam,
2058 687 2201 733 quando
2232 686 2353 724 offerri
2373 698 2442 735 pro

1385 748 1550 794 pariente
1570 746 1782 790 masculum,
1805 747 1949 793 quando
1966 747 2076 782 etiam
2093 757 2159 793 pro
2179 757 2221 783 ea
2240 756 2321 793 quae
2336 746 2441 783 femi-

1387 820 1472 845 nam
1492 809 1633 855 peperit
1649 820 1658 852 ;
1678 813 1828 854 propter
1847 807 1943 853 quod
1962 818 2043 843 eam
2060 807 2322 843 subobscurum
2338 807 2441 843 atho-

1387 880 1479 911 rem,
1507 874 1631 914 utpote
1655 877 1786 913 parvas
1815 867 2005 904 cicatrices
2038 867 2276 912 partitialium
2309 877 2437 913 pratee-

1387 938 1532 976 ptorum
1556 928 1798 976 ignorantiam
1822 929 2017 964 habentem
2037 928 2244 974 appellarit.
2267 927 2334 971 Qui
2357 937 2443 973 ergo

1389 992 1474 1028 talis
1499 997 1570 1033 cst,
1591 1000 1740 1026 neeesse
1772 1000 1843 1025 uon
1873 989 1984 1024 habet
2003 988 2184 1031 mundari,
2212 998 2328 1034 neque
2346 988 2443 1023 enim

1390 1052 1434 1086 ad
1450 1051 1750 1096 justificationem
1780 1049 1999 1092 Judaeorum,
2021 1049 2083 1084 sed
2117 1054 2154 1084 ut
2189 1054 2443 1095 aggravaretur

1388 1169 1681 1215 perPropltetam
1700 1168 1844 1204 dicebat
1860 1178 1869 1202 :
1889 1167 1977 1203 Dedi
1989 1168 2047 1214 ,eis
2065 1174 2237 1213 proecepta
2256 1178 2324 1203 non
2341 1167 2445 1209 bona,

1389 1236 1420 1266 et
1436 1229 1577 1275 judicia
1593 1230 1629 1264 in
1648 1228 1772 1275 quibus
1794 1239 1864 1263 non
1882 1228 1992 1263 vivent
2014 1226 2159 1275 (Ezech.
2179 1226 2256 1274 xx).

1794 1303 1946 1340 CAPUT
1970 1303 2031 1339 tv.

1509 1352 1559 1387 De
1581 1353 1666 1394 riro,
1687 1351 1729 1386 de
1753 1351 1853 1396 cujus
1875 1351 1986 1397 capite
2006 1351 2127 1398 capilli
2156 1351 2328 1397 defluunt.

1439 1411 1559 1458 (lato.)
1592 1411 1654 1446 Vir
1670 1411 1712 1446 de
1732 1411 1834 1457 cnjus
1856 1411 1968 1457 capite
1995 1410 2114 1458 capilli
2131 1412 2246 1457 [tuum
2267 1411 2384 1446 calvus
2405 1421 2448 1446 ac
2484 1436 2486 1439 -

1390 1471 1543 1505 mundus
1564 1476 1627 1514 est,
1650 1476 1681 1504 et
1702 1471 1733 1505 si
1754 1482 1774 1505 a
1795 1470 1909 1516 fronte
1929 1469 2116 1505 ceciderint
2139 1469 2215 1516 pili,
2233 1469 2446 1505 recalvaster

1391 1537 1422 1566 et
1441 1531 1593 1566 ntundus
1610 1537 1659 1566 est
1678 1540 1690 1564 .·
1712 1530 1742 1565 si
1762 1537 1878 1565 autem
1905 1530 1942 1565 in
1964 1529 2115 1573 calvitio,
2132 1531 2202 1565 sive
2218 1530 2255 1565 in
2270 1529 2447 1565 recalvitio

1392 1590 1492 1626 albus
1513 1590 1566 1626 vel
1591 1591 1691 1637 rusus
1709 1590 1805 1626 color
1825 1591 1931 1636 faerit
1951 1597 2104 1633 exortus,
2134 1597 2166 1626 et
2187 1591 2252 1626 hoc
2284 1590 2446 1626 sacerdos

1393 1651 1529 1695 viderit,
1550 1651 1744 1698 inquinabit
1765 1662 1844 1686 eum
1870 1650 1966 1685 haud
1995 1651 2098 1686 dubie
2123 1650 2243 1697 lepra’,
2273 1662 2350 1697 quae
2370 1656 2448 1686 orta

1393 1718 1442 1747 est
1461 1713 1496 1747 in
1517 1712 1671 1747 calvitio.
1695 1712 2014 1748 Reminiseendum
2044 1718 2100 1748 est
2118 1713 2202 1758 quia
2219 1712 2367 1757 capillos
2383 1722 2448 1757 pro
2484 1710 2485 1714 ’

1394 1773 1672 1820 cogitationibus
1704 1773 1957 1809 intelleximus.
1979 1773 2050 1820 (Ex
2073 1772 2282 1819 Hesychio.)
2307 1772 2449 1808 Ornare

1394 1836 1524 1880 qnippe
1545 1843 1665 1880 caput,
1690 1845 1732 1870 ac
1751 1841 1872 1881 tegere
1889 1835 2077 1870 constituti
2097 1840 2195 1878 sunt,
2229 1835 2328 1870 sicut
2348 1834 2448 1879 cogi-

1396 1896 1550 1930 tationes
1568 1901 1741 1938 mentem,
1762 1905 1833 1931 non
1863 1901 1984 1931 autem
2016 1895 2239 1930 inordinatas
2263 1894 2450 1940 cogitatio-

1398 1965 1461 1989 nes
1482 1954 1701 1990 deducamus
1730 1955 1775 1990 ad
1793 1954 1966 1998 medium,
1997 1954 2080 2000 quia
2100 1959 2136 1990 et
2158 1953 2370 1999 capillorum
2396 1953 2452 1988 in·

1398 2076 1702 2120 quemadmodum
1741 2077 1953 2122 capillorum
1993 2076 2140 2122 quidam
2179 2075 2361 2117 decidunt,
2389 2074 2451 2110 alii

1398 2140 1519 2170 autem
1539 2142 1780 2172 renascuntur
1806 2137 1977 2183 nulloque
1997 2142 2159 2183 tempore
2172 2137 2274 2173 nasci
2291 2141 2450 2179 cessant,

1400 2197 1452 2232 sic
1476 2202 1511 2232 ct
1536 2197 1593 2231 his
1630 2208 1710 2242 quae
1730 2204 1814 2233 sunt
1850 2199 1886 2233 in
1913 2199 2018 2234 nobis
2050 2197 2327 2244 cogitationibus
2356 2196 2452 2233 dcci-

1400 2256 1581 2297 dentibus,
1603 2256 1682 2291 aliae
1700 2263 1951 2293 renascuntur.
1978 2258 2073 2304 Ergo
2093 2258 2151 2293 bic
2176 2257 2316 2294 calvum
2334 2256 2454 2302 appel·
2480 2275 2483 2278 -

1400 2315 1450 2351 lat
1469 2316 1667 2362 simpIIeem
1701 2318 1898 2361 hominem,
1918 2330 1990 2355 non
2025 2329 2108 2354 eum
2126 2318 2187 2364 qui
2206 2317 2353 2353 omnino
2372 2316 2455 2351 iusi·

1400 2376 1503 2422 piens
1534 2381 1589 2412 est
1621 2382 1684 2411 aut
1723 2377 1943 2414 irrationalis
1969 2390 1977 2412 ι
2015 2378 2097 2423 quis
2129 2378 2226 2413 enim
2258 2382 2314 2412 est
2345 2376 2455 2412 homo

1401 2436 1555 2480 quinon
1594 2436 1756 2481 capillos,
1794 2437 1877 2472 licet
1912 2446 2062 2481 paucos,
2086 2436 2123 2470 in
2159 2435 2276 2480 capite
2297 2434 2457 2470 habeat?

1400 2497 1504 2533 Hunc
1519 2507 1604 2543 ergo
1621 2498 1794 2534 describit
1809 2497 1869 2543 qui
1886 2497 2125 2543 cogitationes
2139 2506 2274 2542 paucas
2289 2505 2354 2541 per
2371 2496 2456 2531 sim-

1399 2557 1596 2603 plicitatem
1629 2557 1735 2603 gerit,
1773 2567 1927 2602 eumque
1946 2557 2120 2592 mundum
2146 2562 2245 2592 recte
2261 2565 2342 2592 esse
2362 2565 2455 2600 pne-

1401 2616 1496 2660 cepit
1515 2627 1523 2651 :
1545 2616 1848 2660 quemadmodum
1874 2617 1970 2651 enim
2003 2617 2176 2652 mundum
2197 2615 2354 2652 :estimat
2371 2624 2455 2651 eum
2480 2640 2482 2645 .

1402 2675 1462 2720 qui
1482 2685 1525 2710 ex
1548 2680 1624 2710 toto
1660 2674 1812 2720 simplex
1832 2679 1901 2714 est.
1937 2675 1989 2710 sic
2008 2680 2045 2710 et
2066 2674 2168 2710 illum
2194 2674 2255 2719 qui
2287 2683 2332 2709 ex
2350 2678 2457 2719 parte
2480 2696 2482 2698 -

1403 2739 1472 2770 est.
1495 2734 1652 2769 Maxime
1679 2739 1799 2770 autem
1832 2735 1928 2771 hunc
1962 2735 2088 2780 quiex
2123 2733 2352 2779 simplicitate
2381 2737 2452 2774 est,

1402 2803 1488 2829 nam
1523 2794 1591 2829 hoc
1616 2794 1885 2839 intelligendum
1924 2801 1980 2830 est
2009 2795 2046 2830 in
2066 2793 2204 2839 capillis
2241 2792 2454 2835 fluentibus,

1404 2854 1474 2889 hoc
1496 2859 1553 2888 est
1582 2854 1862 2896 rarescentibus,
1901 2854 1937 2889 in
1970 2854 2102 2897 fronte,
2142 2863 2248 2900 quem
2268 2859 2304 2889 et
2336 2852 2456 2888 calva-

1409 2917 1524 2947 strum
1560 2912 1764 2956 appcllavit.
1791 2912 1857 2949 Hie
1894 2920 2014 2949 autem
2039 2913 2162 2959 priore
2197 2912 2356 2948 deterior
2386 2916 2455 2954 est,

1407 2982 1492 3007 nam
1513 2972 1642 3007 melius
1678 2973 1824 3017 quidem
1845 2978 1899 3008 est
1916 2974 2071 3010 virtutes
2095 2972 2328 3016 abscondere,
2350 2971 2380 3007 si
2402 2976 2457 3020 taff

1407 3041 1490 3067 men
1511 3032 1639 3076 aliquis
1654 3032 1802 3078 gloriam
1819 3042 1942 3068 earum
1964 3033 2107 3078 prodat,
2125 3031 2320 3068 tolerabilis
2332 3030 2456 3077 passio

1409 3097 1465 3128 est
1483 3097 1520 3127 et
1537 3092 1655 3128 vicina
1675 3093 1801 3136 reniae,
1818 3098 1968 3138 propter
1986 3093 2083 3138 quod
2097 3091 2354 3129 eritmundus:
2370 3090 2457 3136 quia

1409 3152 1505 3188 enim
1526 3152 1723 3188 secundum
1748 3151 1878 3187 faciem
1910 3152 2031 3187 divina
2053 3151 2239 3198 Scriptura
2259 3150 2365 3197 prodi
2382 3149 2458 3187 vire

1410 3218 1506 3249 tutes
1529 3218 1566 3248 et
1589 3222 1711 3248 coram
1752 3211 1973 3254 hominibus,
1997 3221 2063 3256 per
2096 3221 2160 3247 eas
2182 3211 2271 3248 dicit
2301 3209 2426 3247 ornari
2440 3220 2460 3248 a

1408 3271 1564 3307 Attende
1601 3269 1753 3305 Paulum
1785 3269 1992 3305 dicentem:
2016 3268 2072 3304 Ea
2085 3280 2163 3315 quoe
2193 3269 2385 3305 secundum
2402 3268 2460 3316 [aa

1409 3331 1497 3366 ciem
1519 3335 1600 3366 sunt
1618 3329 1729 3365 videte
1747 3337 1760 3363 .·
1780 3329 1811 3364 si
1832 3329 1909 3374 quis
1935 3327 2070 3364 videtur
2087 3328 2153 3363 sibi
2170 3327 2300 3364 Christi
2314 3340 2351 3364 se
2367 3340 2444 3366 esse

1411 3391 1475 3427 hoc
1497 3390 1620 3436 coqitet
1644 3389 1772 3424 iterum
1791 3387 1885 3434 apud
1906 3388 2139 3434 semetipsum,
2168 3387 2252 3434 quta
2280 3388 2368 3423 sicut
2385 3389 2437 3437 ip·

1411 3449 1540 3487 Christi
1558 3455 1623 3492 εει,
1640 3450 1691 3485 ita
1708 3454 1740 3485 et
1761 3459 1823 3484 nos
1841 3447 1898 3494 (11
1915 3447 1997 3484 Cor.
2015 3446 2068 3495 x).
2084 3447 2161 3484 lloc
2178 3453 2314 3492 autem,
2330 3449 2399 3499 sin

1411 3510 1488 3547 lum
1505 3513 1694 3556 peecatum
1728 3517 1774 3544 ex
1798 3507 2028 3552 simplicitate
2051 3507 2225 3554 simplicis
2254 3507 2387 3544 commi

1415 3573 1488 3612 tur,
1503 3567 1534 3605 si
1554 3571 1672 3604 autem
1692 3565 1790 3603 taeta
1805 3564 1917 3602 fuerit
1940 3565 1976 3603 in
1997 3565 2154 3603 calvaria
2171 3565 2251 3612 ejus
2266 3565 2383 3603 autin

1413 3627 1561 3665 calvitio
1575 3625 1717 3664 macula
1733 3625 1814 3662 alba
1825 3629 1888 3661 aut
1907 3624 2001 3668 rura,
2016 3624 2116 3672 lepra
2133 3631 2203 3662 est.
2214 3624 2358 3671 Quat-at
2389 3618 2393 3624 ’

1414 3698 1523 3728 nemo
1539 3687 1592 3727 sic
1607 3691 1666 3735 est
1683 3685 1833 3735 simplex
1865 3690 1909 3723 ut
1937 3685 2085 3725 nesciat
2114 3686 2206 3734 qnia
2233 3695 2324 3725 ml
2422 3668 2425 3669 ⁷
