2540 4016
16 3944 29 4016 i

120 145 129 152 .

58 134 136 200 83¹⁷

656 135 992 188 Exposmouss
1013 140 1062 183 iu
1086 131 1355 184 LEffi'ICUE.
1381 160 1431 169 --
1453 135 1542 179 Lm.
1567 142 1642 179 vn.

2168 143 2239 183 558

58 224 78 272 ἐ
103 230 241 270 iritum.
260 229 364 274 Quod
379 228 409 265 si
426 230 496 264 non
509 218 690 263 audieritis
706 233 762 259 me
775 232 838 259 nee
855 219 1006 268 feceritis
1015 229 1116 255 man-
1134 219 1171 260 A
1186 216 1274 255 dere
1290 218 1474 265 poterant,
1489 214 1554 252 sed
1572 214 1781 252 clamabant
1793 215 1916 262 palam
1941 221 2049 265 atque
2068 218 2245 267 paedica-

62 291 144 330 'a'ta
167 302 266 335 mea,·
288 290 320 326 si
343 283 657 336 spreveritisileqes
691 290 787 319 meas
812 286 844 317 et
866 278 1007 327 judicia
1038 286 1118 313 mea

60 345 348 401 eontempoeritis,
367 351 407 386 ut
421 357 491 384 non
507 343 647 394 faciatis
666 354 723 388 ea,
743 345 822 391 quoe
840 348 862 376 a
875 350 930 376 me
949 338 1119 374 constitu-

61 413 96 450 ta
117 419 212 457 sunt,
232 417 265 448 et
279 406 327 448 izd
342 407 483 446 irritum
511 403 710 454 perductilis
729 407 870 450 paetum
897 406 1026 435 meum.
1049 395 1118 441 Qui

62 471 302 510 non-audiunt
309 466 478 507 mandata
489 466 568 510 Dei,
585 463 696 511 etqui
713 462 846 509 iudicia
861 458 1119 497 contemnunt?

62 534 131 570 nisi
149 534 210 580 qui
226 531 456 569 traditionem
476 524 659 565 seniorum
685 523 928 565 intendentes,
946 522 982 557 et
1013 519 1120 566 legis-

62 598 187 633 latoris
203 595 441 632 iutentionem
459 588 780 638 transgredientes,
799 584 843 622 ad
858 585 928 621 hoe
946 583 1041 630 quod
1069 581 1122 618 eis

61 658 251 694 videbatur
270 656 384 702 legem
403 651 644 699 exponebant,
668 649 729 697 qui
745 647 928 690 dicebant,
950 645 1046 681 sicut
1073 642 1124 679 ait

63 717 236 755 Dominus
255 729 263 751 :
282 712 488 760 Quicunque
522 712 648 748 dixerit
686 707 779 758 patri
807 713 868 743 aut
898 703 1002 741 matri
1025 701 1125 738 :Do-

67 789 149 815 num
174 776 405 824 quodcunque
431 785 473 810 ex
492 784 545 808 me
570 773 631 808 tibi
646 769 822 818 proderit;
844 773 875 802 et
895 770 963 802 n'on
979 762 1122 799 honori-

63 839 183 888 ficabit
199 845 333 886 patrem
353 847 455 872 suum
475 841 509 870 et
523 841 668 870 matrem
688 841 789 866 suam
810 825 958 876 (Mattlt.
978 823 1060 870 xv),
1088 822 1124 858 id

63 905 131 944 est,
149 900 354 946 quicunque
376 897 506 933 dixerit
519 890 730 941 parentibus
746 899 755 924 :
772 885 863 924 Vota
883 890 966 923 sunt
986 885 1058 920 Deo
1082 893 1125 919 ea

64 974 144 1011 quae
160 963 299 1005 habeo‚·
321 961 388 1007 ipsi
407 960 504 996 euim
524 968 579 1000 ea,
601 964 731 991 munus
750 957 786 988 et
805 950 1022 987 oblationem
1058 949 1124 984 ob-

66 1025 142 1069 tuli,
163 1035 225 1063 eos
242 1022 303 1068 qui
334 1022 537 1066 genuerunt
565 1010 744 1052 honorare
770 1022 841 1047 non
871 1011 1025 1056 cogitur.
1058 1008 1125 1052 Qui

67 1091 152 1123 sunt
165 1084 226 1129 qui
246 1084 318 1117 non
338 1080 417 1126 ejus
431 1077 551 1114 onmia
572 1075 711 1111 faciunt
744 1072 939 1108 mandata?
958 1070 1034 1105 Nisi
1065 1070 1125 1115 qui

1186 279 1275 316 hant
1292 291 1301 315 z
1321 278 1415 324 Quid
1435 277 1624 325 faciemus,
1640 276 1724 324 quta
1737 275 1794 312 Ιιίσ
1812 275 1915 313 homo
1937 278 2049 315 multa
2065 281 2167 327 signa
2187 281 2244 328 sa.

1188 338 1260 375 cit?
1274 338 1316 376 Si
1327 338 1538 375 dimittimus
1557 347 1638 374 eum
1654 336 1720 380 sic,
1735 335 1870 372 venient
1887 334 2054 380 Romani,
2077 344 2110 374 et
2128 339 2248 377 tollent

1188 403 1345 436 nostram
1374 402 1408 435 et
1435 398 1554 434 locum
1580 403 1614 434 et
1633 401 1769 445 pentem
1797 393 1925 442 (toan.
1945 394 2019 443 xi).
2052 395 2148 444 Ergo
2176 408 2251 436 non

1189 459 1274 509 qui—a
1295 458 1365 505 legi
1381 459 1443 494 aut
1458 457 1645 505 prophetis
1665 455 1848 494 contraria
1879 453 2048 498 docebat,
2080 462 2166 491 nam
2197 457 2253 492 ni-

1188 521 1258 558 mis
1273 519 1326 556 eis
1344 529 1504 556 consona
1519 518 1656 563 docuit,
1679 517 1742 554 sed
1762 514 1818 553 sui
1833 515 1969 552 amoris
1985 524 2110 558 eausa,
2127 515 2254 561 suique

1191 582 1299 618 causa
1320 580 1472 627 negotii,
1489 579 1716 616 sermonibus
1739 576 1817 624 ejus
1841 580 1913 613 uon
1933 575 2161 613 obediebant.
2179 574 2257 613 Hoc

1191 653 1276 690 ergo
1312 641 1467 688 percuhzi
1502 641 1643 684 morbo,
1673 636 1797 676 oeulos
1828 646 1914 674 suos
1944 635 2184 673 conficiebant
2222 642 2260 672 et

1193 704 1332 739 animas
1368 698 1631 739 consumebant
1650 728 1660 745 ‚
1699 710 1771 735 non
1810 698 1925 735 solnm
1981 697 2258 733 exardescentes

1193 764 1329 808 surore,
1354 771 1391 800 et
1411 763 1547 800 invidia
1571 762 1746 807 corrupti,
1781 761 1844 797 sed
1873 760 1912 795 ut
1946 757 2058 795 semel
2086 757 2260 794 infirmati

1193 834 1327 870 mente,
1346 832 1382 862 et
1399 826 1635 872 cogitationes
1658 836 1729 861 non
1750 823 1858 859 nimis
1885 833 1991 859 sanas
2013 821 2059 858 ad
2077 821 2262 858 discretio-

1194 898 1277 922 nem
1307 887 1484 923 sactorum
1521 887 1746 922 dictorumve
1779 884 1952 920 hahentes
1989 884 2024 919 in
2064 882 2262 919 Dominicis

1196 947 1332 990 verbis,
1355 953 1391 982 et
1417 946 1616 990 miraculis,
1635 946 1827 981 interiores
1845 948 1931 981 snos
1950 944 2074 981 oculos
2093 943 2263 980 conficie-

1194 1005 1294 1048 bant,
1315 1011 1351 1040 et
1375 1006 1534 1040 animam
1562 1004 1838 1046 consumebant,
1868 1005 1918 1039 ita
1950 1008 1989 1039 ut
2012 1005 2056 1039 ad
2083 1015 2163 1040 eum
2190 1004 2264 1039 ela-

1196 1073 1339 1102 marent
1358 1078 1365 1100 :
1392 1065 1578 1111 Usquequo
1612 1064 1766 1099 unimam
1798 1070 1954 1098 nostrum
1974 1063 2092 1098 tollis?
2108 1063 2147 1098 Si
2168 1070 2204 1098 tu
2226 1074 2263 1098 es

65 1146 237 1182 anethum
252 1147 289 1179 et
304 1141 509 1189 acyminum
531 1137 711 1175 decimant
727 1140 764 1171 et
782 1134 980 1174 mentham,
1011 1131 1124 1167 rolin·
1145 1116 1176 1158 Β
1196 1127 1369 1171 Christus,
1392 1129 1446 1163 (tic
1473 1128 1571 1163 nobis
1602 1126 1720 1173 palum
1750 1125 1879 1174 (Joan.
1902 1125 1961 1174 x).
1991 1125 2093 1170 Quod
2127 1125 2262 1170 utique,

65 1213 178 1255 quunt
212 1211 332 1242 autem
357 1202 532 1250 judicium
569 1205 606 1236 et
635 1196 922 1234 misericordiam
953 1200 988 1230 et
1019 1193 1127 1229 fidem

66 1269 218 1318 (ΜαειΙι.
235 1265 363 1314 xxm).
379 1264 468 1300 Cum
485 1263 580 1298 Deus
599 1261 652 1297 eis
673 1270 737 1306 per
762 1258 976 1304 prophetam
1006 1255 1102 1291 dicat
1118 1267 1125 1288 ε

65 1329 236 1366 Indicabo
253 1328 330 1371 tibi,
347 1338 366 1362 o
382 1326 500 1368 homo,
518 1323 602 1370 quid
622 1321 792 1357 Dominus
808 1324 941 1366 quoerat
961 1329 982 1352 α
1004 1323 1048 1360 le,
1066 1316 1132 1351 uti-

65 1403 131 1439 que
151 1392 265 1437 [acere
283 1389 475 1437 judicium,
491 1392 522 1421 et
541 1384 685 1430 diligere
708 1380 987 1417 miscricordiam
1008 1384 1038 1413 et
1061 1377 1132 1413 sol-

67 1453 182 1489 licitus
201 1451 380 1488 ambulare
410 1460 487 1484 cum
514 1447 585 1482 Deo
618 1451 676 1480 tuo
706 1443 837 1490 (Micia.
869 1441 943 1487 vi).
979 1440 1133 1485 Propter

68 1514 163 1560 quod
182 1512 354 1548 Dominus
372 1510 416 1544 ad
436 1519 512 1550 eos,
531 1511 569 1542 ut
593 1511 677 1552 pote
698 1514 768 1539 nou
784 1501 906 1537 onmia
943 1499 1133 1544 implentes

69 1574 158 1621 legis
173 1576 366 1619 praecepta,
383 1569 445 1606 sed
470 1578 548 1614 quae
570 1567 646 1613 ejus
666 1570 748 1600 suut
775 1563 897 1610 gravia
931 1561 1136 1605 relinquen-

70 1643 141 1681 tes,
156 1642 192 1672 et
208 1646 287 1682 quae
306 1633 454 1670 minima
476 1635 636 1678 agentes,
659 1628 822 1664 dicebat:
842 1624 928 1660 Ilcec
958 1622 1136 1670 oportebat

71 1699 200 1745 facere,
218 1704 248 1732 ct
269 1696 331 1732 itta
350 1706 418 1730 non
441 1693 610 1728 omittere.
645 1689 717 1725 Sed
735 1694 770 1724 et
791 1687 960 1723 mandata
994 1684 1058 1719 Dei
1085 1683 1136 1719 illi

71 1759 216 1805 proprie
234 1754 563 1802 transgrediuntur,
581 1757 617 1786 et
631 1750 683 1786 eis
703 1749 860 1785 maxime
889 1746 1138 1782 inobedientes

73 1827 171 1864 suut,
193 1820 253 1865 qui
275 1817 495 1853 exteriorem
515 1814 645 1848 faciem
667 1821 806 1852 eorum,
835 1820 909 1845 non
933 1813 1054 1845 autem
1081 1807 1137 1842 in-

73 1881 271 1917 tentionem
295 1878 360 1914 Dei
388 1880 619 1912 conservant.
650 1871 796 1907 Planius
825 1879 912 1915 ergo
944 1868 1074 1913 Aquila
1104 1871 1140 1903 et

74 1940 300 1978 Theodotion
311 1944 347 1975 et
363 1935 604 1984 Symmachus
614 1933 771 1968 edidisse
783 1929 1031 1966 inveniuntur.
1049 1927 1139 1963 Nam

74 2003 133 2038 ille
154 2001 299 2048 quidem
318 1999 369 2034 ait
390 2010 398 2033 ε
422 1996 459 2033 Si
477 1995 666 2031 constituta
693 2004 768 2027 mea
795 1988 1057 2037 reprobaveritis
1069 1987 1139 2022 :illi

75 2070 195 2101 autem
217 2075 224 2098 :
247 2062 287 2098 Si
300 2059 508 2097 subtilitates
525 2068 619 2092 meas
636 2054 833 2090 renueritis.
867 2052 1043 2098 Dogmata
1076 2050 1139 2085 Dei

77 2131 115 2163 et
132 2124 383 2165 subtilitatem,
417 2131 497 2167 quae
518 2120 554 2154 in
573 2116 772 2164 spiritalem
808 2114 1063 2150 mandatorum
1087 2111 1142 2147 in-

79 2187 260 2224 tellectum
276 2189 367 2227 erat,
382 2181 710 2228 transgrediuntur,
727 2179 811 2224 quia
822 2177 922 2212 Novo
935 2175 1143 2211 Testamen-

80 2255 116 2286 to
135 2247 345 2289 concordat,
359 2245 541 2280 infirmare
556 2241 800 2288 evangelicam
816 2238 971 2284 gratiam
989 2247 1059 2282 per
1074 2236 1143 2271 hoc

79 2311 241 2347 volentes
262 2320 270 2344 :
292 2308 386 2354 quod
404 2317 467 2343 eos
490 2314 644 2351 arguens
663 2302 714 2338 ait
737 2314 744 2337 :
771 2300 818 2335 Et
836 2299 881 2335 ad
898 2299 1038 2333 irritum
1068 2307 1146 2342 per-

81 2372 219 2408 ducatis
241 2375 381 2416 pactum
395 2377 522 2402 meum.
545 2364 639 2408 Quid
660 2370 780 2399 autem
803 2371 868 2407 per
887 2360 957 2395 hoe
988 2358 1146 2393 minatus

82 2431 159 2468 est?
183 2430 300 2466 Nimis
338 2428 435 2464 enim
465 2426 592 2462 similis
629 2433 736 2471 poena
768 2427 824 2459 est
857 2418 1147 2467 praevaricationi

83 2503 209 2530 eorum
230 2504 237 2527 :
257 2491 331 2537 qu
359 2489 595 2536 quoquelaeoec
626 2486 755 2532 faciam
792 2483 900 2519 vobis.
939 2479 1149 2525 Quomodo?

91 2553 248 2588 Visitabo
269 2562 327 2586 vos
348 2549 509 2585 velociter
526 2549 563 2582 in
580 2553 743 2592 egestate.
762 2543 878 2578 Nimis
890 2542 987 2578 euim
1003 2544 1150 2585 agentes

87 2623 149 2650 eos
167 2611 342 2647 Dominus
373 2618 438 2654 per
467 2608 618 2643 verbum
644 2614 747 2641 suum
781 2602 881 2643 fecit,
908 2602 1087 2636 intantum
1112 2604 1153 2634 ut

88 2672 134 2708 ad
152 2670 307 2706 invicem
327 2667 488 2703 dicerent
509 2677 516 2699 :
538 2664 658 2698 Durus
674 2668 723 2697 est
741 2660 796 2695 hic
811 2659 1025 2705 sermo,quis
1042 2663 1152 2704 potest

89 2743 168 2770 eum
187 2730 310 2766 audire
330 2725 566 2776 ?(Joun.v1.)
584 2725 684 2760 Sicut
704 2733 790 2770 ergo
811 2727 938 2768 sponte
951 2720 1038 2766 legis
1053 2719 1154 2756 intel-

91 2794 226 2830 lectum
245 2789 618 2836 transgrediebantur,
640 2792 680 2822 ut
694 2784 940 2831 evangelicum
958 2789 1155 2819 testamen-

94 2858 170 2890 tum
185 2851 328 2888 irritum
345 2850 575 2888 deducerent,
588 2845 648 2892 qui
666 2844 764 2880 illinc
779 2842 935 2879 habebat
950 2842 1153 2884 exordium,

95 2914 148 2951 sic
166 2913 218 2949 eis
231 2918 267 2948 et
286 2913 364 2958 ipse
386 2910 539 2946 obseura
557 2905 667 2942 verba
685 2904 838 2946 dicebat,
858 2909 895 2940 et
905 2902 1053 2939 difficile
1074 2912 1157 2939 suo-

97 2986 178 3012 rum
204 2975 412 3021 dogmatum
447 2970 603 3006 faciebat
627 2965 998 3013 comprehensionem.

147 3036 218 3074 Sed
238 3037 314 3083 iam
334 3045 416 3080 quae
434 3036 630 3078 sequantur
647 3037 802 3076 agnosce
819 3040 827 3064 z
845 3027 980 3063 Ardere
995 3027 1055 3074 qui
1077 3038 1157 3062 con·

99 3100 196 3146 ficiat
204 3097 323 3134 oculos
331 3102 460 3132 vestros
470 3105 484 3138 ‚·
499 3093 588 3135 sive,
599 3090 795 3128 secundum
811 3088 1061 3135 Septuaginta,
1071 3087 1160 3124 Sca-

103 3159 191 3196 biem
208 3163 324 3194 antem
339 3162 371 3192 et
386 3155 544 3192 morbum
564 3154 695 3200 reqium
714 3138 882 3188 calentem
897 3150 1015 3187 oeulos
1030 3156 1159 3186 vestros

44 3275 47 3277 ‚
102 3228 135 3259 et
153 3221 273 3258 anima
293 3224 405 3256 vestra
419 3217 681 3256 distabescente.
699 3214 848 3252 Scabies
863 3219 984 3250 autem
1013 3213 1161 3249 morbus

67 3811 76 3821 .
125 3755 165 3803 iii
183 3750 573 3819 verbi's‘fifi‘miraeulis,
588 3763 751 3811 uoniam
767 3762 914 3800 morbos
928 3771 1012 3798 suos
1027 3760 1176 3797 abscon-

47 3839 56 3889 ὁ

36 3903 85 4016 t

104 3289 161 3320 eut
182 3280 360 3328 eorporis,
375 3279 440 3317 sed
458 3277 674 3315 manifestus
688 3277 725 3312 in
746 3275 936 3322 superficie
961 3275 1095 3318 earnis,
1125 3278 1163 3311 et

94 3343 206 3394 ,mab
221 3340 300 3388 eius
320 3341 529 3378 decurrens.
551 3338 698 3376 Morbus
716 3343 838 3375 autem
858 3337 991 3384 regius.
1023 3336 1061 3373 id
1093 3340 1161 3380 est,

95 3394 282 3447 flumin
305 3402 502 3450 mquidem
516 3411 563 3439 ex
587 3401 823 3444 accensione;
858 3398 1075 3435 manifestus
1100 3408 1185 3434 au-.

101 3463 383 3505 numm-hie
399 3468 455 3500 est
477 3463 516 3499 in
537 3461 728 3510 superficie
748 3461 882 3503 carnis,
906 3465 942 3496 et
965 3459 1069 3506 pellis
1100 3459 1164 3495 de-

99 3525 278 3580 ρητβῦ,
293 3523 462 3562 &multo
491 3523 609 3570 magis
624 3521 740 3559 oculis
761 3521 920 3557 insidens
938 3531 947 3555 :
967 3519 1081 3556 latei-e
1104 3528 1168 3555 au-

99 3600 105 3618 ·
175 3628 189 3636 ,
215 3623 219 3626 Δ
254 3585 575 3623 ”morborum
586 3588 755 3621 neutrum
780 3586 912 3628 potest.
936 3579 1042 3617 Tales
1064 3583 1171 3616 erant

273 3648 277 3649 ⁷
400 3645 564 3692 ,icarum
581 3641 909 3680 morbimanifesti
941 3645 978 3677 et
1009 3638 1108 3683 mali,
1135 3645 1172 3675 et

121 3683 220 3748 *-
362 3701 896 3769 dmhmmqAEmuhmtes
922 3701 1019 3736 enim
1052 3698 1173 3734 Domi-

1197 1191 1283 1237 quia
1314 1191 1445 1226 animae
1476 1189 1701 1225 infide-litatis
1730 1187 1996 1235 consumptioni
2038 1186 2267 1233 subjacentes

1198 1257 1314 1287 erant.

1248 1312 1317 1348 Sed
1339 1318 1376 1348 et
1412 1311 1570 1349 Joannes
1603 1313 1680 1347 haee
1707 1311 1750 1346 de
1770 1310 1822 1347 cis
1844 1309 1954 1345 dicit:
1974 1309 2168 1355 Propterea
2195 1318 2268 1344 non

1199 1380 1365 1421 poterant
1385 1373 1546 1415 credere,
1582 1373 1665 1418 quia
1699 1382 1823 1407 rursus
1852 1370 1941 1406 dixit
1962 1369 2072 1406 Isaias
2091 1382 2099 1404 :
2117 1369 2269 1405 Excccca

1201 1448 1262 1472 cor
1282 1435 1400 1482 popule·
1430 1435 1553 1480 hujtts,
1581 1440 1613 1470 et
1645 1445 1747 1469 aures
1778 1434 1854 1479 ejzts
1885 1443 2049 1479 (tqqrava,
2082 1430 2267 1478 nequando

1203 1497 1311 1533 oculis
1332 1497 1405 1532 suis
1427 1496 1578 1538 videant,
1602 1500 1632 1530 et
1652 1495 1794 1530 auribus
1818 1493 1980 1535 cistliant,
1997 1499 2028 1527 et
2048 1491 2151 1527 corde
2168 1489 2271 1526 intel-

1204 1559 1313 1605 !iqant
1333 1558 1430 1605 (Isa.
1466 1557 1538 1604 vi).
1573 1556 1699 1592 Cernis
1725 1556 1810 1601 qnia
1838 1553 2142 1600 quemadmodum
2172 1551 2271 1587 sece-

1205 1623 1288 1655 runt
1307 1617 1387 1662 ipsi,
1408 1617 1460 1652 sic
1478 1622 1514 1652 et
1534 1616 1700 1652 Christus
1726 1614 1812 1650 secit
1845 1614 1916 1655 eis3
1950 1613 2034 1658 quia
2064 1612 2161 1647 enim
2189 1610 2268 1655 ejus

1206 1679 1350 1715 irritum
1368 1677 1488 1714 facere
1508 1683 1655 1723 pactum
1674 1676 1748 1712 sive
1769 1679 2024 1710 testamentum
2042 1671 2272 1713 studuerunt,

1211 1747 1307 1777 reete
1324 1751 1449 1776 eorum
1479 1739 1603 1775 oculos
1633 1743 1670 1773 et
1697 1748 1759 1772 eor
1794 1734 2002 1778 excaecavit,
2034 1739 2069 1770 et
2101 1732 2269 1769 ardorem

1209 1803 1286 1838 sive
1313 1802 1511 1852 hecteriam
1537 1800 1787 1836 conficientem
1813 1797 1935 1833 oeulos
1970 1807 2096 1831 corum
2130 1801 2166 1831 et
2198 1796 2276 1831 ani-

1209 1874 1287 1899 mas
1309 1867 1583 1898 consumentem
1601 1861 1653 1896 eis
1671 1861 1778 1896 dedit.
1804 1859 1874 1895 Sed
1907 1858 1991 1903 quid
2027 1857 2083 1892 his
2116 1857 2277 1892 addidit?

1210 1923 1366 1958 Frustra
1386 1922 1506 1957 seretis
1528 1926 1729 1963 sementem,
1744 1931 1821 1966 quw
1838 1919 1879 1954 ab
1901 1918 2056 1953 hostibus
2091 1917 2274 1952 devorabi-

1210 1982 1438 2026 tur‚·srustra
1456 1981 1553 2017 enim
1587 1980 1656 2015 illis
1688 1980 1946 2026 prophetarum
1979 1984 2015 2013 et
2038 1978 2126 2023 legis
2156 1977 2278 2024 profe-

1211 2051 1340 2080 runtur
1372 2044 1525 2086 semina,
1546 2048 1582 2077 et
1614 2041 1816 2077 doctorales
1855 2040 1952 2075 illinc
1991 2040 2171 2076 seminant
2202 2050 2279 2074 ser-

1209 2115 1334 2141 mones
1368 2114 1440 2140 uon
1475 2104 1652 2138 habentes
1684 2108 1815 2136 terram
1852 2100 2006 2136 fertilem
2041 2100 2085 2135 ad
2112 2100 2280 2146 intelligi-

1210 2167 1335 2204 bilium
1360 2166 1567 2211 dogmatum
1597 2163 1769 2199 fructum.
1808 2162 1910 2199 Unde
1943 2172 2010 2198 nce
2045 2162 2126 2197 cibo
2155 2171 2280 2197 eorum

1211 2231 1394 2273 fruuntur,
1417 2227 1480 2264 sed
1505 2228 1679 2263 devorant
1702 2236 1745 2263 ea
1767 2225 1967 2261 adversarii
1995 2234 2135 2266 eorum,
2159 2222 2221 2268 qui
2243 2223 2279 2258 in

1191 2329 1195 2333 ,
1213 2293 1357 2329 Christo
1378 2291 1546 2333 eredunt,
1567 2299 1659 2335 quos
1684 2288 1750 2333 ipsi
1782 2287 1848 2323 sibi
1878 2297 1942 2332 per
1972 2285 2221 2320 infidelitatem
2241 2289 2277 2318 ct

1215 2354 1384 2389 invidiam
1405 2351 1607 2387 contrarios
1622 2350 1795 2385 feceruut.
1811 2349 1854 2382 Et
1873 2358 2001 2393 ponam
2015 2346 2141 2391 [aciem
2157 2355 2271 2379 meam

1216 2419 1337 2448 contra
1374 2423 1445 2453 vos,
1477 2409 1674 2446 secuudum
1707 2408 1956 2454 propheticam
1990 2405 2090 2441 illam
2124 2415 2273 2440 vocem:

1226 2474 1349 2509 Vultus
1379 2478 1496 2507 autem
1520 2470 1660 2505 Domini
1678 2479 1782 2514 snper
1798 2468 1962 2513 facientes
1980 2465 2087 2507 mala,
2105 2471 2141 2499 ut
2161 2464 2283 2511 perdat

1218 2534 1260 2569 de
1285 2539 1378 2568 terra
1395 2530 1600 2565 memoriam
1620 2537 1755 2569 eorum,
1772 2532 1802 2560 et
1822 2528 1991 2560 corruetis
2025 2534 2143 2558 coram
2170 2523 2283 2558 hosti-

1222 2595 1283 2629 bus
1302 2592 1419 2628 vestris
1439 2588 1561 2638 (Psal.
1581 2587 1734 2633 xxxin).
1752 2585 1912 2621 Gentiles
1932 2585 2043 2627 enim,
2060 2594 2150 2629 quos
2164 2583 2283 2619 inimi-

1221 2664 1283 2690 cos
1301 2652 1370 2688 sibi
1383 2651 1560 2696 judicant,
1579 2658 1701 2684 coram
1719 2646 1772 2682 eis
1788 2645 1933 2687 eadunt,
1956 2645 1990 2679 in
2009 2644 2123 2679 salute
2159 2654 2283 2679 eornm

1222 2716 1456 2754 offendentes.
1478 2711 1579 2748 Unde
1598 2709 1837 2757 Symmachus
1851 2717 1917 2753 pro
1940 2705 2069 2741 cadere
2085 2704 2283 2750 offendetis,

1224 2778 1289 2820 ait,
1308 2781 1388 2811 ante
1406 2774 1566 2809 inimicos
1588 2777 1730 2806 vestros.
1747 2767 1839 2812 Quid
1856 2772 1974 2802 autem
1998 2765 2092 2801 aliud
2121 2764 2283 2800 addidit?

1226 2838 1482 2884 Persequentur
1504 2843 1562 2868 vos
1583 2831 1663 2867 odio
1690 2829 1852 2865 habentes
1872 2838 1944 2869 vos,
1971 2832 2002 2862 et
2029 2826 2167 2872 fuqietis
2189 2823 2285 2860 trullo

1226 2902 1461 2947 persequente.
1484 2894 1551 2930 Hic
1566 2889 1829 2939 quodammodo
1844 2887 2069 2925 contrarium
2087 2896 2169 2922 esse
2185 2885 2286 2921 vide-

1174 2940 1211 2981 D
1230 2966 1303 3002 tur,
1332 2957 1428 3004 quod
1449 2954 1596 2991 dieitur.
1635 2950 1675 2987 Si
1695 2950 1792 2986 enim
1811 2949 1858 2985 ab
1878 2947 2044 2984 hostibus
2060 2945 2284 2992 persecutio-

1230 3030 1315 3057 nem
1335 3017 1536 3065 patiuntur,
1555 3012 1736 3060 quomodo
1755 3010 1854 3046 nullo
1869 3012 2110 3055 persequente
2126 3005 2289 3052 fugiunt?

1232 3080 1304 3117 Sed
1321 3082 1576 3126 persequuntur
1591 3086 1664 3118 vos,
1679 3083 1751 3109 nou
1771 3070 1816 3107 ad
1835 3068 2087 3115 expellendum
2106 3066 2289 3112 legislator

1231 3141 1391 3186 accepit,
1421 3138 1484 3175 sed
1503 3135 1601 3183 quod
1618 3133 1796 3171 currendo
1814 3129 2045 3165 imminerent
2066 3126 2110 3161 ad
2133 3124 2289 3159 salutem

1232 3212 1359 3240 eorum
1376 3199 1602 3236 festinantes.
1634 3194 1758 3235 Unde,
1781 3190 2040 3235 Pet-sequentur
2058 3195 2131 3226 vos,
2158 3183 2194 3218 in
2214 3183 2299 3218 ser-'

1231 3266 1377 3301 vitutem
1395 3260 1548 3306 rediqeut
1566 3267 1639 3300 vos,
1652 3251 1910 3302 Symmachus:
1932 3246 2110 3283 Erudium
2127 3243 2164 3278 in
2178 3242 2287 3286 vobis,

1236 3323 1463 3362 Theodotion
1494 3317 1617 3354 edidit.
1657 3313 1780 3350 Talem
1809 3314 1927 3346 autem
1957 3305 2061 3342 nobis
2090 3307 2127 3340 et
2155 3302 2290 3340 Paulus

1234 3386 1524 3436 persecutionem
1550 3379 1797 3416 demonstrat:
1829 3371 1964 3416 Sequor
1989 3373 2106 3404 autem
2132 3366 2163 3402 si
2191 3376 2288 3402 eom-

1236 3446 1465 3496 prehendam,
1490 3443 1529 3478 in
1553 3450 1620 3486 quo
1648 3442 1679 3472 et
1706 3431 1972 3479 comprehensus
1990 3438 2069 3465 sum
2086 3425 2198 3475 (Plau.
2217 3424 2289 3472 ιιι).

1239 3509 1374 3546 Gentes
1402 3512 1489 3549 ergo
1521 3505 1559 3536 et
1587 3499 1618 3533 si
1646 3505 1727 3532 cum
1760 3491 1872 3529 David
1903 3490 1947 3528 de
1974 3487 2108 3527 ludaeis
2135 3487 2288 3524 dieunt:

1243 3569 1368 3606 Nonne
1400 3563 1460 3612 qui
1494 3567 1526 3597 te
1562 3558 1722 3598 oderant,
1741 3554 1852 3595 Deus,
1872 3552 2015 3589 oderam
2040 3550 2121 3588 illos
2139 3545 2289 3595 ?(Ptal.

1241 3623 1444 3670 cxxxviii.)
1474 3621 1728 3658 Verumtamen
1751 3624 1875 3652 eorum
1900 3614 2010 3650 instat
2034 3609 2162 3655 saluti,
2189 3607 2291 3646 testi-

1243 3695 1375 3733 natque
1404 3690 1440 3720 ct
1465 3687 1568 3719 orat:
1601 3679 1671 3715 Scit
1701 3677 1791 3714 enim
1818 3676 1903 3723 qni·
1929 3671 2120 3719 assumptio
2145 3678 2291 3713 eamn,

1245 3752 1339 3788 sicut
1358 3749 1408 3784 ait
1424 3744 1569 3789 Paulus,
1588 3742 1658 3778 vita
1675 3746 1723 3778 est
1745 3748 1786 3775 επ
1806 3736 1967 3780 mortuis,
1990 3739 2022 3771 et
2040 3731 2217 3783 plenitudo
2233 3741 2293 3769 ea·
