2540 4016
93 188 163 234 2129

91 331 194 370 Scire
211 335 309 370 enim
340 335 399 372 bic
416 344 482 381 pro
499 334 659 371 revelare
680 335 931 381 accipiendum
950 342 1021 381 est,
1050 338 1144 375 sicut

88 392 172 428 alibi
204 394 368 440 ignorare
403 405 470 441 pro
505 404 576 431 non
617 396 866 434 manifestare.
928 399 1030 436 Unde
1055 400 1143 437 illud

87 453 124 489 in
153 455 347 503 Evangelio
369 468 378 491 :
412 456 463 493 De
480 457 538 494 die
556 465 674 494 autem
694 459 753 494 illa
770 465 808 495 et
827 460 929 505 hora,
951 472 1058 498 nemo
1078 474 1142 499 no-

85 513 148 556 vit,
169 523 285 562 neque
303 516 422 562 angeli
439 516 637 562 coeloru1n3
658 529 776 566 neque
791 519 920 565 Filius,
946 522 1016 558 nisi
1032 523 1142 559 Pater

84 572 194 610 solusz

129 635 267 682 Moyses
281 648 416 684 quoque
434 638 556 675 tollens
576 640 854 685 tabernaculum,
878 643 1022 678 tetendit
1040 650 1139 679 extra

80 701 195 730 castra
211 697 345 741 procui,
381 700 578 743 vocavitque
611 711 733 735 nomen
752 702 841 747 ejus,
874 703 1139 740 tabernaculum

78 754 232 799 foederis,
262 765 293 791 et
315 759 427 794 omnis
443 760 591 806 populus
610 762 671 807 qui
692 762 837 797 habebat
865 763 1018 810 aliquam
1041 776 1138 810 qucr-

76 814 235 858 stionem,
262 818 503 862 eqrediebatur
519 821 564 855 ad
585 822 848 857 tabernaculum
879 823 1019 868 foederis
1036 831 1136 860 extra

75 880 204 909 castra.
225 875 381 922 Cumque
394 879 634 924 eqrediebatur
643 879 783 925 Moyses
802 882 1133 927 adlabernaculum,

74 935 236 979 surgebat
253 936 411 972 universa
431 938 538 983 plebs,
556 945 588 973 et
606 939 721 974 stabat
740 942 975 987 unusquisque
993 943 1030 978 in
1047 945 1133 979 ostio

73 994 260 1038 papilionis
288 997 356 1030 sui.
405 996 693 1044 Aspiciebantque
723 1006 856 1046 teryum
873 1001 1001 1048 Moysi,
1023 1004 1133 1039 donec

73 1052 312 1098 inyrederetur
328 1055 528 1090 tentorium.
555 1056 718 1103 Inyresso
740 1067 856 1095 autem
883 1062 943 1097 illo
969 1064 1132 1100 taberna-

69 1112 187 1147 culum
219 1114 372 1159 soederis,
389 1115 616 1153 descendebat
648 1119 811 1157 columna
833 1122 949 1167 nubis,
969 1132 1001 1160 et
1016 1127 1130 1162 stabat

724 179 1058 238 costumnae}
1084 187 1131 239 1‘N
1156 175 1366 243 siberin.
1394 227 1440 234 -
1465 197 1553 247 [iii.
1579 193 1642 248 a.

91 273 187 315 rum,
208 274 404 318 etcultum4
421 278 457 311 et
470 274 662 311 &tendam
683 284 763 320 quae
778 275 939 313 facturus
963 289 1044 314 sum
1061 280 1139 316 tibi.
1159 274 1195 322 Α
1212 290 1398 330 conspecta
1423 291 1496 329 tuo,

1212 342 1313 377 deam
1334 350 1379 379 te.
1401 339 1538 389 Quibus
1563 343 1685 386 verbis
1703 351 1792 388 satis
1808 353 1968 392 ostendit
2000 347 2153 408 Moyses,
2173 366 2270 413 quod

1209 411 1281 453 qon
1320 395 1369 439 ita
1404 404 1550 443 videbat
1585 396 1698 446 beum
1720 411 1757 447 in
1790 404 1852 449 illa
1891 413 1993 452 tanta
2018 413 2268 466 ¹familiaritate

1210 470 1438 509 conspectus,
1458 472 1498 502 ut
1529 461 1758 508 desiderabat
1775 473 1912 511 videre.
1938 471 2040 522 Quod
2066 476 2127 518 ille
2142 489 2268 524 omnes

1208 514 1366 561 visiones
1375 518 1451 568 Dei,
1465 531 1545 574 quie
1564 520 1771 569 mortalium
1786 528 2045 581 praebebantur
2064 534 2265 592 affectibus,

1207 588 1244 619 et
1260 595 1304 620 cx
1321 586 1452 631 quibus
1470 580 1579 624 tiebat
1595 595 1721 636 sonus,
1739 595 1835 640 quod
1856 592 2019 636 mortalis
2029 596 2268 650 attingeretur

1208 637 1365 688 auditus,
1383 646 1435 682 sic
1455 641 1721 688 exhibebantur
1756 648 1850 692 sicut
1868 644 1963 695 bens
1981 654 2126 699 volebat
2148 667 2268 711 specie

1206 715 1276 751 qua
1315 709 1471 752 volebat,
1508 718 1637 750 utnon
1674 717 1727 753 eis
1761 719 1838 765 ipsa
1873 723 1945 758 ullo
1976 735 2083 762 sensu
2102 731 2268 775 corporis

1206 769 1403 806 sentiretur
1419 773 1538 809 divina
1558 780 1704 820 natura,
1722 782 1802 824 quae
1823 771 2019 822 invisibilis
2039 788 2172 834 ubique
2190 795 2267 828 tota

1205 834 1272 871 est,
1298 835 1334 865 et
1354 832 1452 868 nullo
1472 835 1678 872 continetur
1692 830 1784 876 loco.
1802 842 1845 877 Et
1861 845 1944 889 quia
1960 847 1995 881 in
2018 839 2157 885 duobus
2171 861 2266 897 prae-

1204 887 1329 930 ceptis,
1357 888 1426 925 hoc
1446 896 1514 934 est,
1542 889 1744 932 dilectionis
1770 891 1834 934 Dei
1854 906 1890 935 et
1914 899 2085 948 proximi,
2112 911 2188 943 tota
2206 904 2265 945 lex

1201 947 1346 989 pendet,
1368 945 1448 985 ideo
1479 946 1621 998 Moyses
1655 955 1691 990 in
1726 962 1880 1005 utroque
1913 972 2017 1000 suum
2044 958 2263 1005 deside1ium

1203 1004 1489 1053 demonstrabat,
1518 1013 1764 1060 dilectionem,
1805 1017 1945 1058 scilicet
1972 1020 2052 1069 Dei,
2092 1020 2153 1064 ubi
2182 1023 2262 1066 ait:

1202 1065 1243 1101 Si
1281 1068 1394 1104 inveni
1433 1073 1584 1116 yratiam
1615 1076 1652 1110 in
1677 1086 1862 1124 conspectu
1902 1088 1974 1126 tuo,
2015 1089 2156 1125 ostende
2178 1087 2265 1127 milti

1199 1130 1417 1174 temetipsum
1441 1133 1639 1179 manifeste,
1683 1145 1721 1173 ut
1762 1139 1899 1175 videam
1940 1151 1986 1186 te,
2043 1153 2082 1181 ut
2109 1148 2177 1183 sim
2203 1151 2261 1186 in-

68 1172 115 1207 ad
136 1174 275 1209 ostium.
319 1174 609 1224 Loquebaturque
645 1191 723 1215 cum
756 1181 878 1228 Moyse
912 1187 1129 1223 cernentibus
1149 1197 1180 1236 B
1200 1188 1337 1224 veniens
1373 1191 1525 1236 qratiam
1550 1194 1588 1229 in
1614 1204 1801 1243 conspectu
1826 1205 1897 1236 tuo.
1924 1196 1964 1238 ln
1991 1198 2184 1244 dilectione
2200 1219 2264 1245 au-

67 1234 248 1277 universis,
261 1235 355 1281 quod
375 1236 535 1274 columna
550 1239 653 1275 nubis
671 1247 776 1277 staret
793 1243 840 1278 ad
862 1245 988 1280 ostium
1010 1247 1126 1282 taber-

67 1294 199 1338 naculi,
221 1295 426 1344 stabantque
451 1298 529 1343 ipsi,
564 1306 596 1335 et
613 1301 809 1338 adorabant
825 1315 887 1351 per
905 1305 997 1351 sores
1013 1308 1126 1343 taber-

65 1355 271 1392 naculorum
287 1370 443 1394 suorum.
467 1360 639 1398 Hebraeus
650 1364 802 1409 populus
818 1365 1041 1413 deAEgyptia
1053 1379 1126 1404 ser-

62 1415 176 1452 vitute
195 1417 382 1463 liberatus,
403 1431 485 1455 cum
510 1421 678 1467 loquente
696 1425 770 1460 Deo
797 1426 1001 1463 columnam
1020 1430 1125 1465 nubis

64 1484 243 1521 cerneret,
263 1481 509 1526 unusquisque
528 1483 562 1516 in
574 1484 796 1521 tabernaculi
819 1487 873 1522 sui
894 1487 1031 1524 foribus
1047 1495 1123 1524 sta—-

62 1527 125 1572 bat
145 1542 182 1572 et
204 1538 390 1574 adorabat.
428 1540 478 1575 De
505 1542 636 1586 quibus
661 1548 696 1578 et
723 1544 856 1579 dicitur
877 1557 884 1580 :
919 1546 1006 1581 Cum
1028 1559 1123 1593 eyre-

61 1597 203 1632 deretur
231 1598 369 1645 Moyses
391 1601 436 1635 ad
468 1603 745 1648 tabernaculum,
781 1607 942 1653 suryebat
962 1611 1122 1645 universa

59 1655 167 1702 plebs,
187 1663 219 1692 et
247 1659 361 1694 stabat
382 1662 615 1708 unusquisque
646 1664 682 1699 in
718 1667 804 1700 ostio
835 1668 1022 1713 papilionis
1051 1672 1118 1705 sui.

61 1714 153 1758 Quid
174 1722 230 1753 est
244 1711 339 1753 enim
356 1721 524 1765 populum
541 1723 743 1759 columnam
765 1726 871 1762 nubis
890 1729 1062 1773 aspicere,
1085 1735 1121 1766 et

58 1774 95 1810 in
113 1772 335 1813 tabernaculi
355 1780 409 1813 sui
429 1779 566 1816 foribus
587 1788 683 1818 stare
700 1789 735 1819 et
754 1785 919 1830 adorare,
938 1789 1004 1824 nisi
1024 1791 1120 1835 quod

59 1838 216 1874 humana
230 1850 332 1875 mens
354 1851 434 1875 cum
453 1843 640 1887 superiora
659 1845 716 1880 illa
735 1852 841 1892 atque
859 1850 1036 1893 coelestia,
1059 1858 1116 1887 ut-

57 1907 198 1943 cunque
232 1899 267 1934 in
290 1900 480 1946 aenigmate
500 1896 690 1949 conspicit,
704 1903 778 1950 jam
796 1908 952 1944 claustra
973 1910 1115 1946 habita-

54 1959 164 1995 tionis
182 1971 364 2006 corporeae
380 1973 445 2008 per
462 1964 683 2001 sublevatam
714 1968 968 2013 cogitationem
989 1972 1113 2018 exigit,

55 2026 164 2067 atque
183 2022 282 2058 illum
318 2024 503 2060 humiliter
539 2027 695 2062 adorat?
731 2029 840 2074 Cujus
867 2036 902 2066 et
930 2032 960 2066 si
992 2033 1114 2070 videre

1198 1253 1268 1283 tem
1296 1250 1465 1294 proximi,
1507 1254 1568 1289 ubi
1612 1256 1676 1299 ait,
1704 1257 1752 1293 Et
1779 1264 1818 1294 ut
1844 1261 1969 1306 sciam,
1995 1266 2078 1311 quia
2113 1267 2262 1314 populus

1196 1306 1277 1344 tuus
1302 1317 1352 1345 est
1379 1323 1462 1357 qens
1478 1314 1565 1350 lzoec.
1584 1314 1766 1359 Quaeritur
1783 1318 1964 1367 quomodo
1984 1319 2080 1362 Deus
2097 1328 2142 1363 ad
2157 1327 2258 1377 Moy-

1195 1373 1259 1403 sen
1277 1370 1424 1414 dixerit,
1446 1373 1528 1408 Scio
1543 1381 1575 1410 te
1584 1387 1657 1422 proe
1673 1380 1832 1416 omnibus
1851 1393 1863 1417 .·
1884 1382 2052 1431 Nunquid
2069 1385 2162 1424 Deus
2177 1389 2260 1436 plus

1194 1428 1312 1474 aliqua
1334 1431 1402 1466 scit
1421 1438 1456 1468 et
1473 1433 1591 1480 aliqua
1610 1438 1758 1474 minus?
1790 1448 1833 1477 an
1854 1441 2063 1490 secundum,
2082 1451 2179 1494 quod
2199 1450 2259 1487 di-

1194 1490 1288 1524 citur
1307 1491 1521 1536 quibusdam
1540 1495 1576 1530 in
1595 1497 1804 1545 Evangelio,
1826 1495 1909 1539 Nou
1924 1507 2004 1540 nom·
2020 1519 2089 1543 2¹08.
2120 1509 2259 1548 Secun-

1193 1539 1275 1585 dum
1297 1551 1390 1588 lianc
1423 1555 1519 1590 enim
1551 1557 1738 1595 scientiam
1772 1572 1842 1607 qua
1874 1563 1970 1601 Deus
2002 1566 2134 1605 dicitur
2164 1573 2259 1608 scire

1192 1620 1270 1655 quae
1291 1608 1341 1647 illi
1361 1612 1523 1658 placent,
1560 1619 1701 1655 nescire
1719 1625 1798 1666 quae
1834 1623 2038 1670 displicent.
2074 1628 2153 1666 Non
2171 1635 2256 1678 quia

1191 1662 1334 1716 ‘ignorat
1354 1683 1395 1708 ea
1411 1702 1420 1716 ‚
1450 1675 1510 1711 sed
1536 1678 1618 1722 quia
1640 1690 1711 1716 non
1731 1685 1920 1727 approbat.
1956 1686 2057 1724 Sicut
2077 1700 2136 1727 ars
2156 1701 2257 1731 recte

1190 1730 1319 1768 dicitur
1335 1736 1475 1771 nescire
1499 1738 1585 1773 vitia
1601 1750 1683 1775 cum
1705 1742 1882 1789 improbet
1902 1748 2004 1784 vitia.
2037 1750 2116 1788 Prae
2134 1755 2253 1791 omni-

1187 1791 1254 1828 bus
1287 1788 1380 1831 Deus
1413 1795 1557 1843 Moysen
1577 1801 1733 1846 sciebat,
1768 1806 1852 1850 quia
1886 1807 1959 1844 Deo
1992 1822 2067 1856 prae
2086 1816 2255 1854 omnibus

1187 1844 1327 1898 Moyses
1344 1853 1519 1899 placebat.
1543 1858 1747 1898 Notandum
1766 1871 1822 1901 est
1841 1868 1936 1911 quod
1954 1870 2053 1914 prius
2070 1873 2144 1919 ipse
2156 1869 2253 1923 Moy-

1185 1921 1244 1947 ses
1266 1914 1406 1950 dixerat
1433 1918 1518 1960 Deo,
1554 1919 1683 1956 Dixisti
1704 1925 1810 1968 milti,
1831 1925 1912 1963 Scio
1935 1934 1967 1964 te
1982 1942 2055 1976 pra:
2073 1935 2250 1979 omnibus,

1184 1973 1279 2016 quod
1311 1970 1360 2009 illi
1392 1968 1486 2012 Deus
1506 1985 1740 2026 posteaquam
1768 1986 1836 2021 boc
1873 1988 1951 2034 ipse
1984 1991 2087 2035 dixit,
2121 1991 2253 2040 legitur

1184 2032 1333 2077 dixisse,
1354 2038 1437 2071 anie
1452 2045 1571 2075 autem
1589 2052 1658 2077 non
1678 2044 1822 2089 legitur.
1855 2047 1900 2083 Ut
1920 2050 2162 2098 intelligamus
2179 2063 2251 2095 non

54 2081 291 2118 substantiam
314 2094 383 2119 non
417 2084 526 2127 valet,
549 2085 623 2131 jam
655 2092 775 2123 tamen
800 2089 876 2135 ejus
914 2093 1113 2136 potentiam
1133 2092 1161 2132 C
1183 2094 1303 2129 omnia
1322 2105 1402 2132 esse
1422 2099 1570 2144 scripta,
1604 2106 1683 2148 quae
1701 2116 1781 2142 cum
1809 2107 1870 2144 illo
1903 2109 1997 2148 Deus
2018 2113 2159 2153 locutus
2179 2118 2248 2156 est.

52 2150 117 2186 per
136 2141 433 2179 illuminationem
454 2146 600 2191 spiritus
621 2148 786 2183 miratur.
811 2149 854 2185 Et
875 2161 954 2186 cum
974 2151 1113 2198 Moyses

55 2202 324 2238 tabernaculum
342 2204 554 2250 ingreditur,
573 2207 650 2253 ejus
684 2214 780 2255 terga
801 2211 953 2256 populus
969 2214 1109 2258 aspicit,

39 2266 88 2296 et
108 2261 143 2296 in
162 2263 382 2308 papilionum
403 2276 547 2302 suarum
582 2268 685 2304 ostiis
718 2271 894 2314 consistit,
926 2273 1011 2318 quia
1029 2283 1111 2309 eum

38 2327 199 2357 ‘sanctus
223 2324 374 2369 quisque
391 2327 607 2372 praedicator
622 2327 694 2363 alta
714 2329 757 2364 de
777 2321 850 2367 Deo
867 2332 1037 2378 loquitur,
1056 2345 1111 2371 su-

37 2391 170 2428 'pernae
186 2384 418 2423 habitationis
441 2387 517 2432 jam
545 2394 737 2436 utrumque
760 2388 1031 2431 tabernaculum
1058 2398 1110 2433 in-

36 2443 220 2488 igreditur.
265 2445 374 2491 Cujus
397 2449 691 2493 praedica'tionem
710 2453 843 2490 intirmi
875 2457 1008 2502 quique
1029 2460 1108 2494 etsi

38 2504 216 2541 *virtutem
249 2507 355 2552 plene
385 2520 537 2555 pensare
572 2522 642 2548 non
678 2519 843 2559 possunt,
875 2522 994 2552 tamen
1015 2518 1109 2553 velut

37 2568 149 2610 lterga
165 2566 358 2610 aspiciunt,
393 2570 475 2614 quia
494 2577 677 2615 postrema
700 2585 778 2618 quae
799 2577 1006 2619 praevalent,
1044 2588 1108 2622 per

36 2622 270 2659 intellectum
289 2631 501 2671 sequuntur.
538 2630 607 2666 Sed
623 2633 658 2666 in
678 2632 765 2678 ipsis
787 2645 931 2681 quoque
948 2639 1107 2676 minimis

43 2692 128 2727 *quae
148 2693 276 2728 capere
293 2686 486 2730 sufficiunt,
505 2687 580 2733 jam
596 2691 638 2727 de
659 2692 734 2727 suis
754 2693 1105 2743 papilionibusquasi

33 2749 178 2778 vexeunt
200 2749 308 2790 atque
326 2746 362 2780 in
387 2748 489 2783 ostiis
506 2754 615 2794 stant,
637 2752 722 2797 quia
741 2759 776 2788 et
794 2754 1000 2792 habitacula
1021 2769 1104 2793 car-

34 2801 104 2837 inis
119 2802 336 2848 relinquere,
375 2812 410 2842 et
446 2807 490 2843 ad
524 2809 582 2844 illa
614 2817 759 2848 aeternae
778 2814 858 2850 vilae
878 2818 1006 2862 gaudia
1026 2830 1106 2864 quae

32 2863 207 2907 audiunt,
228 2868 395 2913 progredi
416 2876 603 2906 conantur.
642 2872 738 2908 Dixit
765 2881 882 2911 autem
901 2877 1038 2924 Moyses
1058 2881 1104 2915 ad

34 2912 263 2962 montinum:
290 2920 459 2975 Proecipis
493 2938 525 2966 et
551 2932 697 2968 educam
725 2936 891 2982 populum
924 2939 1042 2983 istum,
1070 2947 1102 2976 et

30 3057 123 3083 ecum
137 3049 267 3086 dixeris
288 3063 300 3087 .·
319 3051 411 3088 Novi
430 3060 462 3088 te
479 3066 522 3090 ex
539 3056 689 3100 nomine,
719 3064 750 3092 et
770 3059 928 3096 invenisti
948 3064 1099 3108 yratiam

39 3108 161 3144 ‘oram
197 3121 263 3146 me.
324 3110 362 3148 In
397 3108 576 3156 aliquibus
612 3119 878 3164 exemplaribus
916 3123 964 3158 ita
1008 3125 1098 3171 legi-

29 3179 41 3199 .’
60 3173 104 3205 ur
123 3179 132 3203 ε
166 3169 248 3207 Scio
267 3177 300 3208 te
318 3182 392 3218 prae
410 3177 592 3220 omnibus,
627 3185 664 3214 et
686 3181 839 3224 gratiam
871 3183 981 3220 babes
1004 3187 1099 3231 apud

29 3241 118 3290 ὣς,
148 3226 242 3276 quod
267 3243 359 3278 pene
392 3235 486 3272 idem
516 3243 584 3273 est.
623 3239 725 3290 Quid!
749 3249 806 3278 est
841 3244 936 3280 aliud
963 3247 1095 3292 dicere,

29 3290 132 3363 *df-'J
167 3296 202 3348 te
230 3302 274 3349 ex
305 3296 463 3340 nomine,
494 3297 564 3335 nisi
590 3301 666 3336 scio
686 3308 719 3338 te
736 3313 812 3361 prae
843 3308 1025 3353 omnibus,
1061 3310 1096 3346 id

30 3352 352 3418 “sy-*specialiter
382 3360 421 3411 te
457 3358 539 3393 novi
569 3369 644 3406 prae
678 3364 869 3401 omnibus?
897 3360 939 3402 Et
965 3379 1098 3406 nomen

31 3418 69 3469 ᾗ
83 3407 131 3450 f·
151 3450 158 3462 ι,
177 3413 316 3457 species
333 3414 507 3464 cujusque
524 3421 682 3469 notatur.
701 3422 758 3472 [Si
775 3437 855 3472 erqo
875 3427 990 3464 ἱηυεηί
1017 3442 1099 3477 yra-

38 3503 45 3507 ,
72 3466 85 3484 ³
195 3476 387 3530 ,conspectu
397 3482 470 3522 tuo,
493 3480 632 3517 ostende
647 3479 732 3518 milti
754 3480 969 3533 temetipsum
987 3490 1098 3525 mani-

32 3520 46 3588 ι’
70 3539 87 3565 ³.
120 3532 155 3568 ξ’
175 3541 194 3582 ³3
232 3528 366 3590 uideam
401 3543 448 3581 te,
482 3539 521 3574 nt
537 3540 602 3577 sim
634 3542 811 3581 inveniens
845 3548 998 3592 qratiam
1018 3550 1098 3586 ante

32 3622 43 3648 ς
149 3582 380 3653 {ignauia
406 3596 555 3652 populns
577 3607 659 3640 tuus
677 3611 728 3641 est
745 3617 829 3652 qens
851 3600 956 3660 acra]
992 3609 1095 3655 Quod

38 3650 63 3670 '⁹
158 3658 186 3673 '⁸‘
198 3646 306 3712 ''zu-:312v
336 3678 342 3688 .
363 3682 365 3685 -
389 3652 559 3720 ,⁹5qu
572 3659 718 3710 quidam
734 3659 853 3704 Latini
865 3669 1094 3718 interpretati

40 3714 146 3793 ῥ’ρὲξῖ
179 3770 182 3771 .
203 3725 205 3728 '
375 3731 436 3749 ¹¹¹¹
453 3723 561 3785 μὲςρ·
581 3736 747 3766 011011
776 3724 911 3788 digerit
927 3739 1089 3792 φανερῷς.

35 3763 65 3790 >¹
110 3782 112 3786 ·
297 3788 298 3792 ¹
508 3793 551 3827 .·..
588 3768 1091 3839 *fausanense

44 3939 121 4016 {a

32 2996 114 3023 mon
130 2988 264 3024 indicas
278 2990 487 3037 ntilti,quem
507 2994 678 3030 missurus
698 3007 733 3030 es
752 3008 897 3042 mecum,
911 3003 1105 3045 proesertim
1123 2997 1158 3035 D
1175 3005 1259 3040 mihi

1182 2153 1252 2190 Sed
1274 2151 1481 2203 diligentius
1511 2165 1768 2209 requirendum
1790 2175 1846 2205 est
1877 2171 1913 2207 in
1939 2175 2123 2219 prioribus
2142 2178 2247 2218 Seri.-

1179 2216 1295 2259 *plu‘rae
1308 2218 1472 2264 partibus
1491 2233 1536 2258 an
1556 2235 1638 2261 vere
1658 2227 1706 2263 ita
1728 2229 1788 2265 sit.

1577 2299 1730 2339 CAPUT
1754 2303 1847 2341 XIX.

1177 2350 1229 2386 De
1245 2363 1284 2388 eo
1303 2355 1397 2400 quod
1416 2355 1555 2404 Moyses
1580 2361 1694 2397 vultus
1712 2364 1778 2400 Dei
1799 2370 2125 2416 contemplationem
2141 2387 2247 2423 appo-

1368 2403 1457 2446 civit,
1479 2414 1510 2439 et
1531 2405 1675 2443 Domini
1697 2422 1816 2447 coram
1834 2425 1873 2448 eo
1889 2419 2054 2454 transitu.
2114 2453 2118 2457 .

1227 2458 1390 2506 Dimitque
1409 2462 1580 2501 Dominus
1594 2477 1605 2501 .·
1627 2468 1752 2506 Facies
1770 2483 1846 2507 mea
1864 2477 2033 2512 vra‘cedet
2051 2485 2096 2522 te,
2131 2486 2164 2516 et
2185 2493 2240 2519 re-

1176 2519 1290 2564 quiem
1307 2522 1396 2557 (labo
1417 2524 1490 2560 tibi.
1513 2527 1560 2562 Et
1577 2529 1626 2563 ait
1655 2529 1793 2576 Moyses
1811 2544 1823 2568 :
1844 2534 1883 2570 Si
1902 2547 1970 2572 non
1988 2545 2025 2573 tu
2050 2541 2122 2584 ipse
2151 2555 2244 2589 prce-

1176 2579 1283 2622 cedis,
1304 2593 1373 2617 non
1393 2583 1520 2620 educas
1543 2598 1604 2622 nos
1632 2588 1674 2624 de
1693 2589 1768 2626 loco
1786 2593 1865 2630 isto.
1885 2587 1930 2631 In
1948 2608 2015 2643 quo
2044 2602 2134 2636 enim
2153 2605 2243 2640 scire

1174 2642 1365 2685 poterimus
1384 2654 1444 2689 eyo
1472 2653 1503 2680 et
1523 2648 1672 2694 populus
1692 2657 1772 2687 tuus
1786 2680 1794 2694 ,
1826 2655 1995 2694 invenisse
2012 2671 2074 2696 nos
2090 2666 2241 2708 qratiam

1174 2699 1210 2734 in
1237 2710 1419 2748 conspectu
1438 2710 1512 2750 tuo,
1534 2709 1602 2743 nisi
1629 2712 1861 2751 ambulaveris
1879 2718 2008 2754 nobisc:
2024 2733 2073 2764 m,
2097 2731 2134 2759 ut
2165 2728 2242 2772 ylo-

1175 2761 1352 2806 rificemur
1368 2764 1410 2800 ab
1430 2769 1589 2804 omnibus
1621 2772 1759 2817 populis
1789 2778 1849 2822 qui
1867 2777 2025 2817 habitant
2046 2794 2150 2830 super
2168 2793 2238 2822 ter-

1174 2833 1248 2857 ram
1267 2824 1282 2858 ?
1304 2824 1399 2860 Dixit
1418 2834 1534 2863 autem
1559 2829 1731 2869 Dominus
1751 2835 1797 2870 ad
1826 2836 1998 2884 Moysen:
2023 2841 2070 2878 Et
2097 2847 2238 2883 verbum

1172 2883 1265 2918 istud
1285 2887 1378 2931 quod
1397 2886 1534 2925 locutus
1562 2903 1597 2926 es
1618 2892 1761 2938 faciam.
1785 2896 1954 2935 Invenisti
1975 2903 2065 2938 enim
2084 2908 2237 2951 qratiam

1171 2955 1289 2980 coram
1306 2959 1370 2989 me,
1394 2957 1423 2984 et
1439 2953 1586 2997 teipsum
1605 2956 1681 2991 novi
1696 2968 1739 2992 ex
1754 2961 1904 3004 nomine,
1923 2964 1983 3010 qui
1996 2966 2043 3000 ait
2057 2976 2069 3000 .·
2085 2967 2237 3008 Ostende

1287 3007 1435 3053 yloriam
1467 3017 1576 3056 tuam,
1600 3018 1774 3062 respondit
1793 3029 1805 3052 :
1832 3021 1908 3068 Eyo
1928 3026 2107 3063 ostendam
2135 3042 2236 3069 omne

1172 3064 1299 3101 bonum
1319 3070 1394 3113 tibi,
1417 3077 1448 3105 et
1466 3074 1592 3109 vocabo
1611 3076 1647 3111 in
1667 3080 1806 3115 nomine
1819 3080 1961 3119 Domini
1981 3096 2158 3127 coronate.
2187 3092 2235 3128 Et

1170 3126 1359 3163 miserebor
1377 3131 1434 3165 cui
1454 3132 1607 3177 voluero,
1629 3141 1661 3171 et
1685 3137 1834 3176 clemens
1853 3153 1926 3186 ero,
1959 3145 1994 3180 in
2021 3152 2121 3193 quein
2146 3150 2232 3186 miln·

1169 3186 1351 3233 placuerit,
1381 3203 1588 3242 rursumque
1604 3199 1682 3233 ait:
1709 3199 1792 3237 Non
1810 3206 1938 3248 poteris
1966 3208 2081 3244 videre
2102 3210 2229 3255 faciem

1168 3247 1295 3285 meam.
1319 3250 1402 3288 Non
1416 3255 1506 3290 enim
1520 3257 1647 3293 videbit
1666 3270 1719 3294 me
1731 3260 1834 3296 homo
1851 3269 1883 3298 et
1906 3266 2002 3301 vivet.
2021 3267 2067 3302 Et
2086 3262 2227 3316 iterum,

1167 3304 1271 3352 Ecce,
1293 3312 1420 3358 inquit,
1441 3322 1490 3350 est
1518 3316 1614 3353 locus
1633 3320 1727 3365 apud
1754 3323 1807 3356 me
1828 3333 1932 3368 super
1947 3331 2094 3369 petram.
2121 3327 2228 3367 Gum-

1163 3382 1230 3417 que
1248 3375 1408 3410 transibit
1428 3376 1540 3422 ylario
1555 3390 1646 3423 mea,
1666 3391 1792 3426 ponam
1809 3387 1842 3417 te
1861 3384 1897 3418 in
1917 3383 2090 3429 [oramine
2101 3398 2222 3438 peme,

1164 3438 1196 3467 et
1213 3441 1393 3481 proteyam
1409 3443 1442 3472 te
1459 3438 1601 3475 dextera
1623 3452 1713 3484 mea,
1743 3431 1852 3478 donec
1872 3444 2062 3494 transeam,
2085 3447 2225 3490 tollam-

1164 3501 1230 3536 que
1243 3503 1387 3528 manum
1405 3504 1532 3539 meam,
1562 3499 1594 3532 et
1628 3497 1756 3534 videbis
1772 3498 1967 3546 posteriora
1986 3518 2076 3554 mea,
2094 3509 2222 3558 faeiem

1166 3550 1282 3586 autern
1314 3550 1424 3590 i'neam
1463 3555 1578 3592 videre
1611 3568 1682 3593 non
1717 3552 1848 3606 poteris
1881 3552 2020 3614 (Ε’ποά.
2062 3560 2220 3625 xxxin}-

1165 3603 1203 3646 Si
1221 3611 1341 3648 autem
1360 3610 1455 3651 Deus
1471 3620 1561 3660 erat,
1583 3624 1665 3654 cum
1685 3629 1757 3666 quo
1773 3609 1868 3661 faeie
1881 3620 1926 3663 ad
1947 3623 2080 3668 faciem
2097 3623 2132 3670 lo
2159 3645 2223 3673 ue-

1161 3665 1282 3718 b³²¹¹r2
1306 3682 1373 3710 ‘³⁰¹'
1387 3685 1428 3712 ⁸0
1445 3675 1591 3723 petebat
1609 3670 1736 3719 videre·
1748 3692 1856 3731 quem
1874 3679 2047 3728 ridebat?
2061 3644 2220 3736 Sedffi„

1161 3727 1290 3774 melius
1304 3729 1481 3782 petitione
1495 3729 1690 3789 colligitur,
1714 3731 1811 3792 quod
1825 3756 1908 3802 eum
1923 3740 2062 3812 sciebat
2068 3765 2158 3826 „1⁸⁶5
2162 3746 2219 3818 p}-

1260 3784 1267 3793 1
1398 3783 1401 3793 l

1161 3789 1444 3845 circumscriptae
1461 3795 1602 3839 natura}
1612 3794 1688 3842 siiae
1703 3797 1907 3850 claritatem
1917 3813 2088 3867 <cornera
2108 3826 2217 3867 quem
2247 3826 2250 3828 ’

2197 213 2293 310 ²³⁰³

1522 279 1663 325 ostende
1681 275 1768 328 mibi
1783 289 2001 343 temetipsum
2016 295 2136 349 scient,
2162 314 2202 344 nt
2221 302 2272 346 vt:
2291 287 2297 300 Ἰ

2285 312 2288 319 ι
