2540 4016
275 212 363 257 loil

276 354 479 396 confltetur,
499 352 544 388 de
562 350 803 398 praesentibus
837 359 924 386 vero
941 347 1111 391 credidit,
1138 346 1333 392 prophetat

276 421 395 454 autem
411 419 450 450 et
465 413 685 460 praenuntiat
702 410 905 447 defuturis.
930 409 992 446 Sic
1008 418 1096 455 ergo
1116 408 1231 452 Raab,
1251 418 1331 454 quae

275 477 425 516 latitudo
440 476 710 522 interpretatur,
733 472 905 509 dilatatur
921 478 957 508 et
986 471 1143 518 proiicit,
1164 469 1331 516 usquein

276 548 419 577 omnem
437 542 573 582 terram
591 539 698 571 exeat
714 544 824 570 sonus
842 533 934 579 ejus.
952 531 1068 569 Sedet
1083 531 1212 578 Japhet
1223 530 1332 567 simili

274 599 383 637 modo
403 597 565 634 dilatatio
601 596 874 640 interpretatur.
916 593 987 629 Sed
1017 593 1204 629 videamus
1243 591 1332 637 quid

275 662 347 709 egit
365 670 447 697 cum
465 657 756 705 exploratoribus
775 657 845 692 ista
866 656 1010 702 sapiens
1027 655 1214 691 meretrix.
1237 652 1333 689 Con-

276 723 395 760 silium
409 722 461 758 eis
480 721 542 756 dat
557 719 749 766 mysticum
763 723 800 754 et
818 717 978 760 coeleste,
996 717 1087 753 nihil
1107 717 1244 752 habens
1261 721 1334 750 ter-

275 794 416 820 renum.
452 795 463 815 a
502 781 571 817 Per
601 785 784 822 montana,
810 792 822 813 ι
855 779 986 824 inquit,
1010 791 1021 812 ‹
1046 778 1155 813 abite.
1182 789 1194 810 ι
1215 775 1333 811 Nolite

274 855 340 891 per
357 845 467 881 valles
485 844 664 888 incedere,
682 843 831 879 humilia
849 848 884 878 et
901 840 1039 886 dejecta
1055 841 1208 886 refugite
1225 852 1232 874 :
1252 850 1332 885 quae

275 906 415 941 excelsa
434 910 516 941 sunt
535 910 570 940 et
583 903 749 940 sublimia
767 903 975 949 praedicate.
1001 902 1079 949 Ipsa
1095 907 1214 937 autem
1229 911 1333 936 acee-

274 968 326 1013 pit
347 967 487 1013 signum
506 966 732 1007 coccineum,
751 965 847 1011 quod
883 964 1070 1012 sanguinis
1098 963 1251 1000 formam
1272 974 1333 1009 ge-

275 1028 378 1062 rebat
409 1026 553 1062 Sciebat
574 1026 672 1062 enim
692 1026 774 1073 quia
789 1026 825 1061 in
840 1026 948 1061 nullis
969 1029 1065 1060 esset
1080 1024 1189 1067 salus,
1207 1024 1275 1059 nisi
1294 1023 1332 1058 in

274 1088 451 1134 sanguine
470 1087 617 1123 Christi.
638 1087 751 1122 Datur
769 1086 879 1122 etiam
916 1087 985 1121 boc
1016 1085 1226 1120 mandatum
1247 1083 1332 1119 huie

273 1159 354 1194 qua:
373 1148 555 1194 quondam
587 1147 705 1183 suerat
734 1146 939 1182 meretrix:
970 1145 1118 1188 Omnes,
1149 1146 1327 1191 inquiunt,

271 1209 332 1255 qui
354 1209 389 1244 in
410 1208 516 1244 domo
542 1213 602 1243 tua
632 1207 766 1243 fuerint
796 1207 943 1248 inventi,
977 1196 1231 1248 salvabuntum
1267 1205 1328 1251 qui

270 1275 390 1305 autem
410 1269 539 1305 exierit
554 1269 597 1303 de
615 1268 721 1302 domo
741 1274 816 1310 tna,
850 1267 1015 1311 impunes
1052 1276 1176 1301 sumus
1196 1276 1262 1301 nos
1282 1266 1327 1301 ab

270 1329 338 1364 hoc
351 1329 556 1374 juramento
576 1332 650 1362 tuo.
676 1326 714 1362 Si
735 1327 816 1371 quis
835 1336 921 1372 ergo
949 1326 1079 1361 salvari
1101 1326 1190 1368 vult,
1208 1326 1330 1361 veniat

271 1389 306 1424 in
332 1389 428 1427 hane
441 1387 588 1422 domum
606 1385 726 1430 hujus,
747 1396 825 1430 quae
844 1386 1024 1430 quondam
1042 1384 1216 1420 meretrix
1246 1385 1327 1420 fuit.

269 1448 388 1484 Etiam
406 1448 436 1483 si
456 1448 500 1483 de
522 1447 582 1483 illo
602 1446 732 1492 populo
752 1446 828 1481 vult
851 1445 981 1491 aliquis
1002 1445 1146 1487 salvari,
1171 1445 1215 1479 ad
1235 1445 1329 1480 banc

267 1510 390 1546 veniat
408 1509 569 1551 domum,
586 1508 622 1543 in
655 1518 725 1553 qna
745 1506 879 1543 Christi
907 1506 1053 1553 sanguis
1074 1506 1110 1541 in
1138 1506 1240 1551 signo
1272 1515 1329 1541 re-

268 1571 486 1616 demptionis
521 1575 588 1606 est.
623 1568 713 1605 Nam
752 1579 860 1614 super
904 1569 982 1604 illos
1024 1569 1083 1615 qui
1121 1569 1290 1605 dixerunt
1315 1580 1324 1605 ε

272 1646 284 1668 ‹
320 1632 475 1679 Sanguis
509 1630 586 1677 ejus
623 1642 730 1677 super
769 1642 834 1668 nos
865 1637 901 1668 et
922 1641 1029 1677 super
1061 1632 1153 1668 filios
1184 1637 1328 1669 nostros

270 1694 413 1740 (Manu.
435 1693 564 1740 xxvii),
592 1707 604 1727 ι
629 1692 765 1730 Christi
786 1694 933 1740 sanguis
966 1694 1001 1730 in
1024 1693 1327 1730 condemnatione

268 1761 326 1793 est
347 1766 356 1791 :
374 1757 513 1802 positus
531 1755 628 1791 enim
662 1754 780 1791 fuerat
813 1755 917 1792 Jesus
936 1755 972 1791 in
994 1755 1135 1791 ruinam
1157 1755 1247 1792 etin
1265 1764 1324 1790 re-

270 1817 532 1854 surrectionem
552 1816 768 1859 multorum;
805 1821 842 1852 et
877 1816 958 1852 ideo
992 1815 1326 1852 contradicentibus

270 1878 370 1924 siguo
386 1877 461 1923 ejus
477 1877 630 1913 efficitur
645 1877 788 1923 sanguis
803 1876 883 1922 ejus
902 1877 947 1914 ad
964 1886 1122 1924 poenam,
1142 1877 1324 1914 credenti-

269 1939 335 1974 bus
355 1948 440 1974 vero
471 1938 516 1974 ad
535 1938 699 1975 salutem.
734 1937 846 1975 Nemo
874 1947 961 1984 ergo
997 1938 1065 1975 sibi
1090 1939 1321 1983 persuadeat,

269 2010 376 2035 nemo
395 2000 628 2044 semetipsum
649 2000 818 2046 decipiat.
839 2000 954 2036 Extra
975 2001 1068 2036 hanc
1107 2001 1264 2043 domum,
1287 2000 1324 2036 id

269 2068 325 2098 est
344 2067 445 2098 extra
464 2062 676 2104 Ecclesiam,
698 2072 804 2098 nemo
821 2062 1032 2098 salvabitur.
1066 2061 1104 2098 Si
1124 2063 1204 2108 quis
1224 2062 1322 2098 foras

269 2121 413 2163 exierit,
433 2121 561 2157 mortis
580 2132 653 2158 suae
672 2122 747 2166 ipse
764 2133 848 2158 reus
867 2123 924 2164 sit,
945 2123 1014 2158 hoc
1027 2129 1082 2158 est
1098 2133 1164 2168 per
1179 2124 1322 2169 sangui·
1341 2099 1369 2139 C
1390 2117 1444 2162 pit
1470 2116 1588 2161 «lesus,
1629 2120 1665 2152 θῑ
1688 2115 1765 2161 ipse
1799 2114 1866 2150 tihi
1907 2112 2060 2149 efficitur
2083 2111 2166 2148 novi
2189 2110 2330 2147 itineris
2357 2110 2443 2145 (¹¹¹1-

269 2183 326 2219 nis
342 2183 497 2228 signum,
514 2183 599 2228 qnia
616 2183 693 2219 haec
711 2188 766 2219 est
781 2183 982 2229 purificatio
999 2194 1078 2229 quae
1097 2194 1162 2229 per
1179 2184 1324 2230 sangui-

270 2254 351 2279 nein
370 2248 524 2279 constat.
542 2243 644 2286 Quod
660 2250 780 2279 antem
811 2244 848 2279 in
882 2243 1040 2279 fenestra
1060 2244 1237 2289 dependet
1256 2245 1324 2279 hoe

268 2304 424 2349 signum,
442 2302 598 2339 arbitror
617 2303 703 2338 illud
719 2303 870 2339 indicari
889 2304 972 2349 quia
990 2303 1147 2339 fenestra
1172 2310 1229 2339 est
1245 2313 1325 2348 quae

269 2365 446 2401 illuminat
464 2365 609 2401 domum
623 2370 659 2400 et
680 2374 745 2410 per
769 2374 876 2409 quam
905 2365 1127 2400 illuminatur
1159 2371 1324 2409 aspectus

269 2432 403 2470 noster,
440 2426 502 2463 sed
531 2431 670 2463 tantum
701 2431 875 2471 quantum
903 2427 1018 2462 oculis
1044 2432 1080 2462 et
1099 2427 1178 2462 usui
1199 2432 1324 2462 nostro

269 2488 420 2525 sufficiat
438 2487 585 2524 luminis
604 2487 801 2534 capiamus.
814 2486 903 2530 Quia
924 2498 1011 2532 ergo
1028 2488 1230 2524 incarnatio
1247 2488 1326 2523 Sal-

268 2551 403 2586 vatoris
419 2560 487 2586 non
502 2549 604 2586 nobis
622 2560 747 2585 verum
766 2549 898 2596 ingerit
927 2555 962 2585 ct
983 2550 1163 2595 integrum
1182 2550 1325 2587 deitatis

268 2617 466 2658 aspectum,
486 2612 548 2648 sed
568 2616 738 2657 tanquam
756 2620 820 2656 per
839 2610 1034 2646 fenestram
1070 2611 1154 2647 fecit
1178 2622 1244 2647 nos
1260 2622 1326 2657 per

268 2674 552 2710 incarnationem
578 2683 679 2709 snam
701 2673 822 2708 lumen
838 2673 983 2709 deitatis
1002 2674 1163 2720 aspicere
1184 2686 1191 2708 :
1213 2674 1324 2709 idcir-

269 2735 414 2771 comihi
434 2735 577 2772 videtur
603 2735 746 2781 signum
776 2735 901 2772 salutis
935 2746 1001 2782 per
1034 2735 1228 2771 fenestram
1259 2736 1325 2771 da-

268 2802 360 2839 tum,
385 2806 456 2841 quo
479 2795 580 2842 signo
600 2795 751 2831 salntem
779 2803 1049 2842 consequantur
1065 2807 1191 2832 omnes
1205 2797 1266 2842 qui
1287 2796 1323 2831 in

269 2858 376 2893 domo
412 2855 503 2902 ejus,
533 2866 613 2902 qnae
650 2856 843 2902 aliqnando
867 2864 945 2893 erat
981 2858 1166 2901 meretri-x,
1189 2857 1324 2893 fuerint

268 2920 417 2962 inventi,
438 2920 477 2955 in
494 2930 586 2965 aqua
605 2924 641 2955 et
657 2918 792 2964 Spiritu
814 2924 954 2962 sancto,
994 2919 1029 2954 in
1061 2919 1233 2965 sanguine
1252 2918 1323 2954 Do-

270 2981 360 3018 mini
380 2986 416 3016 et
431 2980 628 3017 Salvatoris
646 2980 759 3016 nostri
774 2979 859 3015 Jesu
874 2980 1021 3017 Christi.
1342 3006 1374 3045 D

670 3066 820 3104 CAPUT
857 3066 916 3102 IV.

270 3144 323 3181 De
338 3143 488 3181 transitu
516 3142 671 3188 filiorum
701 3140 814 3177 Israel
843 3151 904 3187 per
922 3140 1092 3176 Jordanis
1113 3141 1261 3185 alveum,
1289 3148 1322 3179 et

404 3189 503 3236 aquis
522 3189 642 3226 divisis
660 3188 705 3224 ad
719 3187 899 3223 introitum
921 3198 1012 3222 arca:
1033 3187 1191 3223 Domini.

319 3280 420 3329 (Car.
441 3278 513 3327 ιιι.)
537 3291 549 3312 ι
569 3277 681 3325 Igitur
698 3276 806 3312 Josue
834 3277 879 3312 de
893 3280 999 3311 nocte
1009 3283 1228 3320 consurgens
1245 3283 1323 3310 mo-

275 3355 288 3377 «
311 3342 364 3378 vit
379 3346 498 3379 castra
517 3338 841 3387 :egredientesque
861 3337 906 3374 de
931 3335 1071 3372 Setbim
1086 3338 1264 3370 venerunt
1277 3334 1323 3370 ad

277 3416 290 3438 c
314 3402 520 3444 Jordanem,
535 3401 615 3446 ipse
630 3405 670 3436 et
683 3409 810 3435 omnes
824 3398 888 3436 filii
901 3396 1024 3439 lsrael,
1043 3400 1079 3431 et
1098 3394 1226 3432 morati
1241 3399 1326 3430 sunt

277 3476 290 3498 ‹
310 3462 361 3498 ibi
378 3472 442 3508 per
474 3465 551 3496 tres
584 3460 674 3496 dies.
708 3473 721 3495 ι
759 3458 885 3496 Omnis
922 3466 1008 3502 ergo
1037 3456 1138 3493 locus
1174 3453 1324 3500 suscipit

271 3522 424 3570 justum,
446 3526 482 3557 et
498 3521 616 3557 omnis
632 3526 798 3560 creatura
816 3517 963 3556 exhibet
978 3517 1012 3555 ei
1033 3516 1192 3555 debitum
1210 3514 1326 3554 famu-

274 3583 404 3620 latum.
417 3580 670 3618 Peccatoribus
687 3579 832 3627 quidem
867 3578 985 3615 omnis
1014 3582 1179 3616 creatura
1209 3574 1327 3614 hestia

277 3650 334 3681 est
349 3650 469 3681 :terra
484 3652 548 3679 eos
566 3641 813 3688 impugnabat,
829 3649 892 3675 aer
902 3639 978 3685 ipse
991 3637 1238 3684 impugnabat,
1253 3644 1330 3675 cmv·

277 3703 353 3739 lum
369 3714 433 3741 eos
446 3702 691 3749 impugnabat.
706 3699 820 3738 Justis
831 3709 934 3743 vero,
947 3698 1056 3736 etiam
1074 3706 1154 3744 quae
1166 3697 1331 3735 inacoeffi'

280 3762 400 3799 sibilia
415 3764 596 3808 videntur,
613 3762 721 3810 plana
734 3761 938 3798 efficiuntur
965 3764 1003 3796 et
1018 3757 1205 3806 proclivia.
1225 3755 1342 3797 Nare.

281 3820 569 3870 nummarium·
577 3827 749 3869 tanquam
757 3815 1329 3875 peraridamtnuniudimtiu

698 210 738 247 B.
767 208 936 254 RABANJ
962 207 1109 249 mum
1134 205 1348 244 ARCHIEP.
1374 203 1581 254 uocum.
1609 205 1798 251 OPERUM
1823 206 1943 247 PARS
1966 208 1996 246 1.

276 295 410 343 Spiritu
425 294 552 328 sancto
570 290 708 336 repieta
726 295 802 334 est;
830 294 867 325 et
897 289 942 324 de
970 273 1166 334 praeteritis
1182 284 1329 330 quidem
1346 281 1383 325 A
1397 291 1497 326 vero,
1519 282 1549 319 si
1566 283 1789 334 pertransire
1816 284 1982 328 voluerit,
2014 282 2271 330 submergitur,
2301 294 2367 323 nec
2387 284 2468 340 tier,v

1348 1189 1380 1229 Β
1398 1202 1539 1244 bulcus,
1557 1201 1714 1237 coelestis
1734 1200 1835 1245 regni
1854 1199 2030 1235 merearis
2050 1199 2251 1234 introitum.

2353 207 2459 259 10⁸3

1401 343 1435 380 ei
1451 353 1576 381 murus
1590 345 1716 382 dextra
1735 345 1908 391 laevaque.
1924 344 1969 380 Et
1986 354 2032 380 ne
2045 343 2137 380 sorte
2150 343 2347 384 offendaris
2361 348 2456 394 quod

1400 405 1479 443 haec
1494 416 1574 453 quae
1587 407 1624 443 in
1637 407 1820 454 prioribus
1836 411 1938 453 gesta
1955 411 2054 451 sunt,
2074 406 2110 442 in
2128 411 2164 444 te
2179 417 2266 444 vero
2281 409 2340 455 qui
2355 419 2456 449 nunc

1401 467 1543 504 auditor
1580 468 1709 503 horum
1734 476 1788 509 es,
1804 466 1893 504 nihil
1914 466 1987 503 tate
2019 471 2179 513 geratur,
2212 467 2336 505 omnia
2355 478 2457 506 com-

1399 526 1543 573 plentur
1561 527 1597 562 in
1617 532 1651 562 te
1669 526 1867 563 secundum
1883 526 2077 572 mysticam
2099 527 2290 565 rationem.
2309 529 2453 567 Etenim

1401 593 1453 631 tu,
1476 589 1551 634 qui,
1572 597 1686 633 nuper
1709 586 1919 623 idololatriae
1939 587 2098 623 tenebris
2135 587 2330 632 derelictis,
2349 590 2454 636 cupis

1401 650 1444 685 ad
1466 649 1683 684 audientiam
1703 648 1831 684 divinae
1863 649 1952 695 legis
1970 650 2158 695 accedere,
2177 662 2274 688 nunc
2294 652 2454 699 primum

1400 709 1598 756 AEgyptum
1616 709 1846 754 derelinquis,
1867 720 1949 746 cnm
1968 711 2308 751 catechumenorum
2324 723 2453 760 aggre-
2473 715 2478 723 “

1400 778 1504 819 gatus
1523 781 1563 807 es
1577 781 1742 814 numero,
1761 776 1797 807 ct
1831 772 2019 818 praeceptis
2049 773 2304 810 ecclesiasticis
2321 783 2453 822 parere

1400 834 1554 880 coepisti.
1588 833 1690 869 Unde
1722 834 1800 876 tibi,
1821 834 2018 869 secundum
2036 843 2174 869 morem
2195 833 2451 879 israelitarum,

1401 901 1483 932 ante
1503 895 1704 940 ingressum
1735 893 1904 930 Jordanis
1923 894 2043 930 triduo
2077 894 2291 930 morandum
2319 898 2390 938 est,
2414 899 2454 931 ut
2504 932 2518 941 ,ι

1401 957 1517 994 discas
1530 961 1662 992 sanctae
1683 955 1870 991 Trinitatis
1901 955 2024 999 tidem,
2055 955 2211 1002 qualiter
2242 955 2278 990 in
2308 955 2454 991 nomine
2502 944 2513 982 .'

1399 1018 1530 1060 Patris,
1550 1023 1586 1054 et
1602 1018 1699 1061 Filii,
1718 1023 1754 1053 et
1775 1016 1928 1063 Spiritus
1947 1017 2062 1052 sancti
2086 1017 2305 1062 baptizatus,
2326 1017 2454 1052 remis-

1400 1079 1538 1114 sionem
1556 1078 1734 1125 percipias
1750 1077 1910 1112 omnium
1927 1082 2158 1122 peccatorum
2180 1089 2188 1111 ;
2210 1082 2256 1112 οι»
2273 1077 2451 1122 quomodo
2526 1075 2540 1131 ξ

1400 1139 1464 1175 tibi
1483 1138 1649 1184 deinceps
1670 1137 1860 1174 vivendum
1877 1142 1945 1179 est,
1967 1142 2005 1172 ut
2040 1137 2075 1172 in
2102 1138 2260 1174 novitate
2273 1138 2356 1174 vitae
2376 1147 2451 1174 am-

1446 1261 1563 1309 (lmo.)
1585 1274 1595 1294 a
1616 1261 1752 1304 Quibus
1770 1259 1924 1295 evolutis
1942 1259 2163 1294 transierunt
2186 1267 2371 1304 praecones
2386 1268 2451 1305 per

1399 1335 1412 1357 ‹
1432 1323 1589 1358 medium
1608 1327 1825 1363 castrorum,
1842 1326 1878 1356 et
1891 1320 2048 1356 clamare
2065 1324 2254 1365 coeperunt
2273 1332 2281 1356 ε
2298 1320 2450 1365 Quando

1399 1396 1411 1417 «
1434 1382 1597 1418 videritis
1616 1392 1736 1417 arcam
1757 1381 1903 1417 foederis
1921 1381 2061 1417 Domini
2080 1380 2142 1417 Dei
2162 1381 2286 1424 vestri,
2324 1387 2359 1418 et
2393 1392 2451 1417 sa-

1399 1456 1410 1477 «
1436 1443 1601 1479 cerdotes
1616 1442 1739 1487 stirpis
1757 1441 1926 1478 Leviticae
1954 1446 2139 1487 portantes
2165 1451 2261 1484 eam,
2279 1451 2344 1479 vos
2360 1451 2451 1487 quo-

1399 1517 1410 1538 «
1434 1515 1503 1550 que
1539 1503 1760 1550 consurgite,
1783 1508 1819 1540 et
1837 1503 2035 1549 'sequimini
2070 1503 2328 1550 praecedentes,
2349 1515 2361 1537 i
2383 1503 2449 1540 Di·

1395 1577 1539 1613 gressus
1556 1577 1657 1603 mare
1678 1566 1856 1609 Rubrum,
1876 1571 1912 1601 et
1928 1566 1964 1602 in
1982 1565 2134 1602 desertis
2155 1564 2369 1601 stationibus
2385 1574 2450 1609 po·-

1395 1629 1500 1670 sitns,
1522 1628 1565 1663 ad
1586 1627 1800 1664 audiendam
1822 1626 1935 1673 legem
1953 1625 2030 1668 Dei,
2051 1631 2087 1660 et
2108 1626 2318 1662 intuendum
2335 1624 2448 1670 Moysi

1393 1690 1530 1725 vultum
1548 1699 1613 1734 per
1629 1689 1779 1735 gloriam
1799 1688 1863 1724 Dei
1901 1688 2110 1729 revelatum,
2146 1687 2306 1733 quotidie
2323 1696 2446 1723 vacas.

1395 1750 1435 1786 Si
1452 1760 1539 1786 vero
1555 1751 1664 1786 etiam
1685 1751 1728 1786 ad
1743 1748 1910 1796 baptismi
1927 1749 2120 1795 mysticum
2136 1747 2277 1784 veneris
2293 1746 2444 1788 fontem,

1393 1817 1428 1848 et
1439 1812 1661 1848 consistente
1675 1811 1889 1848 sacerdotali
1904 1815 1940 1846 et
1953 1809 2112 1845 Levitico
2131 1807 2268 1850 ordine,
2283 1806 2446 1845 initiatus

1393 1874 1505 1910 fueris
1524 1879 1561 1910 et
1576 1872 1792 1910 venerandis
1809 1873 1880 1909 illis
1908 1871 2180 1919 magnificisque
2208 1868 2446 1908 sacramentis

1394 1934 1542 1982 (norunt
1561 1936 1611 1971 ill'i
1640 1946 1729 1981 quos
1753 1945 1859 1972 nosse
1878 1934 1933 1971 fas
1968 1934 2049 1981 est),
2073 1938 2156 1970 tunc
2175 1943 2257 1969 cum
2278 1932 2447 1968 sacerdo-

1392 2002 1468 2033 tum
1496 1997 1720 2039 ministeriis,
1757 1995 1912 2031 Jordane
1943 1995 2118 2040 digresso,
2155 1998 2287 2028 terram
2323 2000 2446 2036 repro·
2507 1990 2512 2023 .’

1394 2057 1577 2093 missionis
1596 2057 1748 2092 intrabis
1771 2068 1778 2091 :
1805 2056 1842 2093 in
1875 2065 1946 2101 qua
1979 2059 2014 2090 te
2045 2059 2126 2099 post
2161 2053 2305 2099 Moysen
2332 2051 2446 2087 susci-

2525 1334 2540 1489 ..nm-'mtn-tn
2528 1292 2540 1317 Λι
2527 1223 2540 1278 ιἠιι
2534 1189 2540 1202 ..
2532 1170 2540 1179 n
2533 1137 2540 1153 ..

1393 2175 1563 2221 Sequitur
1581 2188 1588 2210 :

1439 2235 1556 2281 (lain.)
1577 2248 1588 2268 ι
1614 2234 1742 2280 Sitque
1775 2234 1869 2270 inter
1885 2243 1951 2270 vos
1973 2239 2008 2270 et
2027 2242 2150 2269 arcam
2170 2231 2324 2278 spatium
2344 2231 2445 2269 cubi-

1396 2310 1407 2331 «
1433 2303 1552 2334 torum
1567 2297 1717 2332 duorum
1740 2295 1906 2337 millium,
1926 2299 1968 2333 ut
1996 2293 2122 2340 procul
2142 2293 2265 2330 videre
2282 2292 2442 2339 possitis,

1396 2370 1406 2390 ι
1432 2363 1467 2393 et
1486 2367 1592 2393 nosse
1610 2366 1675 2402 per
1697 2366 1804 2402 quam
1834 2356 1929 2392 viam
1948 2354 2222 2401 ingrediamini;
2243 2355 2326 2399 quia
2345 2353 2445 2399 prins

1397 2430 1407 2451 t
1431 2428 1500 2454 non
1519 2417 1732 2453 ambulastis
1745 2425 1810 2462 per
1828 2426 1909 2453 eam
1929 2425 1939 2452 t
1965 2421 2001 2450 et
2035 2420 2159 2452 cavete
2180 2424 2225 2450 ne
2248 2423 2442 2459 appropin-

1397 2491 1408 2512 α
1430 2478 1548 2523 quetis
1563 2478 1607 2514 ad
1619 2487 1741 2513 arcam
1757 2490 1785 2519 ι,
1798 2481 1834 2513 et
1846 2481 1992 2513 caetera.
2004 2475 2075 2522 (Ex
2087 2473 2311 2520 Auqustino.)
2322 2473 2444 2517 Longe

1388 2541 1529 2588 J'nssnm
1559 2545 1614 2576 est
1645 2549 1767 2576 aream
1799 2538 2020 2584 praecedere,
2055 2543 2095 2574 nt
2125 2540 2247 2582 posset
2265 2545 2285 2570 a
2312 2534 2443 2580 populo

1392 2602 1518 2637 videri.
1535 2601 1623 2638 Tam
1640 2601 1774 2648 grande
1785 2601 1916 2646 quippe
1935 2598 2118 2646 agmen,si
2131 2603 2213 2644 post
2226 2607 2305 2633 eam
2322 2587 2446 2642 proxi*-

1393 2674 1490 2699 mum
1508 2667 1685 2710 pergeret,
1707 2671 1777 2699 non
1796 2671 1877 2697 eam
1895 2660 2034 2696 videret
2064 2659 2206 2705 praeire,
2227 2668 2294 2694 nec
2322 2662 2445 2695 nosset

1393 2735 1462 2770 qna
1482 2730 1704 2771 sequeretur.
1725 2723 1779 2760 Ex
1796 2723 1864 2759 hoc
1878 2721 1974 2758 facto
1989 2721 2258 2767 intelligendum
2277 2719 2444 2764 estquod

1394 2786 1559 2821 columna
1594 2785 1652 2819 illa
1681 2783 1801 2826 nubis,
1821 2792 1900 2827 quae
1934 2782 2072 2818 solebat
2109 2779 2294 2816 movendis
2313 2778 2445 2821 castris

1394 2847 1536 2892 signnm
1556 2847 1642 2881 dare
1666 2851 1702 2880 ct
1719 2845 1788 2880 iter
1804 2844 2007 2889 ostendere,
2034 2842 2110 2889 jam
2142 2844 2356 2882 recesserat,
2376 2849 2442 2874 nec

1393 2908 1588 2953 apparebat
1607 2906 1672 2941 eis.
1705 2905 1795 2941 Hinc
1830 2904 1963 2940 sactum
1993 2907 2052 2939 cst
2087 2906 2127 2937 ut
2157 2901 2265 2937 etiam
2285 2900 2442 2935 triduum
2519 2938 2523 2939 ⁷

1394 2969 1479 3006 illud
1502 2978 1546 3003 ex
1575 2968 1732 3003 humana
1768 2966 2000 3015 dispositione
2037 2962 2306 3012 praediccretur.
2341 2961 2442 2997 Nunc
2506 2946 2518 3006 3³

1393 3040 1494 3075 ergo,
1510 3029 1599 3064 duce
1612 3027 1710 3070 Jesu,
1728 3038 1850 3063 arcam
1866 3025 2005 3062 Domini
2021 3028 2234 3070 sequnntur,
2250 3022 2346 3058 nube
2360 3021 2443 3057 sub·
2504 3017 2515 3053 5¹

1392 3097 1520 3133 tracta,
1545 3095 1715 3135 tanquam
1733 3089 1912 3128 velamine
1931 3087 2064 3126 ablato.
2077 3086 2167 3125 Vide
2188 3084 2343 3130 deniquo
2355 3082 2442 3128 quid
2502 3111 2503 3114 ,

1393 3150 1525 3187 dicitur
1543 3150 1588 3189 de
1607 3149 1684 3188 cist
1705 3149 1876 3195 Populus,
1909 3147 2038 3193 inquit,
2067 3146 2113 3183 ab
2132 3155 2217 3183 arca
2235 3142 2440 3184 testamenti

1393 3210 1463 3246 duo
1487 3209 1599 3249 millia
1616 3209 1751 3254 cubita,
1773 3208 1979 3246 sacerdotes
1998 3216 2085 3246 vero
2116 3210 2151 3241 et
2170 3204 2290 3245 levitae
2317 3198 2441 3247 proii-

1392 3269 1457 3311 mi,
1479 3274 1516 3305 et
1534 3269 1622 3307 satis
1636 3267 1812 3313 proximu
1834 3267 1884 3306 ita
1902 3270 1943 3304 ut
1967 3265 2002 3303 in
2033 3261 2195 3305 humoris
2213 3269 2338 3302 aarum
2355 3268 2442 3297 arca

1392 3329 1536 3367 Domini
1555 3332 1593 3364 et
1612 3326 1790 3372 legislatio
1810 3325 1930 3363 divina
1958 3328 2137 3370 portetur.
2164 3320 2267 3359 Beati
2284 3320 2347 3367 qui
2365 3329 2443 3359 me-

1394 3394 1519 3428 rentur
1532 3386 1688 3434 proximi
1716 3395 1796 3425 esse
1819 3385 1907 3423 Deo.
1942 3382 2015 3422 Sed
2045 3385 2225 3424 memento
2238 3380 2335 3428 quod
2354 3379 2443 3420 sori-

1392 3454 1494 3496 ptum
1507 3444 1563 3486 est
1581 3459 1590 3484 :
1605 3459 1618 3483 ι
1641 3446 1709 3491 Qui
1722 3442 2050 3492 approximaverint
2070 3441 2172 3483 mihi,
2189 3439 2443 3487 approximant

1393 3509 1467 3555 igni
1487 3507 1576 3556 (isa.
1593 3505 1692 3555 axv).
1714 3518 1730 3546 ι
1754 3505 1795 3545 Si
1813 3513 1940 3544 aurum
1960 3507 2021 3542 aut
2040 3506 2228 3548 argentum
2260 3499 2387 3555 fuerim
2405 3503 2479 3559 et,

1394 3570 1470 3617 igni
1484 3565 1811 3617 approximantia,
1826 3564 1940 3604 multo
1954 3574 2019 3610 per
2031 3563 2153 3610 ignem
2167 3559 2388 3609 tumidior
2405 3562 2443 3598 et

1395 3629 1600 3670 rutilantior
1629 3625 1796 3673 maiheu.
1838 3624 1876 3663 si
1910 3634 2006 3664 vero*
2027 3631 2154 3673 snper)
2167 3619 2442 3665 tundamentum
2473 3618 2480 3625 ’

1394 3695 1504 3734 tantm
1517 3688 1783 3735 fidei-positum,
1800 3686 1966 3726 curiacius
1982 3685 2049 3726 tibi
2063 3711 2065 3716 «
2077 3693 2122 3726 et}
2135 3681 2460 3729 mmmmm·

1394 3755 1435 3794 te
1449 3749 1559 3800 iluna,
1580 3746 1906 3793 tanum..otinulam
1923 3743 1958 3794 (1
1973 3745 2056 3788 Gor-
2077 3741 2154 3791 nni
2177 3750 2270 3786 θῆαι
2379 3744 2382 3745 ’
2413 3738 2422 3748 ”
2452 3741 2459 3746 “

1394 3809 1615 3860 fluit-ima
1629 3809 1713 3866 ipa
1721 3805 2057 3859 normannicam.
2065 3798 2331 3852 mm·

2510 1709 2540 2371 *mn—*Qunam-
2528 1664 2540 1701 ..ι
2527 1618 2540 1657 *nnn
2524 1491 2540 1611 ..n——
