2540 4016
80 177 150 215 ΞΠ
201 188 210 192 ·

703 142 1039 206 conuulsi-Anu.
1059 166 1108 203 ιΝ
1129 164 1338 204 Exonuu.
1366 185 1412 193 -
1436 166 1523 202 un.
1551 168 1612 205 iv.

2188 177 2258 214 2⁴8

78 258 115 291 et
141 252 224 288 vitae
248 249 405 286 coelestis
433 245 653 293 accipiatur?
682 243 785 290 cujus
814 244 986 279 nimirum
1019 253 1131 279 causa
1148 248 1184 286 A
1201 247 1258 277 cat
1274 247 1307 277 et
1321 241 1406 276 bibit
1423 242 1580 288 indique,
1592 242 1769 288 judicium
1792 243 1860 280 sibi
1891 247 2083 284 manducat
2103 255 2136 286 et
2158 251 2255 298 bibit,

79 320 176 352 tant‘:
202 314 255 357 fit,
282 318 323 348 ut
345 310 494 351 nertecti
524 318 567 344 ac
593 309 725 345 summi
751 308 821 344 viri
848 308 1059 354 quotidiano
1087 316 1127 343 se

80 375 318 421 lacrymarum
334 372 430 408 fonte
448 370 603 413 diluant,
622 374 659 406 et
673 369 767 415 quod
787 369 941 405 necdum
964 368 1128 414 perfecte

79 438 230 474 vivendo
262 435 414 478 valeant,
448 433 615 480 gaudium
650 432 799 467 internae
835 430 964 475 quictis
1000 430 1128 465 saltem

79 495 290 542 suspirando
312 493 511 540 degustent.
543 491 634 527 Nam
656 491 739 536 quia
759 491 826 526 hoc
852 490 1009 532 lavacro,
1032 489 1128 534 quod

78 555 172 591 inter
202 553 471 589 tabernaculum
491 558 527 588 et
545 552 659 587 altare
675 551 834 596 positum
859 554 926 593 est,
954 548 1129 595 perfecto-

77 626 155 650 rum
174 615 341 661 lacrymae
367 613 578 659 figurentur,
602 618 779 649 testantur
803 612 879 657 ipsa
899 611 1021 654 verba,
1050 611 1129 656 qui-

76 674 143 710 bus
162 675 293 710 dicitur
315 687 322 708 ι
340 674 386 708 Et
405 674 511 709 missa
532 685 623 716 aqua
647 672 811 708 lavabunt
833 672 869 706 in
893 683 934 706 ea
957 670 1077 705 Aaron
1095 675 1128 705 et

74 734 140 780 filii
159 734 234 779 ejus
255 745 379 769 manus
400 746 482 769 suas
499 746 540 769 ac
556 733 672 780 pedes.
690 733 813 778 Neque
827 732 922 767 enim
937 732 1127 775 quisquam

75 795 118 830 de
135 794 238 839 plebe
257 795 307 830 ibi
327 795 453 838 lavari,
482 797 544 831 sed
564 796 639 841 ipse
660 793 820 840 pontifex
847 793 982 838 jussus,
1008 796 1043 827 et
1063 791 1127 825 filii

74 853 161 898 ejus,
182 855 349 890 videlicet
368 856 572 891 sacerdotes
589 855 718 901 gradus
738 852 932 894 inferioris,
953 852 1038 897 quia
1057 852 1126 886 sic-

73 920 112 950 ut
143 926 354 962 magnorum
385 917 543 951 virorum
572 920 695 950 sancta
722 913 918 958 perfectior
942 913 1016 947 vita
1037 939 1046 955 ,
1072 912 1125 947 sic

72 981 107 1010 et
122 977 351 1021 compunctio
370 976 461 1011 solet
489 985 569 1010 esse
592 974 790 1010 sublimior.
816 973 892 1008 Non
914 978 1031 1008 autem
1056 973 1125 1008 hcc

71 1035 121 1069 ita
150 1035 312 1077 dicimus,
342 1035 442 1079 quasi
474 1035 540 1070 soli
575 1034 698 1070 altaris
731 1035 884 1070 ministri
919 1033 1125 1078 hujusmodi

70 1094 353 1138 compunctionis
372 1091 425 1129 vel
450 1095 586 1139 possint
602 1094 735 1131 habere
754 1095 810 1130 vel
832 1095 986 1130 debeant
1010 1096 1124 1130 virtu-

1199 302 1492 348 nondiiudicans
1513 309 1638 349 ‘corpus
1673 303 1818 340 Domini
1844 303 1887 353 (Ι
1907 304 1990 341 Gor.
2019 308 2095 356 xi),
2117 311 2152 346 id
2185 318 2255 357 est,

1196 371 1423 408 nequaquam
1464 364 1622 400 edulium
1653 366 1782 410 panis,
1823 366 1920 411 vini,
1955 377 1977 404 a
2010 373 2256 410 communium

1196 431 1362 458 escarum
1391 424 1563 468 utilitate,
1593 431 1698 461 cauta
1726 430 1762 462 et
1797 427 1950 463 sollicita
1981 437 2103 466 mente
2141 442 2259 470 secer-

1195 495 1298 521 nens.
1330 486 1543 533 Diligentius
1561 498 1647 524 vero
1670 489 1881 524 intuendum
1906 495 1975 534 est,
1999 492 2094 537 quod
2122 493 2159 528 in
2177 504 2259 530 con-

1197 546 1356 582 clusione
1391 547 1634 593 subjungitur.
1670 547 1880 594 Legitimum
1912 551 2160 594 sempiternum
2193 555 2258 589 erit

1195 606 1262 652 ipsi
1281 612 1313 641 et
1338 608 1461 642 semini
1486 607 1563 652 ejus
1580 619 1641 654 per
1655 610 1904 645 successiones.
1925 610 2010 648 Haec
2033 613 2078 648 ad
2099 613 2257 651 litteram

1197 670 1342 714 quidem
1373 671 1558 706 observari
1586 671 1794 714 cessarunt,
1822 673 1883 708 sed
1898 673 2004 718 juxta
2022 676 2179 721 priscam
2203 677 2259 712 in-

1196 729 1431 775 telligentiam
1462 732 1700 776 spiritualiter
1730 734 1916 770 observari
1954 746 1975 770 a
1999 737 2135 771 sanctis
2166 748 2258 771 nun-

1196 791 1306 835 quam'
1322 789 1523 826 'cessabunt
1544 803 1551 826 :
1578 792 1645 837 ipsi
1666 799 1702 828 et
1721 794 1849 829 semini
1874 793 1950 839 ejus
1973 805 2038 841 pcr
2062 796 2259 831 successio-

1195 860 1274 892 nes,
1293 860 1365 885 non
1382 851 1529 896 quidem
1546 852 1591 887 de
1611 853 1730 888 Aaron
1751 854 1864 899 stirpe
1883 855 2077 897 nascendo,
2095 855 2156 890 sed
2179 866 2258 891 cre-

1195 910 1312 946 dendo
1332 912 1369 946 in
1389 921 1488 955 eum,
1505 923 1613 958 quem
1630 914 1751 949 Aaron
1771 926 1852 951 cum
1867 915 1944 960 eJus
1958 927 2024 953 avo
2038 917 2207 954 credidit.

1590 986 1742 1022 CAPUT
1769 988 1859 1023 Xlll.

1192 1045 1244 1081 De
1267 1044 1481 1091 confectione
1494 1047 1664 1091 unquenti
1684 1048 1805 1093 optimi
1826 1049 1872 1082 ad
1899 1052 2177 1088 consecrandum
2196 1059 2255 1090 ta-

1469 1092 1695 1127 bernaculum
1716 1105 1757 1128 ac
1778 1106 1859 1129 vasa
1879 1095 1968 1140 ejus.

70 1158 154 1197 tem,
180 1155 242 1190 sed
262 1163 443 1190 memora,
468 1155 563 1191 beati
590 1157 741 1202 apostoli
766 1156 876 1198 Petri,
900 1158 960 1202 qui
979 1158 1119 1193 cunctis
1139 1145 1170 1183 Β
1235 1152 1455 1199 Locutusque
1476 1159 1526 1188 est
1539 1153 1714 1188 Dominus
1726 1154 1772 1188 ad
1792 1155 1960 1200 Moysen,
1980 1157 2098 1193 dicens
2119 1167 2130 1191 .·
2148 1159 2256 1196 Sume

70 1212 232 1250 fidelibus
255 1213 403 1259 loquens
430 1215 474 1250 de
504 1216 667 1262 angulari
686 1216 814 1262 lapide,
845 1217 905 1262 qui
935 1222 989 1252 est
1019 1217 1122 1252 Chri-

69 1281 157 1317 stus,
190 1276 262 1310 ait:
295 1275 342 1310 Et
379 1277 445 1322 ipsi
467 1283 633 1324 tanquam
655 1277 787 1323 lapides
817 1278 884 1312 vivi
906 1278 1123 1324 super-tedisi-

67 1337 195 1371 camini
214 1337 334 1372 domos
361 1339 572 1385 spirituales,
603 1340 836 1374 sacerdotium
858 1346 1033 1382 sanctum,
1070 1339 1121 1384 os-

67 1396 157 1443 [erre
175 1398 374 1443 spirituales
393 1399 523 1434 hostias
536 1399 573 1447 (Ι
592 1399 688 1435 Pctr.
711 1399 764 1446 11).
787 1400 831 1434 Et
852 1400 946 1446 quod
966 1399 1122 1435 Joannes

67 1458 103 1494 in
136 1459 362 1506 Apocalypsi.
396 1461 539 1503 Beatus,
563 1462 689 1506 inquit,
723 1468 754 1496 et
776 1468 919 1497 sanctus
939 1462 999 1507 qui
1021 1461 1122 1496 habet

66 1525 200 1564 partem
225 1521 261 1554 in
287 1522 537 1555 resurrectione
556 1521 669 1566 prima
691 1530 702 1553 .·
722 1522 759 1555 in
778 1521 831 1555 his
851 1520 1003 1555 secunda
1029 1531 1121 1555 mors

67 1588 135 1612 non
152 1578 253 1612 habet
268 1585 484 1623 potestatem,
503 1579 562 1614 sed
576 1585 674 1614 erunt
688 1581 884 1615 sacerdotes
901 1580 966 1615 Dei
980 1586 1010 1615 et
1027 1579 1125 1615 Chri-

66 1636 110 1670 sti
126 1636 257 1682 (Apoc.
284 1639 361 1684 xx).
388 1638 632 1674 Admonemus
658 1649 782 1675 omnes
809 1640 933 1675 fideles
966 1640 1122 1686 mystico

66 1699 292 1734 sacerdotum
312 1700 456 1736 nomine
476 1702 630 1744 censeri,
651 1707 774 1748 utpote
795 1702 956 1738 membra
971 1702 1120 1746 Christi,

65 1758 230 1795 videlicet
269 1760 465 1795 sacerdotis
497 1762 634 1797 aeterni.
674 1761 809 1805 Quibus
852 1763 962 1798 ctiam
995 1764 1121 1799 beatus

65 1818 248 1862 apostolus
264 1818 410 1862 Paulus,
432 1820 519 1865 quid
548 1821 775 1857 victimarum
797 1822 928 1858 offerre
952 1823 1117 1867 debeant,

64 1877 218 1912 ostendit
246 1878 369 1913 dicens
391 1891 398 1913 ε
418 1878 568 1915 Obsecro
583 1892 642 1916 vos
661 1881 789 1926 fratres
807 1893 869 1928 per
892 1882 958 1918 Dei
987 1884 1122 1918 miscri-

65 1938 232 1982 cordiam,
261 1944 298 1974 ut
321 1939 510 1976 exhibeatis
527 1953 674 1988 corpora
694 1948 806 1978 vestra
831 1944 981 1978 hostiam
1006 1945 1121 1980 viven-

65 2004 143 2042 tem,
159 2004 332 2042 sanctam,
353 1999 426 2035 Deo
443 2000 636 2046 placentem
663 2002 676 2050 (
689 2002 790 2038 Rom.
816 2003 904 2051 xn).
932 2003 1010 2039 Non
1032 2014 1119 2050 ergo

65 2058 178 2095 solum
204 2061 381 2097 ministris
410 2063 503 2098 sacri
530 2063 668 2106 altaris,
699 2065 760 2100 sed
790 2070 827 2100 et
851 2065 1018 2101 omnibus
1039 2076 1120 2111 per-

63 2118 168 2155 fectis
186 2121 223 2155 in
236 2132 449 2168 quocunque
467 2124 580 2170 gradu
597 2124 725 2170 positis
738 2151 747 2167 ,
770 2125 839 2160 hoc
858 2125 1042 2161 lavacrum
1058 2136 1121 2171 po-

64 2179 137 2214 suit
153 2179 307 2226 Moyses,
342 2182 424 2227 quia
444 2182 501 2218 lex
521 2182 585 2219 Dei
614 2184 754 2220 cunctis
773 2185 988 2229 generaliter
1010 2185 1121 2221 fideli-

62 2239 129 2276 hus
155 2242 307 2287 gratiam
341 2242 534 2280 salutiferae
573 2246 859 2291 compunctionis
894 2246 1117 2291 praedicavit.

63 2300 166 2345 Quod
186 2303 215 2338 si
239 2303 276 2338 in
302 2313 456 2349 persona
481 2304 600 2341 Aaron
627 2306 743 2352 ipsum
775 2317 944 2353 magnum
975 2307 1120 2352 pontiti-

63 2372 142 2399 cem
170 2364 362 2400 Dominum
394 2365 618 2402 Salvatorem
639 2368 803 2413 accipere
821 2368 998 2412 volumus,
1036 2379 1120 2405 con-

64 2427 134 2459 stat
148 2424 257 2460 etiam
271 2435 354 2462 eum
373 2426 478 2472 hujus
498 2439 590 2474 aqua
608 2428 700 2464 labri
715 2429 926 2475 priusquam
945 2430 988 2465 ad
1003 2429 1119 2466 altare

63 2484 250 2522 oblaturus
284 2488 451 2532 intraret,
488 2489 606 2526 locum
640 2502 647 2525 :
679 2490 763 2536 quia
794 2491 1006 2537 priusquam
1038 2491 1119 2536 thy-

64 2546 197 2582 miama
239 2548 294 2583 sui
329 2550 548 2586 sacrosancti
581 2551 743 2596 corporis
779 2556 928 2596 propter
966 2550 1118 2585 salutem

65 2610 227 2641 nostram
263 2607 299 2642 in
338 2608 442 2643 altari
482 2610 601 2645 crucis
632 2609 865 2651 incenderet,
900 2619 965 2655 pro
994 2615 1119 2645 nostro

65 2676 188 2701 amore
204 2667 312 2702 etiam
330 2667 509 2714 lacrymas
528 2667 634 2712 fudit,
665 2669 759 2714 quod
788 2670 825 2704 in
842 2669 1118 2707 resuscitatione

65 2725 194 2761 Lazari
221 2726 456 2764 celeberrime
478 2729 646 2764 innotuit.
682 2729 778 2765 Bene
811 2734 933 2765 autem
959 2730 1114 2774 additur,

65 2792 106 2824 ut
119 2788 271 2824 offerant
290 2790 326 2825 in
349 2800 392 2826 eo
411 2791 608 2837 thymiama
627 2792 792 2835 Domino,
815 2804 860 2829 ne
876 2793 969 2829 forte
988 2795 1118 2830 moria-

66 2852 125 2885 tur
143 2849 257 2896 (Joan
270 2851 339 2897 xi).
368 2851 463 2888 Mors
483 2853 616 2889 etenim
642 2854 802 2890 timenda
822 2859 878 2891 est
898 2855 1028 2892 animae
1046 2856 1117 2901 spi-

66 2909 205 2947 ritualis
229 2918 266 2948 et
288 2918 435 2951 aeterna.
464 2914 503 2952 Si
533 2916 614 2962 quis
643 2915 688 2952 ad
717 2917 958 2954 ministerium
991 2917 1116 2954 altaris

66 2969 215 3016 clectus,
238 2973 434 3019 thymiama
453 2976 659 3012 orationum
688 2977 763 3013 Deo
786 2979 936 3016 reddere
955 2979 1115 3026 negligit,

44 3039 164 3078 &mors
182 3033 340 3071 timenda
358 3041 436 3081 est;
459 3038 490 3074 si
520 3039 602 3084 quis
625 3039 670 3074 ad
695 3045 928 3076 sacrosancta
946 3042 1117 3087 mysteria

100 3106 124 3123 ιε
138 3106 143 3124 ι
155 3102 199 3129 ue
215 3094 392 3140 spirituali
411 3097 592 3135 ablutione
610 3100 896 3145 compunctionis
915 3101 1063 3145 intrare,
1082 3108 1118 3138 et

119 3158 191 3191 cta
215 3155 359 3193 Domini
383 3159 636 3196 communibus
664 3161 830 3198 manibus
853 3166 1011 3199 tractare
1026 3173 1118 3209 prae-

70 3217 73 3220 ’
97 3212 187 3250 vmit.
221 3215 359 3252 Lavent
389 3227 476 3265 ergo
503 3229 632 3256 manus
658 3230 742 3257 snas
768 3231 811 3258 ac
837 3222 947 3267 pedes
967 3222 1004 3258 in
1024 3233 1116 3269 aqua

83 3266 86 3273 ’
113 3288 127 3302 ³·
146 3273 155 3283 ’
169 3276 270 3319 aenei,
292 3283 330 3314 et
345 3278 398 3315 sic
417 3280 463 3316 ad
479 3280 596 3318 altare
613 3283 800 3319 accedant.
825 3281 982 3320 Abluant
1002 3284 1118 3331 lacry-

76 3331 129 3388 'is
151 3339 252 3372 actus
267 3341 305 3372 et
322 3336 498 3383 incessus,
513 3348 559 3376 ac
571 3340 699 3378 deinde
723 3352 852 3378 manus
874 3342 921 3378 ad
938 3343 1116 3389 tangenda

86 3390 99 3408 '²'
189 3393 198 3402 “
230 3398 403 3443 mysteria
428 3399 636 3446 proferant,
670 3402 874 3448 pedumque
904 3412 1050 3448 gressus
1078 3403 1116 3439 in

74 3447 125 3494 'f'
181 3452 327 3493 nomini
355 3463 505 3505 ponant.
533 3459 636 3504 Quod
663 3471 765 3508 aeque
786 3467 1008 3509 praeceptum
1034 3471 1117 3499 reor

128 3530 179 3570 «Vs
189 3518 425 3558 [earumdem
439 3525 750 3558 sacramentorum
767 3521 1005 3568 perceptione
1014 3531 1118 3558 mun-

98 3569 114 3576 ’”
141 3585 222 3632 '5³24
277 3583 348 3624 sut
358 3580 523 3622 cautiore
533 3591 623 3619 cura
634 3582 738 3630 prius
755 3588 858 3620 actus
877 3593 962 3620 suos
976 3583 1116 3630 cogita-

274 3662 303 3680 „
363 3656 375 3671 ν
398 3646 443 3687 ι,
475 3643 687 3689 eventilent,
720 3649 888 3692 purgent,
915 3653 960 3682 ac
987 3643 1041 3681 sic
1071 3643 1118 3681 ad

267 3693 279 3704 ¹
347 3705 349 3709 “
404 3724 407 3728 -
541 3707 569 3733 21
590 3728 596 3732 -
591 3708 667 3742 ιι
686 3704 898 3752 procedant,
930 3704 1119 3751 noQaudiro

499 3769 503 3784 ‘
553 3765 558 3794 ἲ
586 3774 600 3801 z
620 3761 831 3813 antium
852 3765 947 3804 οιιίιιι
965 3763 1119 3803 mnda-

0 3331 11 3429 “n-u-
0 3280 9 3322 ...υ
0 3175 10 3271 ,mumma
2 3133 9 3150 ..
0 3078 4 3079 =

1191 1212 1253 1247 tibi
1276 1218 1437 1247 aromata
1463 1213 1586 1258 primoe
1609 1214 1762 1259 myrrhae
1782 1222 1812 1249 et
1841 1215 1958 1251 electce
1983 1218 2188 1263 quinqentos
2208 1221 2254 1255 si-

1189 1273 1274 1316 clos,
1294 1280 1325 1309 et
1341 1275 1553 1310 cinnamomi
1574 1275 1742 1318 medium,
1759 1277 1796 1310 id
1813 1282 1876 1320 est,
1897 1278 2066 1315 ducentos
2085 1282 2254 1327 quinqua-

1189 1335 1285 1379 qinta
1328 1335 1454 1378 siclos,
1495 1335 1622 1371 calami
1668 1337 1830 1373 similiter
1868 1339 2036 1376 ducentos
2080 1343 2252 1389 quinqua-

1188 1394 1312 1438 qinta,
1359 1396 1463 1430 casile
1503 1402 1618 1430 autem
1653 1397 1856 1442 quingentos
1888 1398 1991 1434 siclos
2030 1400 2068 1435 in
2102 1403 2253 1447 pondere

1191 1455 1402 1496 sanctuarii,
1425 1454 1493 1490 olei
1515 1457 1557 1490 de
1581 1456 1712 1492 olivetis
1738 1469 1936 1494 mensuram
1961 1461 2021 1496 ltin
2041 1473 2052 1497 :
2077 1462 2252 1509 faciesque

1189 1515 1365 1549 unctionis
1403 1514 1517 1550 oleum
1546 1523 1731 1561 sanctum,
1772 1526 1986 1565 unquentum
2022 1525 2250 1568 compositum

1191 1584 1292 1618 opere
1317 1576 1560 1620 unquentarii‚
1586 1583 1618 1610 et
1635 1588 1740 1623 unqes
1756 1590 1798 1614 ex
1814 1591 1853 1614 eo
1875 1580 2139 1617 tabernaculum
2155 1585 2252 1619 testi-

1190 1634 1320 1678 monii,
1357 1642 1388 1669 ct
1416 1647 1534 1670 arcam
1561 1639 1770 1681 testamenti,
1798 1651 2021 1687 mensamque
2051 1654 2129 1678 cunt
2159 1646 2250 1680 vasis

1188 1695 1284 1736 suis,
1312 1695 1561 1731 candelabrum
1583 1703 1615 1732 et
1642 1699 1807 1734 utensilia
1831 1700 1918 1742 eius,
1943 1700 2074 1737 altaria
2099 1704 2249 1750 thymia-

1189 1756 1304 1797 matis,
1335 1763 1365 1790 et
1393 1756 1590 1792 holocausti
1616 1764 1648 1792 et
1667 1760 1866 1795 universam
1894 1761 2140 1807 supellectilem
2170 1776 2248 1810 quae

1189 1817 1235 1850 ad
1263 1816 1394 1851 cultum
1418 1829 1539 1853 eorum
1566 1820 1724 1865 pertinet.
1759 1820 2074 1869 Sanctificabisque
2109 1825 2247 1868 omnia,

1189 1881 1220 1911 et
1240 1883 1341 1911 erunt
1363 1876 1494 1912 Sancta
1521 1886 1722 1914 sanctorum
1743 1881 1830 1927 :qui
1856 1882 2005 1927 tetiqerit
2030 1895 2072 1918 ea
2095 1885 2251 1930 sanctifi-

1189 1936 1338 1971 cabitur.
1368 1937 1487 1973 Aaron
1514 1944 1546 1973 et
1572 1939 1665 1983 filios
1686 1940 1761 1985 ejus
1787 1952 1910 1987 unqes,
1945 1945 2248 1991 sanctificabisque

1189 2006 1245 2031 eos
1262 2002 1300 2031 ut
1317 1997 1510 2033 sacerdotio
1533 1998 1727 2045 sunqantur
1747 2002 1844 2037 milti.
1861 2001 1964 2038 Filiis
1979 2015 2113 2050 quoquc
2135 2005 2247 2041 Israel

1190 2056 1282 2092 dices
1305 2058 1395 2092 :hoc
1417 2057 1530 2093 oleum
1557 2061 1730 2096 unctionis
1751 2068 1911 2098 sanctum
1930 2065 1995 2099 erit
2024 2066 2109 2100 milti
2131 2067 2167 2100 in
2194 2078 2248 2112 qe-

1191 2119 1387 2154 nerationes
1414 2126 1557 2156 vestras.
1579 2121 1669 2156 Caro
1690 2122 1842 2159 hominis
1871 2136 1941 2159 non
1962 2132 2111 2172 unqetur
2131 2138 2174 2162 ex
2193 2137 2248 2170 eo,

1189 2182 1221 2212 et
1241 2178 1349 2223 juxta
1374 2181 1660 2226 compositionem
1680 2183 1756 2228 ejus
1777 2195 1845 2219 non
1867 2185 2002 2230 facietis
2027 2186 2140 2229 aliud,
2166 2187 2250 2233 quia

1189 2239 1448 2285 sanctificatum
1467 2248 1532 2285 est,
1564 2248 1596 2278 et
1614 2250 1774 2279 sanctum
1800 2247 1865 2280 erit
1893 2246 2000 2282 vobis.
2032 2246 2147 2282 Homo
2173 2249 2250 2294 qui-

1189 2312 1323 2347 cunque
1351 2301 1419 2337 tale
1439 2305 1686 2349 composuerit,
1712 2311 1743 2340 et
1765 2305 1899 2341 dederit
1922 2318 1965 2342 ex
1985 2318 2023 2342 eo
2050 2307 2164 2343 alieno
2186 2319 2248 2343 ex-

1189 2361 1433 2396 terminabitur
1448 2362 1490 2397 de
1507 2363 1634 2408 popu-lo
1654 2375 1717 2399 suo
1740 2364 1876 2411 (Exod.
1898 2366 1998 2413 xxx).

1236 2421 1504 2457 Advertcndum
1540 2429 1594 2458 est
1629 2430 1666 2460 et
1698 2426 1908 2469 notandum,
1947 2427 2250 2471 quemadmodum

1188 2488 1373 2528 unguento
1402 2483 1607 2518 chrismatis
1631 2485 1752 2519 omnia
1779 2484 1888 2528 jussit
1907 2486 2003 2531 ungi,
2036 2486 2245 2522 tabernacu-

1189 2544 1262 2579 lum
1282 2542 1418 2578 scilicet
1443 2548 1478 2578 et
1493 2552 1535 2578 ea
1552 2553 1633 2588 quae
1656 2543 1692 2578 in
1710 2543 1771 2579 illo
1791 2550 1907 2587 erant,
1934 2550 1970 2579 et
1994 2545 2123 2581 deinde
2141 2552 2249 2583 erunt

1190 2606 1321 2643 Sancta
1336 2612 1565 2642 sanctorum:
1579 2606 1698 2641 omnia
1714 2606 1852 2642 scilicet
1869 2617 1951 2642 eum
1967 2607 2101 2643 fuerint
2116 2614 2225 2644 uncta
2236 2636 2246 2652 ,

1188 2672 1296 2703 erunt
1323 2666 1455 2703 Sancta
1488 2672 1710 2702 sanctorum.
1743 2667 1836 2711 Quid
1864 2667 1974 2713 igitur
2001 2668 2148 2703 distabit
2170 2667 2249 2715 jam

1189 2728 1284 2764 inter
1310 2728 1369 2764 illa
1390 2729 1562 2764 interiora
1591 2738 1670 2774 qua:
1687 2728 1767 2764 velo
1786 2733 1968 2774 teguntur,
1998 2734 2086 2773 ete„
2113 2729 2144 2766 si
2170 2740 2251 2766 om-

1188 2790 1262 2832 nia,
1299 2799 1380 2824 cum
1414 2795 1522 2824 uncta
1552 2788 1698 2833 fuerint,
1734 2795 1840 2825 erunt
1862 2789 1993 2826 Sancta
2024 2796 2250 2837 sanctorum,

1188 2848 1394 2894 diligentius
1418 2849 1674 2895 requirendum
1702 2861 1709 2885 :
1732 2850 1810 2886 haec
1835 2856 1956 2886 tamen
1983 2852 2139 2887 notanda
2166 2862 2248 2888 cre·

1187 2908 1306 2945 dimus
1323 2909 1385 2945 uhi
1409 2909 1518 2945 etiam
1559 2910 1849 2954 meminerimus,
1881 2911 1974 2946 sicut
2000 2910 2044 2946 de
2066 2910 2126 2946 illo
2143 2911 2250 2948 altari

1186 2969 1464 3014 sacrificiorum,
1495 2970 1591 3016 quod
1610 2975 1692 3016 post
1711 2971 1920 3007 unctionem
1939 2971 2111 3018 appellari
2138 2971 2250 3007 voluit

1185 3037 1349 3068 sanctum
1385 3032 1526 3075 sancti,
1560 3032 1732 3068 continuo
1765 3032 1900 3068 dictum
1931 3037 2002 3076 est,
2043 3031 2165 3068 Omnis
2190 3033 2248 3078 qui

1185 3093 1298 3139 tanyit
1317 3091 1406 3127 illud
1428 3092 1708 3138 sanctificabitur
1725 3104 1738 3129 .·
1759 3094 1803 3129 de
1823 3094 1992 3130 omnibus
2009 3099 2149 3139 postea,
2164 3103 2245 3138 quae

1186 3152 1230 3187 de
1251 3151 1312 3188 illo
1337 3159 1520 3199 unguento
1548 3159 1670 3197 uncta,
1700 3154 1794 3190 dicta
1826 3160 1910 3190 sunt
1941 3154 2073 3190 Sancta
2105 3160 2248 3188 sancto-

1185 3223 1268 3249 rum
1289 3223 1299 3250 :
1318 3214 1444 3250 eadem
1469 3215 1650 3252 sententia
1673 3215 1864 3251 subsecuta
1886 3219 1957 3255 est.
1985 3219 2025 3248 ut
2049 3213 2246 3257 diceretur,

1187 3276 1306 3313 omnis
1339 3277 1400 3322 qui
1427 3277 1543 3323 tangit
1578 3286 1621 3312 ea
1651 3275 1947 3312 sanctificabitur.
1983 3272 2076 3317 Quid
2107 3272 2248 3310 duobus

1187 3338 1304 3374 modis
1323 3337 1475 3384 intelligi
1491 3342 1624 3384 potest,
1648 3337 1725 3373 sive
1744 3335 1924 3382 tangendo
1943 3332 2244 3378 sanctificabitur,

1188 3397 1265 3434 sive
1283 3397 1568 3434 sanctificabitur
1589 3402 1629 3432 ιιι
1649 3397 1683 3432 ei
1711 3395 1818 3431 liceat
1842 3399 2002 3439 tangere,
2028 3392 2104 3430 sive
2123 3397 2245 3431 tamen

1187 3466 1261 3493 non
1293 3456 1427 3494 licebat
1458 3461 1605 3502 tangere
1634 3453 1767 3500 populo
1799 3452 2073 3508 tabernaculum
2099 3455 2245 3501 quando

1188 3515 1362 3552 offerebat
1379 3516 1530 3556 hostias,
1553 3513 1611 3550 vel
1629 3514 1916 3562 quaecunquekab
1935 3513 1990 3551 eis
2007 3513 2128 3552 oblata
2153 3513 2245 3551 offc-

1188 3577 1364 3613 rebantur
1382 3575 1471 3612 Deo.
1488 3573 1580 3610 Nam
1596 3579 1862 3622 consequenter
1877 3584 1952 3612 non
1969 3574 2056 3612 solis
2074 3574 2246 3613 sacerdo-

1189 3637 1299 3682 tibus,
1327 3645 1444 3682 neque
1468 3635 1555 3672 solis
1572 3634 1692 3672 levitis
1711 3634 1903 3673 dicendum
1931 3635 2115 3679 admonet,
2145 3634 2244 3683 quod

1189 3700 1241 3738 ait
1262 3699 1309 3736 ad
1333 3697 1510 3757 Moysen:
1529 3696 1578 3734 Et
1598 3696 1710 3746 filiis
1697 3695 1814 3734 Israel
1836 3683 1979 3750 loquere
1996 3696 2129 3736 dicens.
2158 3693 2242 3742 Uti-

1189 3770 1262 3810 que
1285 3758 1350 3798 filii
1367 3758 1478 3798 lsrael
1502 3763 1603 3798 totus
1618 3757 1680 3797 illc
1691 3742 1847 3807 populus
1861 3763 1956 3797 erat.
1984 3755 2093 3797 lubet
2119 3749 2241 3798 autem
