2540 4016
0 3 15 36 il
27 0 48 35 Q

0 78 64 190 a

635 133 976 176 count-:Nunti
1001 133 1050 172 IN
1074 132 1286 173 ExomJM.
1311 153 1362 162 —
1382 134 1470 172 LlB.
1498 135 1558 173 111.

2129 87 2213 183 m.

0 215 97 265 fitis
128 218 302 268 operibus
333 217 493 256 studium
523 214 779 263 impendimus,
812 213 1057 251 masculinum
1074 212 1111 253 Α
1127 211 1164 247 id
1181 215 1239 248 est
1257 221 1301 248 eo
1321 215 1485 258 tempore
1504 222 1576 259 quo
1595 218 1795 260 conceptus
1812 221 1880 252 est.
1902 217 2080 258 Dicuntur
2103 203 2200 261 enim

0 287 159 326 nostrum
177 282 256 319 sine
275 281 400 325 dubio,
419 282 504 317 ante
529 281 766 323 conspectum
788 275 934 313 Domini
955 275 1063 322 digne

0 345 199 383 metuimus.

38 404 124 442 Non
140 403 339 441 immolabis
362 411 467 450 super
484 401 656 448 [emente
682 400 892 447 sanquinem
910 398 1062 435 victimae

0 475 90 502 ηοω.
111 464 344 503 Fermentum
370 463 467 510 quod
496 463 534 499 in
559 461 740 499 sacrificio
760 460 906 498 Domini
937 459 1062 497 offerri

0 528 264 571 nontradicitur,
288 531 327 563 ut
346 536 441 573 saepe
461 525 633 569 diximus,
655 524 804 562 malitiae
833 528 870 560 et
889 522 1062 570 nequitiae

0 588 271 626 maritudinem
290 581 498 635 signifieat.'
513 586 597 623 Non
622 585 838 629 immolabis,
867 585 934 628 ait,
955 594 1063 631 super

0 644 161 686 armento
193 649 400 697 sanquinem
435 649 583 685 victimae
615 660 718 686 meae.
753 648 807 684 Ac
837 648 869 684 si
889 647 1058 684 diceret:

0 718 128 749 'saveas
141 721 188 748 ne
206 711 243 747 in
271 711 454 748 oblatione
471 721 543 758 qua
574 710 770 748 Dominum
802 709 949 757 placare
966 707 1062 745 desi-

0 781 110 816 eras,
131 771 269 818 aliquid
292 771 364 808 doli
383 777 446 808 aut
476 772 650 818 nequitiae
669 771 947 808 intermisceas:
976 769 1062 816 quia

0 834 180 871 unceritas
209 832 362 879 justitiae
398 834 473 870 Deo
507 834 665 870 maxime
703 833 834 880 placet.
861 832 950 868 Item
990 831 1062 868 hac

0 895 166 932 sententia
190 905 259 932 nos
297 895 487 931 admoneri
519 895 691 937 sciamus,
732 892 829 939 quod
850 892 886 928 in
921 890 1061 928 sacriti-

0 961 45 992 ιο
61 956 226 1002 corporis
252 960 289 992 et
316 955 503 1002 sanguinis
537 954 696 998 Domini,
729 951 947 988 munditiam
979 960 1061 987 cor-

0 1018 44 1054 u's
58 1023 96 1054 et
117 1017 238 1064 operis
257 1016 467 1054 studeamus
483 1016 620 1052 habere
639 1027 647 1051 ε
667 1024 712 1051 ne
726 1015 763 1050 in
777 1013 962 1051 offerendo
976 1013 1060 1048 vitae

0 1079 171 1122 marniae,
186 1077 274 1114 l'oedi
288 1082 324 1114 et
338 1078 471 1125 ingrati
489 1087 612 1114 coram
628 1077 782 1113 Domino
799 1085 1056 1123 appareamus.

0 1140 158 1188 nequitur
175 1153 183 1175 :
211 1139 286 1175 Nec
313 1139 503 1175 remanebit
520 1139 626 1186 adeps
643 1138 876 1175 solemnitatis
897 1149 983 1173 mccc
999 1148 1059 1173 us-

0 1212 51 1238 -w
67 1213 183 1238 mane.
210 1202 280 1239 Per
294 1203 390 1239 hanc
410 1203 629 1239 sententiam
644 1212 710 1238 nos
727 1202 888 1245 instruit,
905 1211 950 1237 ne
965 1211 1056 1247 opus

0 1264 245 1301 nisericordiae
264 1264 320 1301 vel
346 1270 561 1301 caeterarum
586 1264 844 1311 pinguedinem
864 1264 1053 1306 virtutum,

0 1344 5 1360 ι
41 1337 146 1364 mane
166 1328 443 1365 resurrectionis
461 1327 592 1363 suturae
608 1327 812 1364 faciendum
829 1326 1053 1370 differamus,

0 1387 70 1425 nia
96 1387 146 1424 ibi
172 1389 325 1426 actionis
354 1394 496 1436 tempus
519 1388 596 1434 jam
624 1389 762 1425 nullum
788 1389 872 1432 erit,
895 1388 958 1425 sed
978 1388 1055 1423 dies

0 1454 54 1488 tte
70 1450 335 1496 retributionis,
354 1456 393 1488 ut
410 1452 562 1498 recipiat
580 1453 830 1499 unusquisque
848 1457 957 1498 prout
975 1461 1055 1498 ges-

3 1516 32 1548 tt
54 1516 217 1558 tempore
237 1513 359 1548 carnis
385 1523 479 1556 suae,
507 1513 651 1559 quando
672 1513 773 1549 licuit
792 1513 948 1558 operari.
972 1511 1056 1546 Pri-

7 1572 101 1608 nicias
127 1573 267 1619 sruqum
300 1579 402 1609 terras
426 1580 497 1609 'tusc
516 1574 654 1619 deseras
675 1575 710 1609 in
730 1575 872 1609 domum
898 1574 963 1610 Dei
989 1575 1053 1610 tui.

0 1635 188 1672 rrimordia
218 1636 344 1682 utique
374 1636 535 1672 omnium
560 1647 711 1682 operum
734 1642 899 1680 tuorum,
928 1637 964 1672 in
988 1636 1057 1672 Ec-

22 1696 95 1732 esia
124 1697 269 1732 Domini
292 1697 399 1743 digne
426 1707 661 1740 conversans,
687 1695 854 1734 Creatori
883 1703 943 1733 tuo
974 1708 1056 1745 gra-

0 1761 102 1792 mnter
126 1757 300 1793 exhibeas
323 1769 330 1791 :
360 1757 444 1802 quia
467 1757 544 1792 haec
572 1762 628 1793 est
654 1758 782 1793 domus
809 1767 895 1800 una,
919 1757 956 1792 in
983 1767 1054 1802 qua

0 1830 98 1866 ptnus
112 1819 293 1866 paschalis
310 1821 449 1856 comedi
466 1819 615 1865 jubetur
634 1832 641 1854 :
663 1831 731 1856 nec
749 1830 820 1855 non
838 1827 873 1856 et
890 1822 1054 1857 omnium

0 1891 174 1941 annerum
201 1881 411 1928 aptissimus
435 1882 536 1918 locus
563 1887 619 1918 est
641 1881 686 1917 ad
707 1881 945 1917 offerendum.
970 1882 1054 1917 Non

30 1955 106 1980 ues
124 1944 263 1979 hcrdum
289 1944 326 1979 in
349 1943 439 1979 lacte
458 1943 581 1979 manis
599 1954 685 1979 succ.
718 1942 802 1978 Sive
819 1942 923 1989 juxta
944 1942 1053 1978 aliam

29 2005 175 2042 itionem
199 2018 207 2040 :
233 2004 315 2041 Nan
340 2016 463 2052 coques
491 2016 620 2052 aynum
648 2005 685 2039 in
711 2003 800 2039 lacte
819 2004 944 2038 matris
961 2014 1048 2039 suoe.

18 2066 169 2102 uomodo
207 2065 431 2112 intelligatur
465 2065 510 2100 ad
546 2064 742 2100 verborum
772 2063 1049 2110 proprietatem,

31 2129 105 2165 seio
123 2133 247 2164 utrum
265 2128 382 2174 possit
401 2128 568 2173 reperiri.
591 2126 629 2162 Si
648 2126 746 2163 enim
765 2125 918 2173 alicujus
938 2126 1052 2172 signi-

17 2191 162 2227 ationis
189 2201 301 2227 causa
328 2190 552 2236 prohibitum
581 2189 830 2236 acceperimus
853 2199 986 2236 agnum
1014 2189 1051 2224 in

21 2255 74 2287 ete
95 2250 223 2297 coqui,
249 2251 369 2286 nullus
387 2261 473 2287 usus
498 2257 554 2287 est
574 2251 625 2287 ita
648 2251 839 2297 coquendi.
869 2249 907 2286 Si
929 2257 1051 2286 autem

43 2311 170 2348 diebus
193 2311 324 2358 quibus
344 2311 511 2355 lactatur,
534 2311 616 2358 quis
645 2312 714 2348 hoc
741 2311 867 2347 habuit
891 2321 1051 2357 unquam

21 2372 188 2409 ¹doeorum
206 2372 242 2408 in
262 2372 531 2415 observatione,
552 2377 592 2407 ut
613 2382 745 2419 agnum
763 2378 960 2417 coqueret,
980 2371 1051 2407 nisi

14 2444 66 2470 um
85 2434 278 2471 desisteret
295 2434 448 2481 sugere?
468 2434 562 2478 Quid
583 2439 638 2470 est
658 2440 780 2470 autem
799 2434 835 2469 in
855 2433 950 2469 lacte
975 2443 1053 2469 ma-

16 2507 51 2534 ts
79 2498 176 2534 suae?
204 2499 309 2544 quasi
336 2505 461 2545 posset
485 2499 593 2535 etiam
614 2499 644 2534 si
674 2499 743 2535 hoc
771 2498 1049 2546 intelligeretur,

11 2568 62 2595 une
77 2559 186 2606 hujus
202 2560 374 2606 praecepti
393 2561 682 2607 transgressione
701 2560 822 2606 coqui,
839 2561 869 2596 si
886 2571 929 2595 eo
950 2565 1050 2603 nato,

14 2625 126 2655 ortua
144 2625 260 2655 matre
276 2619 368 2664 ejus,
391 2620 436 2655 ab
455 2630 522 2656 ove
547 2621 616 2656 alia
643 2621 853 2657 lactaretur.
875 2621 966 2657 Cum
987 2621 1055 2656 ali-

29 2678 88 2723 Jus
106 2678 269 2725 proiecto
287 2679 340 2714 rei
368 2679 614 2724 significandae
631 2690 741 2715 causa
763 2681 836 2715 sint
853 2685 1049 2726 praecepta,

16 2749 91 2775 nmo
116 2739 287 2786 ambigit,
315 2739 424 2775 etiam
450 2739 510 2775 illa
538 2750 617 2785 quae
642 2748 795 2786 possunt
814 2751 897 2777 cum
924 2741 1051 2777 obser-

12 2799 108 2837 nntia
132 2799 291 2836 factitari
318 2811 390 2836 non
410 2801 490 2836 sine
519 2810 631 2836 causa
659 2801 710 2836 ita
743 2807 826 2837 sunt
854 2807 1048 2848 prcecepta.

33 2859 199 2902 nificant
216 2860 314 2896 enim
342 2859 490 2905 aliquid.
520 2860 597 2897 Hoc
616 2871 704 2898 vero
725 2863 905 2908 quomodo
924 2864 1052 2899 obser-

93 2947 104 2964 ,
124 2920 170 2957 ad
198 2921 460 2968 proprietatem
478 2922 673 2959 verborum
696 2929 760 2960 aut
784 2935 858 2961 non
886 2930 955 2970 est,
987 2931 1051 2962 aut

35 2980 205 3019 n'elueet.
224 2980 377 3018 Lectum
394 2987 518 3019 tamen
534 2983 580 3020 de
598 2982 745 3021 Christo
760 2985 934 3031 approbo,
954 2987 1051 3033 quod

35 3041 257 3094 &prophetia
272 3044 469 3091 praedictus
481 3050 623 3083 estnon
641 3046 860 3084 occidendus
877 3058 898 3084 a
915 3046 1050 3085 Judaeis

23 3096 118 3157 Δὀᾶ,
135 3106 281 3152 quando
304 3105 467 3144 Herodes
491 3118 659 3154 quaerens
682 3118 766 3144 eum
786 3113 827 3144 ut
852 3109 1048 3154 occideret,

46 3173 66 3194 1·
79 3162 233 3204 invenit.
253 3165 314 3211 Ut,
334 3179 474 3215 coques,
501 3169 597 3214 quod
620 3169 758 3205 dictum
778 3175 847 3213 est,
866 3171 1051 3216 pertineat

19 3223 33 3272 ξ
49 3223 168 3275 W
186 3227 382 3274 passionis,
403 3229 474 3265 hoe
491 3234 548 3265 est
566 3229 852 3266 tribulationem.
876 3230 979 3268 Unde
995 3230 1050 3267 di-

96 3297 108 3324 :
134 3287 229 3325 Vasa
247 3289 348 3336 ftquli
364 3290 488 3337 probat
506 3290 635 3337 fornax
658 3300 670 3325 .·
691 3296 724 3326 et
741 3292 897 3328 homines
913 3293 1044 3339 justos,

132 3351 384 3389 -2tributationis
403 3352 516 3401 (an.
535 3353 665 3402 xxvu).
685 3353 777 3399 Quia
795 3365 883 3402 ergo
899 3366 972 3392 non
990 3361 1047 3393 est

23 3424 41 3463 „¹
64 3433 67 3436 ι
123 3419 163 3442 ›2'2
184 3422 218 3450 ιε
244 3423 387 3461 passus,
416 3425 500 3451 cum
525 3420 712 3462 quaerente
734 3415 910 3461 Herode,
921 3405 1056 3463 hujus?

111 3476 114 3478 ’
135 3498 148 3505 --
167 3475 297 3555 culum
322 3476 514 3515 imminere
531 3477 732 3523 videretur,
752 3478 966 3525 praedictum
989 3483 1047 3515 est

78 3566 89 3585 ἶ.
171 3567 173 3569 .
199 3538 320 3576 ‚Non
342 3549 467 3587 coques
485 3549 616 3587 aqnum
638 3539 676 3575 in
698 3538 787 3576 lacte
805 3540 929 3576 matris
955 3549 1044 3576 suan
1050 3587 1053 3590 .

136 3602 147 3613 ²
162 3600 250 3631 m„
268 3592 424 3637 forsitan
443 3609 517 3637 non
539 3600 738 3639 absurdum
761 3604 837 3643 est,
859 3598 958 3646 quod
985 3597 1048 3634 alii

65 3632 147 3707 {J
166 3653 172 3656 V
191 3667 287 3724 2*
314 3657 536 3730 pmceptum
558 3673 625 3710 per
653 3662 904 3732 prophetiam,
935 3672 980 3698 ne
1008 3671 1048 3698 se

1131 274 1277 312 seminae
1290 285 1336 312 ex
1353 285 1427 322 quo
1441 276 1688 322 conceperint,
1708 276 1766 313 lac
1781 277 1965 324 colligere.
1992 281 2055 319 lllo
2079 291 2202 324 autem

1130 347 1258 374 mense
1275 347 1427 384 passum
1444 347 1526 375 esse
1543 336 1733 375 Christum
1755 343 1793 374 et
1813 337 1964 376 Paschae
1980 341 2199 388 observatio,

1130 406 1168 438 et
1187 401 1266 438 dies
1281 402 1447 438 eeclesiis
1461 402 1675 439 notissimus
1691 402 1895 439 nativitatis
1915 402 2007 449 eius,
2028 405 2201 443 ostendit.

1131 463 1199 508 Qui
1228 462 1326 499 enim
1357 473 1483 500 mense
1514 473 1611 501 nono
1643 469 1751 501 natus
1773 469 1842 508 est,
1864 469 1994 501 octavo
2023 464 2205 503 Kalendas

1129 525 1335 568 lanuarias,
1351 526 1516 572 profecto
1530 537 1657 564 mense
1671 527 1790 574 primo
1806 533 2004 575 conceptus
2020 532 2087 572 est,
2104 529 2205 566 cirea

1129 595 1297 626 octavam
1313 587 1495 625 Kalendas
1514 588 1649 636 Aprilis
1670 602 1679 625 :
1702 589 1799 636 quod
1817 595 1960 637 tempus
1979 590 2090 626 etiam
2116 601 2203 638 pas-

1130 648 1244 686 sionis
1262 649 1342 696 ejus
1362 648 1431 685 fuit
1461 649 1499 685 in
1515 649 1611 686 lacte
1630 649 1760 686 matris
1776 659 1851 686 suae
1872 662 1879 686 :
1901 650 1972 687 hoc
1994 650 2109 688 estin
2128 651 2206 688 die-

1128 709 1198 747 bus
1222 710 1352 747 matris
1372 721 1460 747 suae.
1483 710 1574 747 Item
1599 720 1664 758 per
1685 711 1925 759 tropologiam
1939 739 1948 755 ,
1971 711 2054 749 Non
2078 723 2205 760 coques

1129 771 1270 807 boedum
1284 772 1321 808 in
1342 771 1432 808 lacte
1449 772 1573 808 matris
1589 783 1676 808 sum.
1694 771 1827 809 Haedus
1842 772 1902 809 hic
1919 772 1987 810 sub
1999 773 2205 820 peccatoris
2256 795 2262 802 ι

1129 832 1244 880 figura
1263 833 1520 871 introducitur.
1539 833 1697 871 Proinde
1712 844 1870 881 peccans
1887 845 1961 871 non
1979 841 2035 872 est
2047 845 2206 882 coquen-

1129 893 1196 930 dus
1224 894 1261 929 in
1289 894 1383 931 lacte
1404 895 1549 939 matris,
1571 895 1609 932 id
1638 901 1694 932 est
1723 905 1797 931 non
1817 900 1873 932 est
1898 896 2111 943 purgandus
2129 906 2206 934 me·-

1129 956 1315 993 diocribus
1335 957 1614 1004 tenerrimisque
1633 957 1809 994 Ecclesiae
1826 957 2043 1004 disciplinis,
2059 957 2123 994 sed
2141 968 2207 994 au-

1129 1017 1346 1054 sterioribus
1365 1019 1559 1064 praeceptis
1579 1018 1658 1063 eJ'us
1676 1023 1762 1054 sunt
1782 1018 2019 1064 excoquenda
2038 1024 2203 1065 peecata,

1130 1079 1234 1126 eujus
1253 1090 1383 1127 magna
1404 1085 1488 1116 sunt
1505 1079 1676 1122 erimina,
1695 1084 1736 1115 ut
1758 1079 1821 1125 qui
1838 1089 1903 1126 per
1922 1078 2083 1116 lascivia:
2102 1079 2205 1116 blan-

1076 1130 1109 1170 B
1128 1143 1290 1180 dimenta
1317 1153 1355 1180 se
1380 1143 1562 1190 perdidit,
1584 1142 1738 1178 fortiore
1764 1141 1955 1188 disciplina
1975 1151 2013 1178 se
2033 1141 2202 1179 redimat.

1546 1217 1700 1255 CAPUT
1726 1217 1786 1254 tv.

1128 1275 1195 1312 Ubi
1214 1279 1375 1325 prwditit
1396 1279 1627 1326 expulsurum
1646 1289 1682 1314 se
1702 1289 1741 1324 q(
1746 1284 1820 1314 ntes
1843 1289 1904 1325 per
1923 1289 2069 1313 mimum
2090 1278 2206 1324 aityeli

1174 1337 1194 1360 a
1211 1326 1304 1372 facie
1324 1327 1481 1372 filiorum
1505 1326 1643 1370 Israel,
1663 1325 1692 1362 si
1709 1332 1827 1361 tamen
1847 1325 2013 1361 audirent
2028 1332 2205 1372 praecepta

1178 1375 1321 1411 Domini
1343 1381 1373 1410 et
1396 1374 1550 1420 facerent
1571 1385 1626 1409 eu.

1173 1450 1266 1486 Ecce
1286 1460 1347 1495 eqo
1373 1449 1472 1483 ntitto
1494 1448 1657 1494 anqelum
1683 1459 1799 1484 meum
1823 1449 1883 1495 qui
1909 1447 2086 1495 praecedat
2113 1454 2146 1484 te
2173 1453 2206 1485 et

1126 1510 1303 1547 custodiat
1324 1511 1360 1545 in
1381 1510 1449 1553 via,
1469 1516 1499 1545 et
1521 1509 1723 1545 introducat
1742 1510 1788 1545 ad
1806 1509 1923 1545 locum
1940 1521 2042 1556 quem
2065 1510 2204 1557 paravi.

1127 1572 1284 1608 Observa
1303 1582 1396 1615 eum,
1419 1577 1451 1606 et
1469 1571 1555 1606 audi
1576 1583 1691 1607 vocem
1710 1572 1808 1618 ejus;
1833 1583 1894 1608 nec
1912 1572 2205 1608 contemnendum

1124 1641 1239 1681 putes,
1260 1634 1346 1681 quia
1367 1645 1437 1669 non
1461 1633 1610 1668 dimittet
1630 1644 1709 1668 cum
1732 1634 1958 1679 peccaveritis
1979 1644 1990 1667 :
2011 1640 2044 1669 et
2066 1639 2118 1669 est
2139 1644 2205 1669 no-

1125 1707 1204 1732 men
1234 1706 1350 1731 'neum
1379 1695 1416 1730 in
1436 1694 1497 1730 illo
1529 1694 1662 1742 (Esou.
1683 1694 1804 1740 xxiii).
1834 1693 1909 1730 Hac
1937 1695 2117 1730 sententia
2147 1703 2206 1731 se-

1125 1758 1285 1794 cundum
1305 1757 1496 1792 historiam
1515 1755 1625 1792 Josue
1645 1756 1775 1792 ducem
1793 1756 1915 1802 populi
1930 1755 2122 1792 Israelitici
2141 1756 2208 1793 de-

1124 1824 1227 1855 notat
1250 1830 1257 1853 ;
1281 1819 1342 1864 qui
1363 1818 1444 1854 ideo
1465 1817 1614 1864 angelus
1635 1817 1860 1860 nominatur,
1879 1817 1964 1863 quia
1985 1817 2031 1853 ad
2052 1817 2206 1864 legatio-

1124 1890 1207 1915 nem
1241 1879 1382 1914 Domini
1417 1878 1662 1924 peragendam
1694 1878 1899 1914 destinatus
1935 1883 2005 1913 est.
2045 1877 2205 1924 Angelos

1124 1939 1220 1974 enim
1240 1938 1381 1981 Graece,
1408 1938 1557 1974 nuntios
1584 1948 1771 1974 vocamus.
1793 1938 1838 1973 Et
1862 1939 1954 1974 hene
1972 1937 2082 1974 Josue
2107 1948 2203 1974 nun-

1125 2000 1197 2036 tius
1221 2000 1291 2035 dici
1312 2005 1452 2045 potest,
1474 1999 1647 2045 quoniam
1676 1999 1712 2034 in
1740 1999 1914 2035 Israelitis
1934 2000 2078 2036 Domini
2098 2009 2204 2037 man-

1122 2062 1203 2098 data
1224 2061 1395 2105 innotuit,
1413 2067 1449 2097 et
1465 2061 1633 2108 gentibus
1652 2060 1715 2096 Dei
1737 2062 1940 2107 potentiam
1959 2071 2002 2097 ac
2023 2067 2203 2100 terrorem

1122 2126 1315 2161 intimavit.
1350 2125 1461 2172 Cujus
1494 2125 1574 2161 voci
1613 2124 1790 2161 Dominus
1828 2124 1932 2170 jubet
1970 2126 2102 2172 populo
2134 2136 2201 2163 suo

1122 2189 1390 2234 obtemperare.
1413 2188 1517 2224 Unde
1541 2193 1578 2223 et
1604 2188 1698 2224 idem
1722 2187 1878 2234 populus
1898 2187 1943 2223 ad
1964 2198 2047 2224 eum
2066 2188 2203 2225 dixisse

1122 2250 1304 2285 refertur:
1330 2248 1429 2284 Sicut
1450 2247 1678 2290 obedivimus,
1700 2247 1870 2294 inquiunt
1889 2247 2017 2294 Moysi,
2044 2248 2095 2283 sic
2121 2248 2203 2284 obe-

1122 2310 1257 2346 diemus
1276 2315 1308 2346 et
1324 2309 1398 2344 tibi.
1423 2308 1574 2344 Tantum
1593 2308 1637 2343 sit
1658 2308 1831 2343 Dominus
1848 2307 1944 2344 Deus
1961 2314 2089 2353 tecum,
2111 2309 2202 2345 sicut

1122 2371 1188 2416 suit
1219 2381 1298 2405 cum
1331 2369 1460 2416 Moysi.
1497 2369 1567 2412 Qui
1598 2369 1852 2404 contradixerit
1884 2370 1938 2405 ori
1966 2376 2041 2413 tuo,
2070 2376 2102 2406 et
2130 2381 2202 2406 non

1121 2431 1288 2467 obedierit
1311 2431 1445 2466 cunctis
1474 2429 1693 2466 sermonibus
1722 2430 1790 2464 tuis
1816 2441 1904 2475 quos
1923 2431 2128 2476 pra’ceperis
2152 2430 2198 2472 ei,

1122 2493 1298 2527 moriatur
1317 2490 1439 2537 (Josue
1461 2489 1501 2537 ι).
1525 2490 1587 2533 Et,
1611 2489 1744 2536 inquit,
1771 2501 1896 2526 nomen
1919 2500 2035 2525 meum
2064 2490 2101 2524 in
2122 2488 2198 2525 illo.

1122 2550 1255 2586 Risui-ie
1279 2559 1411 2585 nomen
1437 2549 1581 2584 Domini
1603 2554 1682 2584 erat
1700 2549 1735 2583 in
1757 2548 1878 2589 Josue,
1901 2548 1963 2593 qui
1981 2553 2018 2584 et
2035 2548 2199 2585 lsraelita

1122 2612 1203 2647 suit.
1224 2610 1334 2647 lsrael
1355 2610 1451 2645 enim
1471 2610 1732 2655 interpretatur
1750 2609 1806 2644 vir
1823 2609 1951 2645 videns
1972 2609 2100 2653 Deum,
2122 2610 2199 2647 sive

1121 2674 1291 2719 princeps
1314 2683 1397 2707 cum
1415 2673 1502 2707 Deo.
1523 2671 1568 2706 Et
1584 2681 1719 2722 nomen
1741 2669 1840 2714 Jesu,
1863 2670 1900 2706 id
1917 2676 1989 2714 est,
2005 2670 2198 2708 salvatoris

1122 2735 1158 2770 in
1183 2741 1222 2770 se
1243 2734 1370 2770 habuit
1394 2745 1401 2768 :
1425 2742 1533 2778 quem
1552 2737 1589 2768 et
1611 2733 1648 2767 in
1666 2730 1783 2767 officio
1801 2736 1836 2767 et
1858 2731 2003 2767 nomine
2029 2731 2199 2780 praefigu-

1121 2798 1229 2833 ravit.
1254 2797 1344 2832 Nam
1364 2796 1564 2832 secundum
1585 2794 1812 2841 allegoriam,
1838 2794 1914 2840 ipse
1934 2794 2096 2841 angelus,
2119 2795 2198 2841 ipse

1123 2857 1298 2894 Dominus
1316 2862 1353 2893 ct
1371 2857 1579 2902 redemptor
1603 2861 1732 2891 noster
1756 2855 1906 2901 intelligi
1939 2859 2071 2901 potest.
2104 2854 2196 2893 Natu

1122 2919 1200 2966 ipse
1216 2929 1282 2966 per
1299 2920 1515 2966 prophetam
1532 2926 1679 2965 propter
1696 2918 2006 2965 dispensationem
2026 2918 2196 2955 humani-

1123 2982 1226 3024 tatis,
1257 2981 1379 3028 magni
1408 2980 1549 3017 consilii
1577 2980 1727 3026 angelus
1747 2986 1993 3026 nuncupatur,
2016 2980 2102 3027 quia
2122 2990 2198 3017 suae

1119 3049 1155 3081 et
1175 3048 1336 3090 paternae
1355 3043 1554 3088 voluntatis
1567 3047 1624 3080 est
1643 3042 1892 3079 annuntiator.
1914 3042 2030 3087 Quem
2043 3042 2106 3090 qui
2122 3053 2196 3083 non

1120 3106 1292 3150 audierit,
1308 3105 1615 3142 exterminabitur
1630 3105 1674 3141 de
1691 3098 1824 3151 populi)
1841 3115 1920 3141 suo.
1938 3103 2077 3141 Nomen
2097 3105 2195 3142 enim

1119 3168 1184 3204 Dei
1214 3168 1252 3204 in
1279 3168 1343 3204 illo
1359 3169 1542 3204 veraciter
1561 3173 1632 3211 est,
1651 3167 1736 3214 quia
1754 3178 1837 3204 eum
1867 3167 1915 3204 sit
1945 3167 2055 3204 homo
2085 3176 2194 3203 verus

1119 3229 1215 3271 Deus
1235 3230 1457 3276 agnoscitur.
1487 3229 1661 3276 Sequitur
1683 3241 1692 3265 :
1717 3229 1821 3273 Quod
1839 3230 1870 3265 si
1897 3228 2052 3265 audieris
2076 3237 2192 3263 vocem

1117 3291 1208 3338 ejus,
1230 3297 1262 3327 et
1279 3291 1403 3338 feceris
1420 3291 1538 3326 omnia
1556 3302 1635 3336 quw
1657 3289 1794 3336 loquor,
1811 3289 1975 3325 inimicus
1993 3299 2053 3323 ero
2069 3286 2190 3322 inimi-

1117 3353 1167 3388 cis
1192 3353 1284 3395 tuis,·
1303 3358 1337 3388 et
1362 3353 1514 3400 affligam
1534 3353 1722 3399 affligentes
1742 3357 1774 3387 te
1781 3363 1794 3394 ;
1813 3349 2051 3398 proecedetque
2069 3352 2102 3382 te
2121 3357 2189 3383 an-

1117 3414 1214 3462 qelus
1223 3427 1336 3460 meus,
1353 3421 1385 3451 et
1403 3415 1601 3451 introducet
1622 3413 1668 3450 ad
1683 3413 1940 3452 Amorrhoeum,
1957 3415 1990 3445 et
2006 3408 2187 3454 Ethoeum,

1117 3481 1150 3513 et
1158 3475 1404 3519 Pherezoeum,
1414 3473 1722 3519 Ghananaeumque
1730 3477 1762 3507 et
1770 3470 1804 3506 Ε
1805 3479 1916 3506 voeum
1925 3474 1958 3504 et
1965 3468 2186 3515 Jebuzaeum,

1119 3545 1193 3576 etc.
1219 3537 1466 3575 Historialiter
1491 3536 1591 3573 enim
1614 3533 1789 3581 populum
1813 3531 2054 3569 israeliticum
2076 3530 2188 3569 Josue
2250 3524 2253 3526 ’

1119 3598 1322 3637 introduxit
1345 3599 1383 3634 in
1401 3603 1539 3634 terram
1566 3593 1874 3641 repromissionis,
1894 3593 2043 3642 ejiciens
2061 3598 2188 3642 gentes

1120 3671 1212 3714 quas
1229 3659 1508 3708 praenominavit
1521 3668 1543 3694 a
1554 3657 1650 3693 facie
1665 3666 1808 3701 eorum,
1825 3656 2078 3694 comminuens
2090 3654 2187 3692 idola

1119 3729 1157 3761 et
1182 3723 1373 3760 destruens
1399 3730 1484 3757 aras
1515 3729 1656 3757 eorum.
1687 3718 1936 3771 Spiritualiter
1959 3724 2081 3757 autem
2110 3718 2185 3766 Re-

1120 3785 1286 3832 demptor
1303 3786 1442 3828 noster,
1461 3781 1501 3820 in
1522 3780 1628 3821 nobis
1642 3779 1712 3820 has
1730 3780 2017 3838 sepimenta
2031 3788 2117 3820 cum
2131 3771 2193 3834 tsi-s
