<?xml version="1.0" encoding="UTF-8"?>
<!DOCTYPE html PUBLIC "-//W3C//DTD XHTML 1.0 Transitional//EN"
    "http://www.w3.org/TR/xhtml1/DTD/xhtml1-transitional.dtd">
<html xmlns="http://www.w3.org/1999/xhtml" xml:lang="en" lang="en">
 <head>
  <title>
</title>
<meta http-equiv="Content-Type" content="text/html;charset=utf-8" />
  <meta name='ocr-system' content='tesseract 3.04.00' />
  <meta name='ocr-capabilities' content='ocr_page ocr_carea ocr_par ocr_line ocrx_word'/>
</head>
<body>
  <div class='ocr_page' id='page_1' title='image "./patrologiae00unknuoft_0227.png"; bbox 0 0 2540 4016; ppageno 0'>
   <div class='ocr_carea' id='block_1_1' title="bbox 30 149 136 189">
    <p class='ocr_par' dir='ltr' id='par_1_1' title="bbox 30 149 136 189">
     <span class='ocr_line' id='line_1_1' title="bbox 30 149 136 189; baseline 0.009 -1"><span class='ocrx_word' id='word_1_1' title='bbox 30 149 136 189; x_wconf 58' lang='lat' dir='ltr'><strong>‘ut</strong></span> 
     </span>
    </p>
   </div>
   <div class='ocr_carea' id='block_1_2' title="bbox 683 131 1624 184">
    <p class='ocr_par' dir='ltr' id='par_1_2' title="bbox 683 131 1624 184">
     <span class='ocr_line' id='line_1_2' title="bbox 683 131 1624 184; baseline -0.003 -1"><span class='ocrx_word' id='word_1_2' title='bbox 683 142 1017 183; x_wconf 69' lang='lat' dir='ltr'><strong>Expostrlolms</strong></span> <span class='ocrx_word' id='word_1_3' title='bbox 1038 140 1373 184; x_wconf 71' lang='lat' dir='ltr'><strong>1N.1,Evrr1cun.</strong></span> <span class='ocrx_word' id='word_1_4' title='bbox 1399 161 1448 168; x_wconf 94' lang='lat'>—</span> <span class='ocrx_word' id='word_1_5' title='bbox 1470 131 1558 180; x_wconf 69' lang='lat' dir='ltr'><strong>Lib.</strong></span> <span class='ocrx_word' id='word_1_6' title='bbox 1582 143 1624 182; x_wconf 81' lang='lat' dir='ltr'><strong>V.</strong></span> 
     </span>
    </p>
   </div>
   <div class='ocr_carea' id='block_1_3' title="bbox 1618 0 1704 41">
    <p class='ocr_par' dir='ltr' id='par_1_3' title="bbox 1618 0 1704 41">
     <span class='ocr_line' id='line_1_3' title="bbox 1618 0 1704 41; baseline 0 0"><span class='ocrx_word' id='word_1_7' title='bbox 1618 0 1704 41; x_wconf 68' lang='lat' dir='ltr'>v</span> 
     </span>
    </p>
   </div>
   <div class='ocr_carea' id='block_1_4' title="bbox 2175 143 2250 186">
    <p class='ocr_par' dir='ltr' id='par_1_4' title="bbox 2175 143 2250 186">
     <span class='ocr_line' id='line_1_4' title="bbox 2175 143 2250 186; baseline -0.013 0"><span class='ocrx_word' id='word_1_8' title='bbox 2175 143 2250 186; x_wconf 69' lang='lat'><strong>4⁴2</strong></span> 
     </span>
    </p>
   </div>
   <div class='ocr_carea' id='block_1_5' title="bbox 47 196 2250 278">
    <p class='ocr_par' dir='ltr' id='par_1_5' title="bbox 47 196 2250 278">
     <span class='ocr_line' id='line_1_5' title="bbox 47 196 2250 278; baseline -0.002 -15"><span class='ocrx_word' id='word_1_9' title='bbox 47 227 59 270; x_wconf 62' lang='grc' dir='ltr'>ζ</span> <span class='ocrx_word' id='word_1_10' title='bbox 133 196 296 265; x_wconf 70' lang='lat' dir='ltr'><strong>:tuorum</strong></span> <span class='ocrx_word' id='word_1_11' title='bbox 315 233 425 271; x_wconf 85' lang='lat' dir='ltr'><strong>super</strong></span> <span class='ocrx_word' id='word_1_12' title='bbox 441 223 554 260; x_wconf 85' lang='lat' dir='ltr'><strong>vitam</strong></span> <span class='ocrx_word' id='word_1_13' title='bbox 568 220 752 264; x_wconf 82' lang='lat' dir='ltr'><strong>inducere,</strong></span> <span class='ocrx_word' id='word_1_14' title='bbox 772 220 836 256; x_wconf 89' lang='lat' dir='ltr'><strong>sed</strong></span> <span class='ocrx_word' id='word_1_15' title='bbox 851 218 1125 256; x_wconf 87' lang='lat' dir='ltr'><strong>custodiendum</strong></span> <span class='ocrx_word' id='word_1_16' title='bbox 1144 225 1179 264; x_wconf 77' lang='grc' dir='ltr'><strong>Α</strong></span> <span class='ocrx_word' id='word_1_17' title='bbox 1195 217 1349 265; x_wconf 65' lang='lat' dir='ltr'><strong>legitima</strong></span> <span class='ocrx_word' id='word_1_18' title='bbox 1363 227 1442 252; x_wconf 85' lang='lat' dir='ltr'><strong>mea</strong></span> <span class='ocrx_word' id='word_1_19' title='bbox 1455 222 1562 264; x_wconf 81' lang='lat' dir='ltr'><strong>atque</strong></span> <span class='ocrx_word' id='word_1_20' title='bbox 1570 217 1725 263; x_wconf 73' lang='lat' dir='ltr'><strong>judicia.</strong></span> <span class='ocrx_word' id='word_1_21' title='bbox 1741 216 1815 264; x_wconf 75' lang='lat' dir='ltr'><strong>(Ex</strong></span> <span class='ocrx_word' id='word_1_22' title='bbox 1829 199 2032 268; x_wconf 66' lang='lat' dir='ltr'><strong>flesyoaio&#39;.)</strong></span> <span class='ocrx_word' id='word_1_23' title='bbox 2044 220 2250 278; x_wconf 55' lang='lat' dir='ltr'><strong>Nongnrvo</strong></span> 
     </span>
    </p>
   </div>
   <div class='ocr_carea' id='block_1_6' title="bbox 48 275 1132 1119">
    <p class='ocr_par' dir='ltr' id='par_1_6' title="bbox 48 275 1132 1119">
     <span class='ocr_line' id='line_1_6' title="bbox 48 275 1127 330; baseline -0.011 -5"><span class='ocrx_word' id='word_1_24' title='bbox 48 275 87 325; x_wconf 48' lang='lat' dir='ltr'><strong>‘s</strong></span> <span class='ocrx_word' id='word_1_25' title='bbox 144 286 247 324; x_wconf 91' lang='lat' dir='ltr'><strong>Pauli</strong></span> <span class='ocrx_word' id='word_1_26' title='bbox 261 287 471 324; x_wconf 88' lang='lat' dir='ltr'><strong>mandatum</strong></span> <span class='ocrx_word' id='word_1_27' title='bbox 486 284 660 330; x_wconf 85' lang='lat' dir='ltr'><strong>scriptum</strong></span> <span class='ocrx_word' id='word_1_28' title='bbox 676 292 696 318; x_wconf 90' lang='lat' dir='ltr'><strong>a</strong></span> <span class='ocrx_word' id='word_1_29' title='bbox 713 281 863 328; x_wconf 78' lang='lat' dir='ltr'><strong>Spiritu,</strong></span> <span class='ocrx_word' id='word_1_30' title='bbox 883 280 971 325; x_wconf 82' lang='lat' dir='ltr'><strong>Quae</strong></span> <span class='ocrx_word' id='word_1_31' title='bbox 986 279 1127 326; x_wconf 82' lang='lat' dir='ltr'><strong>partici-</strong></span> 
     </span>
     <span class='ocr_line' id='line_1_7' title="bbox 53 338 1130 398; baseline -0.011 -12"><span class='ocrx_word' id='word_1_32' title='bbox 53 349 167 398; x_wconf 62' lang='lat' dir='ltr'><strong>spatio</strong></span> <span class='ocrx_word' id='word_1_33' title='bbox 178 348 329 396; x_wconf 70' lang='lat' dir='ltr'><strong>justitiae</strong></span> <span class='ocrx_word' id='word_1_34' title='bbox 353 346 399 383; x_wconf 80' lang='lat' dir='ltr'><strong>ad</strong></span> <span class='ocrx_word' id='word_1_35' title='bbox 418 342 746 395; x_wconf 71' lang='lat' dir='ltr'><strong>iniquitatem?Aut</strong></span> <span class='ocrx_word' id='word_1_36' title='bbox 766 352 843 389; x_wconf 83' lang='lat' dir='ltr'><strong>quoe</strong></span> <span class='ocrx_word' id='word_1_37' title='bbox 860 342 1006 377; x_wconf 84' lang='lat' dir='ltr'><strong>societas</strong></span> <span class='ocrx_word' id='word_1_38' title='bbox 1026 338 1130 375; x_wconf 73' lang='lat' dir='ltr'><strong>Clari-</strong></span> 
     </span>
     <span class='ocr_line' id='line_1_8' title="bbox 73 401 1130 455; baseline -0.011 -8"><span class='ocrx_word' id='word_1_39' title='bbox 73 411 117 448; x_wconf 79' lang='lat' dir='ltr'><strong>sti</strong></span> <span class='ocrx_word' id='word_1_40' title='bbox 135 409 180 445; x_wconf 83' lang='lat' dir='ltr'><strong>ad</strong></span> <span class='ocrx_word' id='word_1_41' title='bbox 193 407 308 445; x_wconf 84' lang='lat' dir='ltr'><strong>Belial</strong></span> <span class='ocrx_word' id='word_1_42' title='bbox 326 405 420 455; x_wconf 69' lang='grc'>2,(11</span> <span class='ocrx_word' id='word_1_43' title='bbox 438 405 594 442; x_wconf 79' lang='lat' dir='ltr'><strong>Corinth.</strong></span> <span class='ocrx_word' id='word_1_44' title='bbox 606 403 671 452; x_wconf 80' lang='lat' dir='ltr'><strong>vi.)</strong></span> <span class='ocrx_word' id='word_1_45' title='bbox 695 402 771 439; x_wconf 83' lang='lat' dir='ltr'><strong>Hoc</strong></span> <span class='ocrx_word' id='word_1_46' title='bbox 787 402 883 438; x_wconf 90' lang='lat' dir='ltr'><strong>enim</strong></span> <span class='ocrx_word' id='word_1_47' title='bbox 904 405 940 438; x_wconf 91' lang='lat' dir='ltr'><strong>et</strong></span> <span class='ocrx_word' id='word_1_48' title='bbox 954 401 1032 447; x_wconf 90' lang='lat' dir='ltr'><strong>ipse</strong></span> <span class='ocrx_word' id='word_1_49' title='bbox 1044 408 1130 445; x_wconf 91' lang='lat' dir='ltr'><strong>quo-</strong></span> 
     </span>
     <span class='ocr_line' id='line_1_9' title="bbox 74 460 1127 515; baseline -0.01 -9"><span class='ocrx_word' id='word_1_50' title='bbox 74 468 263 506; x_wconf 84' lang='lat' dir='ltr'><strong>dammodo</strong></span> <span class='ocrx_word' id='word_1_51' title='bbox 282 466 465 515; x_wconf 87' lang='lat' dir='ltr'><strong>legislator</strong></span> <span class='ocrx_word' id='word_1_52' title='bbox 480 464 733 512; x_wconf 31' lang='lat' dir='ltr'><strong>significans-in</strong></span> <span class='ocrx_word' id='word_1_53' title='bbox 752 463 810 499; x_wconf 89' lang='lat' dir='ltr'><strong>his</strong></span> <span class='ocrx_word' id='word_1_54' title='bbox 824 472 903 508; x_wconf 86' lang='lat' dir='ltr'><strong>quae</strong></span> <span class='ocrx_word' id='word_1_55' title='bbox 920 460 1016 497; x_wconf 92' lang='lat' dir='ltr'><strong>dicta</strong></span> <span class='ocrx_word' id='word_1_56' title='bbox 1031 463 1127 502; x_wconf 89' lang='lat' dir='ltr'><strong>sunt,</strong></span> 
     </span>
     <span class='ocr_line' id='line_1_10' title="bbox 74 520 1130 573; baseline -0.01 -8"><span class='ocrx_word' id='word_1_57' title='bbox 74 538 156 565; x_wconf 84' lang='lat' dir='ltr'><strong>cum</strong></span> <span class='ocrx_word' id='word_1_58' title='bbox 176 528 335 566; x_wconf 81' lang='lat' dir='ltr'><strong>subdidit</strong></span> <span class='ocrx_word' id='word_1_59' title='bbox 351 539 359 563; x_wconf 93' lang='lat'>:</span> <span class='ocrx_word' id='word_1_60' title='bbox 385 526 461 573; x_wconf 76' lang='lat' dir='ltr'><strong>qu</strong></span> <span class='ocrx_word' id='word_1_61' title='bbox 480 525 667 568; x_wconf 79' lang='lat' dir='ltr'><strong>Dominus,</strong></span> <span class='ocrx_word' id='word_1_62' title='bbox 686 524 745 571; x_wconf 84' lang='lat' dir='ltr'><strong>qui</strong></span> <span class='ocrx_word' id='word_1_63' title='bbox 763 522 911 570; x_wconf 76' lang='lat' dir='ltr'><strong>qloriam</strong></span> <span class='ocrx_word' id='word_1_64' title='bbox 929 520 1037 556; x_wconf 76' lang='lat' dir='ltr'><strong>liabeo</strong></span> <span class='ocrx_word' id='word_1_65' title='bbox 1056 530 1130 555; x_wconf 90' lang='lat' dir='ltr'><strong>om-</strong></span> 
     </span>
     <span class='ocr_line' id='line_1_11' title="bbox 75 580 1128 631; baseline -0.009 -6"><span class='ocrx_word' id='word_1_66' title='bbox 75 589 176 625; x_wconf 78' lang='lat' dir='ltr'><strong>nibus</strong></span> <span class='ocrx_word' id='word_1_67' title='bbox 201 586 577 629; x_wconf 75' lang='lat' dir='ltr'><strong>incommunicabilem,</strong></span> <span class='ocrx_word' id='word_1_68' title='bbox 596 591 731 631; x_wconf 89' lang='lat' dir='ltr'><strong>quanto</strong></span> <span class='ocrx_word' id='word_1_69' title='bbox 756 583 870 628; x_wconf 87' lang='lat' dir='ltr'><strong>magis</strong></span> <span class='ocrx_word' id='word_1_70' title='bbox 891 580 1128 622; x_wconf 82' lang='lat' dir='ltr'><strong>daemonibus,</strong></span> 
     </span>
     <span class='ocr_line' id='line_1_12' title="bbox 74 643 1128 695; baseline -0.009 -10"><span class='ocrx_word' id='word_1_71' title='bbox 74 650 137 695; x_wconf 87' lang='lat' dir='ltr'><strong>qui</strong></span> <span class='ocrx_word' id='word_1_72' title='bbox 166 654 395 694; x_wconf 76' lang='lat' dir='ltr'><strong>corruptores</strong></span> <span class='ocrx_word' id='word_1_73' title='bbox 427 652 512 684; x_wconf 91' lang='lat' dir='ltr'><strong>sunt</strong></span> <span class='ocrx_word' id='word_1_74' title='bbox 543 647 760 689; x_wconf 87' lang='lat' dir='ltr'><strong>animarum,</strong></span> <span class='ocrx_word' id='word_1_75' title='bbox 792 650 828 681; x_wconf 88' lang='lat' dir='ltr'><strong>ct</strong></span> <span class='ocrx_word' id='word_1_76' title='bbox 854 643 959 680; x_wconf 91' lang='lat' dir='ltr'><strong>idolis</strong></span> <span class='ocrx_word' id='word_1_77' title='bbox 989 650 1128 678; x_wconf 90' lang='lat' dir='ltr'><strong>earum.</strong></span> 
     </span>
     <span class='ocr_line' id='line_1_13' title="bbox 73 701 1130 756; baseline -0.009 -11"><span class='ocrx_word' id='word_1_78' title='bbox 73 708 164 756; x_wconf 86' lang='lat' dir='ltr'><strong>Ipsis</strong></span> <span class='ocrx_word' id='word_1_79' title='bbox 183 713 304 743; x_wconf 91' lang='lat' dir='ltr'><strong>autem</strong></span> <span class='ocrx_word' id='word_1_80' title='bbox 325 708 446 744; x_wconf 89' lang='lat' dir='ltr'><strong>verbis</strong></span> <span class='ocrx_word' id='word_1_81' title='bbox 466 707 689 743; x_wconf 78' lang='lat' dir='ltr'><strong>sanctionem</strong></span> <span class='ocrx_word' id='word_1_82' title='bbox 709 704 963 741; x_wconf 78' lang='lat' dir='ltr'><strong>terribiliorem</strong></span> <span class='ocrx_word' id='word_1_83' title='bbox 983 701 1068 737; x_wconf 87' lang='lat' dir='ltr'><strong>facit</strong></span> <span class='ocrx_word' id='word_1_84' title='bbox 1086 710 1130 736; x_wconf 85' lang='lat' dir='ltr'><strong>ex</strong></span> 
     </span>
     <span class='ocr_line' id='line_1_14' title="bbox 75 762 1132 813; baseline -0.01 -8"><span class='ocrx_word' id='word_1_85' title='bbox 75 778 119 805; x_wconf 88' lang='lat' dir='ltr'><strong>eo</strong></span> <span class='ocrx_word' id='word_1_86' title='bbox 132 767 227 813; x_wconf 90' lang='lat' dir='ltr'><strong>quod</strong></span> <span class='ocrx_word' id='word_1_87' title='bbox 242 767 398 803; x_wconf 90' lang='lat' dir='ltr'><strong>mediam</strong></span> <span class='ocrx_word' id='word_1_88' title='bbox 415 777 493 803; x_wconf 89' lang='lat' dir='ltr'><strong>eam</strong></span> <span class='ocrx_word' id='word_1_89' title='bbox 512 767 604 801; x_wconf 86' lang='lat' dir='ltr'><strong>sicut</strong></span> <span class='ocrx_word' id='word_1_90' title='bbox 620 764 740 802; x_wconf 82' lang='lat' dir='ltr'><strong>cernis</strong></span> <span class='ocrx_word' id='word_1_91' title='bbox 758 764 814 800; x_wconf 88' lang='lat' dir='ltr'><strong>his</strong></span> <span class='ocrx_word' id='word_1_92' title='bbox 831 764 874 799; x_wconf 93' lang='lat' dir='ltr'><strong>de</strong></span> <span class='ocrx_word' id='word_1_93' title='bbox 890 762 1021 808; x_wconf 86' lang='lat' dir='ltr'><strong>quibus</strong></span> <span class='ocrx_word' id='word_1_94' title='bbox 1037 770 1132 795; x_wconf 89' lang='lat' dir='ltr'><strong>nunc</strong></span> 
     </span>
     <span class='ocr_line' id='line_1_15' title="bbox 75 821 1131 874; baseline -0.009 -10"><span class='ocrx_word' id='word_1_95' title='bbox 75 828 234 874; x_wconf 89' lang='lat' dir='ltr'><strong>loquitur</strong></span> <span class='ocrx_word' id='word_1_96' title='bbox 248 827 368 874; x_wconf 82' lang='lat' dir='ltr'><strong>posuit</strong></span> <span class='ocrx_word' id='word_1_97' title='bbox 383 839 392 862; x_wconf 76' lang='lat' dir='ltr'><em>z</em></span> <span class='ocrx_word' id='word_1_98' title='bbox 411 827 700 874; x_wconf 67' lang='lat' dir='ltr'><strong>praecedentibus</strong></span> <span class='ocrx_word' id='word_1_99' title='bbox 713 825 844 872; x_wconf 89' lang='lat' dir='ltr'><strong>quippe</strong></span> <span class='ocrx_word' id='word_1_100' title='bbox 859 823 916 859; x_wconf 93' lang='lat' dir='ltr'><strong>his</strong></span> <span class='ocrx_word' id='word_1_101' title='bbox 930 831 1008 867; x_wconf 85' lang='lat' dir='ltr'><strong>quae</strong></span> <span class='ocrx_word' id='word_1_102' title='bbox 1023 821 1131 856; x_wconf 86' lang='lat' dir='ltr'><strong>modo</strong></span> 
     </span>
     <span class='ocr_line' id='line_1_16' title="bbox 75 883 1130 935; baseline -0.01 -8"><span class='ocrx_word' id='word_1_103' title='bbox 75 891 234 928; x_wconf 86' lang='lat' dir='ltr'><strong>discussa</strong></span> <span class='ocrx_word' id='word_1_104' title='bbox 257 895 353 934; x_wconf 84' lang='lat' dir='ltr'><strong>sunt,</strong></span> <span class='ocrx_word' id='word_1_105' title='bbox 383 899 508 925; x_wconf 87' lang='lat' dir='ltr'><strong>rursus</strong></span> <span class='ocrx_word' id='word_1_106' title='bbox 526 888 695 935; x_wconf 85' lang='lat' dir='ltr'><strong>proponit</strong></span> <span class='ocrx_word' id='word_1_107' title='bbox 711 885 796 932; x_wconf 89' lang='lat' dir='ltr'><strong>quia</strong></span> <span class='ocrx_word' id='word_1_108' title='bbox 823 895 894 919; x_wconf 91' lang='lat' dir='ltr'><strong>non</strong></span> <span class='ocrx_word' id='word_1_109' title='bbox 915 883 1021 919; x_wconf 87' lang='lat' dir='ltr'><strong>debet</strong></span> <span class='ocrx_word' id='word_1_110' title='bbox 1050 892 1130 917; x_wconf 89' lang='lat' dir='ltr'><strong>cum</strong></span> 
     </span>
     <span class='ocr_line' id='line_1_17' title="bbox 75 939 1132 988; baseline -0.011 0"><span class='ocrx_word' id='word_1_111' title='bbox 75 950 235 988; x_wconf 88' lang='lat' dir='ltr'><strong>masculo</strong></span> <span class='ocrx_word' id='word_1_112' title='bbox 254 950 348 986; x_wconf 85' lang='lat' dir='ltr'><strong>virili</strong></span> <span class='ocrx_word' id='word_1_113' title='bbox 371 950 468 987; x_wconf 90' lang='lat' dir='ltr'><strong>coitu</strong></span> <span class='ocrx_word' id='word_1_114' title='bbox 492 939 702 988; x_wconf 87' lang='lat' dir='ltr'><strong>concumbi,</strong></span> <span class='ocrx_word' id='word_1_115' title='bbox 732 945 793 980; x_wconf 91' lang='lat' dir='ltr'><strong>sed</strong></span> <span class='ocrx_word' id='word_1_116' title='bbox 811 953 878 979; x_wconf 87' lang='lat' dir='ltr'><strong>nec</strong></span> <span class='ocrx_word' id='word_1_117' title='bbox 896 952 977 978; x_wconf 90' lang='lat' dir='ltr'><strong>cum</strong></span> <span class='ocrx_word' id='word_1_118' title='bbox 1001 950 1132 986; x_wconf 89' lang='lat' dir='ltr'><strong>pecore</strong></span> 
     </span>
     <span class='ocr_line' id='line_1_18' title="bbox 75 1004 1131 1052; baseline -0.014 -2"><span class='ocrx_word' id='word_1_119' title='bbox 75 1014 165 1049; x_wconf 87' lang='lat' dir='ltr'><strong>coiri</strong></span> <span class='ocrx_word' id='word_1_120' title='bbox 183 1011 386 1049; x_wconf 87' lang='lat' dir='ltr'><strong>necessario</strong></span> <span class='ocrx_word' id='word_1_121' title='bbox 417 1011 452 1045; x_wconf 91' lang='lat' dir='ltr'><strong>in</strong></span> <span class='ocrx_word' id='word_1_122' title='bbox 484 1010 554 1044; x_wconf 86' lang='lat' dir='ltr'><strong>hoc</strong></span> <span class='ocrx_word' id='word_1_123' title='bbox 580 1012 733 1052; x_wconf 92' lang='lat' dir='ltr'><strong>utroque</strong></span> <span class='ocrx_word' id='word_1_124' title='bbox 765 1004 940 1040; x_wconf 87' lang='lat' dir='ltr'><strong>mandans</strong></span> <span class='ocrx_word' id='word_1_125' title='bbox 960 1007 1131 1048; x_wconf 87' lang='lat' dir='ltr'><strong>tanquam</strong></span> 
     </span>
     <span class='ocr_line' id='line_1_19' title="bbox 75 1060 1132 1119; baseline -0.013 -9"><span class='ocrx_word' id='word_1_126' title='bbox 75 1080 267 1119; x_wconf 89' lang='lat' dir='ltr'><strong>utrumque</strong></span> <span class='ocrx_word' id='word_1_127' title='bbox 285 1077 409 1108; x_wconf 88' lang='lat' dir='ltr'><strong>contra</strong></span> <span class='ocrx_word' id='word_1_128' title='bbox 425 1074 591 1105; x_wconf 90' lang='lat' dir='ltr'><strong>naturam</strong></span> <span class='ocrx_word' id='word_1_129' title='bbox 623 1072 690 1110; x_wconf 88' lang='lat' dir='ltr'><strong>est,</strong></span> <span class='ocrx_word' id='word_1_130' title='bbox 709 1065 771 1101; x_wconf 88' lang='lat' dir='ltr'><strong>sed</strong></span> <span class='ocrx_word' id='word_1_131' title='bbox 797 1065 944 1110; x_wconf 86' lang='lat' dir='ltr'><strong>insuper</strong></span> <span class='ocrx_word' id='word_1_132' title='bbox 967 1062 1050 1108; x_wconf 90' lang='lat' dir='ltr'><strong>quia</strong></span> <span class='ocrx_word' id='word_1_133' title='bbox 1075 1060 1132 1106; x_wconf 86' lang='lat' dir='ltr'><strong>ju-</strong></span> 
     </span>
    </p>
   </div>
   <div class='ocr_carea' id='block_1_7' title="bbox 1194 277 2264 1113">
    <p class='ocr_par' dir='ltr' id='par_1_7' title="bbox 1194 277 2264 1113">
     <span class='ocr_line' id='line_1_20' title="bbox 1197 277 2253 328; baseline 0.004 -12"><span class='ocrx_word' id='word_1_134' title='bbox 1197 279 1305 316; x_wconf 85' lang='lat' dir='ltr'><strong>modo</strong></span> <span class='ocrx_word' id='word_1_135' title='bbox 1338 278 1450 326; x_wconf 87' lang='lat' dir='ltr'><strong>pollui</strong></span> <span class='ocrx_word' id='word_1_136' title='bbox 1487 277 1526 314; x_wconf 87' lang='lat' dir='ltr'><strong>in</strong></span> <span class='ocrx_word' id='word_1_137' title='bbox 1559 277 1741 324; x_wconf 69' lang='lat' dir='ltr'><strong>praedictis</strong></span> <span class='ocrx_word' id='word_1_138' title='bbox 1773 279 1956 324; x_wconf 86' lang='lat' dir='ltr'><strong>peccatis,</strong></span> <span class='ocrx_word' id='word_1_139' title='bbox 1989 280 2187 328; x_wconf 76' lang='lat' dir='ltr'><strong>indignatio</strong></span> <span class='ocrx_word' id='word_1_140' title='bbox 2212 285 2253 320; x_wconf 76' lang='lat' dir='ltr'><strong>ot</strong></span> 
     </span>
     <span class='ocr_line' id='line_1_21' title="bbox 1194 337 2254 386; baseline 0.004 -11"><span class='ocrx_word' id='word_1_141' title='bbox 1194 348 1319 385; x_wconf 87' lang='lat' dir='ltr'><strong>poena,</strong></span> <span class='ocrx_word' id='word_1_142' title='bbox 1340 350 1421 386; x_wconf 82' lang='lat' dir='ltr'><strong>quae</strong></span> <span class='ocrx_word' id='word_1_143' title='bbox 1441 338 1479 376; x_wconf 91' lang='lat' dir='ltr'><strong>in</strong></span> <span class='ocrx_word' id='word_1_144' title='bbox 1504 338 1559 375; x_wconf 91' lang='lat' dir='ltr'><strong>eis</strong></span> <span class='ocrx_word' id='word_1_145' title='bbox 1578 337 1728 374; x_wconf 84' lang='lat' dir='ltr'><strong>definita</strong></span> <span class='ocrx_word' id='word_1_146' title='bbox 1746 343 1802 374; x_wconf 86' lang='lat' dir='ltr'><strong>est</strong></span> <span class='ocrx_word' id='word_1_147' title='bbox 1821 338 2056 375; x_wconf 80' lang='lat' dir='ltr'><strong>demonstrat.</strong></span> <span class='ocrx_word' id='word_1_148' title='bbox 2086 341 2126 377; x_wconf 87' lang='lat' dir='ltr'><strong>ln</strong></span> <span class='ocrx_word' id='word_1_149' title='bbox 2152 342 2254 381; x_wconf 77' lang='lat' dir='ltr'><strong>nullo</strong></span> 
     </span>
     <span class='ocr_line' id='line_1_22' title="bbox 1195 396 2255 445; baseline 0.002 -11"><span class='ocrx_word' id='word_1_150' title='bbox 1195 399 1291 435; x_wconf 89' lang='lat' dir='ltr'><strong>enim</strong></span> <span class='ocrx_word' id='word_1_151' title='bbox 1318 409 1445 435; x_wconf 89' lang='lat' dir='ltr'><strong>eorum</strong></span> <span class='ocrx_word' id='word_1_152' title='bbox 1460 403 1604 445; x_wconf 83' lang='lat' dir='ltr'><strong>oportet</strong></span> <span class='ocrx_word' id='word_1_153' title='bbox 1621 397 1746 444; x_wconf 88' lang='lat' dir='ltr'><strong>pollui.</strong></span> <span class='ocrx_word' id='word_1_154' title='bbox 1767 396 1860 432; x_wconf 88' lang='lat' dir='ltr'><strong>Nam</strong></span> <span class='ocrx_word' id='word_1_155' title='bbox 1876 397 1937 443; x_wconf 86' lang='lat' dir='ltr'><strong>qui</strong></span> <span class='ocrx_word' id='word_1_156' title='bbox 1955 397 1993 433; x_wconf 89' lang='lat' dir='ltr'><strong>in</strong></span> <span class='ocrx_word' id='word_1_157' title='bbox 2011 407 2083 434; x_wconf 90' lang='lat' dir='ltr'><strong>uno</strong></span> <span class='ocrx_word' id='word_1_158' title='bbox 2098 399 2255 444; x_wconf 76' lang='lat' dir='ltr'><strong>pollutus</strong></span> 
     </span>
     <span class='ocr_line' id='line_1_23' title="bbox 1195 457 2258 506; baseline 0.001 -12"><span class='ocrx_word' id='word_1_159' title='bbox 1195 458 1316 502; x_wconf 85' lang='lat' dir='ltr'><strong>fuerit,</strong></span> <span class='ocrx_word' id='word_1_160' title='bbox 1339 459 1378 494; x_wconf 89' lang='lat' dir='ltr'><strong>in</strong></span> <span class='ocrx_word' id='word_1_161' title='bbox 1404 458 1574 496; x_wconf 87' lang='lat' dir='ltr'><strong>omnibus</strong></span> <span class='ocrx_word' id='word_1_162' title='bbox 1599 458 1786 506; x_wconf 86' lang='lat' dir='ltr'><strong>polluitur,</strong></span> <span class='ocrx_word' id='word_1_163' title='bbox 1814 457 1899 503; x_wconf 89' lang='lat' dir='ltr'><strong>quia</strong></span> <span class='ocrx_word' id='word_1_164' title='bbox 1923 467 1979 500; x_wconf 88' lang='lat' dir='ltr'><strong>ea,</strong></span> <span class='ocrx_word' id='word_1_165' title='bbox 2011 466 2092 504; x_wconf 80' lang='lat' dir='ltr'><strong>quae</strong></span> <span class='ocrx_word' id='word_1_166' title='bbox 2117 458 2186 494; x_wconf 89' lang='lat' dir='ltr'><strong>sibi</strong></span> <span class='ocrx_word' id='word_1_167' title='bbox 2211 458 2258 496; x_wconf 82' lang='lat' dir='ltr'><strong>ad</strong></span> 
     </span>
     <span class='ocr_line' id='line_1_24' title="bbox 1197 517 2258 566; baseline -0.002 -9"><span class='ocrx_word' id='word_1_168' title='bbox 1197 521 1350 557; x_wconf 90' lang='lat' dir='ltr'><strong>invicem</strong></span> <span class='ocrx_word' id='word_1_169' title='bbox 1381 519 1574 566; x_wconf 85' lang='lat' dir='ltr'><strong>conjuncta</strong></span> <span class='ocrx_word' id='word_1_170' title='bbox 1604 525 1702 564; x_wconf 88' lang='lat' dir='ltr'><strong>sunt,</strong></span> <span class='ocrx_word' id='word_1_171' title='bbox 1734 519 1794 556; x_wconf 87' lang='lat' dir='ltr'><strong>lex</strong></span> <span class='ocrx_word' id='word_1_172' title='bbox 1822 517 2013 556; x_wconf 82' lang='lat' dir='ltr'><strong>ostendere</strong></span> <span class='ocrx_word' id='word_1_173' title='bbox 2036 518 2197 563; x_wconf 90' lang='lat' dir='ltr'><strong>cupiens,</strong></span> <span class='ocrx_word' id='word_1_174' title='bbox 2220 518 2258 555; x_wconf 89' lang='lat' dir='ltr'><strong>in</strong></span> 
     </span>
     <span class='ocr_line' id='line_1_25' title="bbox 1198 579 2259 628; baseline -0.003 -12"><span class='ocrx_word' id='word_1_175' title='bbox 1198 591 1308 616; x_wconf 92' lang='lat' dir='ltr'><strong>unum</strong></span> <span class='ocrx_word' id='word_1_176' title='bbox 1325 581 1447 616; x_wconf 88' lang='lat' dir='ltr'><strong>omnia</strong></span> <span class='ocrx_word' id='word_1_177' title='bbox 1464 580 1623 628; x_wconf 85' lang='lat' dir='ltr'><strong>collegit,</strong></span> <span class='ocrx_word' id='word_1_178' title='bbox 1644 590 1725 626; x_wconf 85' lang='lat' dir='ltr'><strong>quae</strong></span> <span class='ocrx_word' id='word_1_179' title='bbox 1754 580 1933 616; x_wconf 87' lang='lat' dir='ltr'><strong>intantum</strong></span> <span class='ocrx_word' id='word_1_180' title='bbox 1954 583 2039 616; x_wconf 89' lang='lat' dir='ltr'><strong>sunt</strong></span> <span class='ocrx_word' id='word_1_181' title='bbox 2062 579 2197 625; x_wconf 87' lang='lat' dir='ltr'><strong>gravia,</strong></span> <span class='ocrx_word' id='word_1_182' title='bbox 2219 584 2259 614; x_wconf 85' lang='lat' dir='ltr'><strong>ut</strong></span> 
     </span>
     <span class='ocr_line' id='line_1_26' title="bbox 1199 631 2259 689; baseline -0.003 -11"><span class='ocrx_word' id='word_1_183' title='bbox 1199 648 1324 689; x_wconf 83' lang='lat' dir='ltr'><strong>gentes</strong></span> <span class='ocrx_word' id='word_1_184' title='bbox 1347 643 1459 678; x_wconf 89' lang='lat' dir='ltr'><strong>ctiam</strong></span> <span class='ocrx_word' id='word_1_185' title='bbox 1479 643 1641 688; x_wconf 88' lang='lat' dir='ltr'><strong>integras</strong></span> <span class='ocrx_word' id='word_1_186' title='bbox 1667 641 1875 687; x_wconf 86' lang='lat' dir='ltr'><strong>perderent,</strong></span> <span class='ocrx_word' id='word_1_187' title='bbox 1904 631 1945 677; x_wconf 61' lang='lat' dir='ltr'><strong>et&gt;</strong></span> <span class='ocrx_word' id='word_1_188' title='bbox 1960 645 2096 676; x_wconf 89' lang='lat' dir='ltr'><strong>terram</strong></span> <span class='ocrx_word' id='word_1_189' title='bbox 2121 638 2259 686; x_wconf 77' lang='lat' dir='ltr'><strong>polluc-</strong></span> 
     </span>
     <span class='ocr_line' id='line_1_27' title="bbox 1199 698 2262 750; baseline -0.006 -10"><span class='ocrx_word' id='word_1_190' title='bbox 1199 709 1292 747; x_wconf 90' lang='lat' dir='ltr'><strong>rent,</strong></span> <span class='ocrx_word' id='word_1_191' title='bbox 1312 703 1558 750; x_wconf 84' lang='lat' dir='ltr'><strong>pollutamque</strong></span> <span class='ocrx_word' id='word_1_192' title='bbox 1586 703 1708 749; x_wconf 88' lang='lat' dir='ltr'><strong>respui</strong></span> <span class='ocrx_word' id='word_1_193' title='bbox 1735 701 1910 745; x_wconf 87' lang='lat' dir='ltr'><strong>facerent,</strong></span> <span class='ocrx_word' id='word_1_194' title='bbox 1934 706 1972 737; x_wconf 88' lang='lat' dir='ltr'><strong>ct</strong></span> <span class='ocrx_word' id='word_1_195' title='bbox 1989 710 2052 737; x_wconf 91' lang='lat' dir='ltr'><strong>eos</strong></span> <span class='ocrx_word' id='word_1_196' title='bbox 2082 699 2144 746; x_wconf 89' lang='lat' dir='ltr'><strong>qui</strong></span> <span class='ocrx_word' id='word_1_197' title='bbox 2163 698 2201 734; x_wconf 91' lang='lat' dir='ltr'><strong>in</strong></span> <span class='ocrx_word' id='word_1_198' title='bbox 2220 708 2262 735; x_wconf 90' lang='lat' dir='ltr'><strong>ea</strong></span> 
     </span>
     <span class='ocr_line' id='line_1_28' title="bbox 1199 764 2264 808; baseline -0.006 -8"><span class='ocrx_word' id='word_1_199' title='bbox 1199 764 1285 800; x_wconf 87' lang='lat' dir='ltr'><strong>talia</strong></span> <span class='ocrx_word' id='word_1_200' title='bbox 1317 764 1577 800; x_wconf 89' lang='lat' dir='ltr'><strong>commiserunt</strong></span> <span class='ocrx_word' id='word_1_201' title='bbox 1611 767 1796 800; x_wconf 89' lang='lat' dir='ltr'><strong>evomeret</strong></span> <span class='ocrx_word' id='word_1_202' title='bbox 1830 767 1939 808; x_wconf 90' lang='lat' dir='ltr'><strong>atque</strong></span> <span class='ocrx_word' id='word_1_203' title='bbox 1975 764 2158 803; x_wconf 87' lang='lat' dir='ltr'><strong>renueret,</strong></span> <span class='ocrx_word' id='word_1_204' title='bbox 2190 768 2264 794; x_wconf 89' lang='lat' dir='ltr'><strong>non</strong></span> 
     </span>
     <span class='ocr_line' id='line_1_29' title="bbox 1200 821 2264 870; baseline -0.003 -11"><span class='ocrx_word' id='word_1_205' title='bbox 1200 824 1282 869; x_wconf 89' lang='lat' dir='ltr'><strong>quia</strong></span> <span class='ocrx_word' id='word_1_206' title='bbox 1308 828 1450 869; x_wconf 89' lang='lat' dir='ltr'><strong>poterat</strong></span> <span class='ocrx_word' id='word_1_207' title='bbox 1481 823 1662 870; x_wconf 78' lang='lat' dir='ltr'><strong>expellere</strong></span> <span class='ocrx_word' id='word_1_208' title='bbox 1692 834 1713 859; x_wconf 89' lang='lat' dir='ltr'><strong>a</strong></span> <span class='ocrx_word' id='word_1_209' title='bbox 1742 833 1782 860; x_wconf 91' lang='lat' dir='ltr'><strong>se</strong></span> <span class='ocrx_word' id='word_1_210' title='bbox 1810 823 1867 858; x_wconf 91' lang='lat' dir='ltr'><strong>vel</strong></span> <span class='ocrx_word' id='word_1_211' title='bbox 1885 831 2067 865; x_wconf 87' lang='lat' dir='ltr'><strong>evomere,</strong></span> <span class='ocrx_word' id='word_1_212' title='bbox 2088 821 2144 858; x_wconf 91' lang='lat' dir='ltr'><strong>vel</strong></span> <span class='ocrx_word' id='word_1_213' title='bbox 2170 821 2264 857; x_wconf 89' lang='lat' dir='ltr'><strong>sicut</strong></span> 
     </span>
     <span class='ocr_line' id='line_1_30' title="bbox 1201 883 2261 931; baseline 0.001 -13"><span class='ocrx_word' id='word_1_214' title='bbox 1201 884 1425 920; x_wconf 86' lang='lat' dir='ltr'><strong>Theodotion</strong></span> <span class='ocrx_word' id='word_1_215' title='bbox 1446 884 1535 928; x_wconf 89' lang='lat' dir='ltr'><strong>edit,</strong></span> <span class='ocrx_word' id='word_1_216' title='bbox 1555 895 1716 931; x_wconf 83' lang='lat' dir='ltr'><strong>respuere</strong></span> <span class='ocrx_word' id='word_1_217' title='bbox 1739 895 1810 927; x_wconf 89' lang='lat' dir='ltr'><strong>eos,</strong></span> <span class='ocrx_word' id='word_1_218' title='bbox 1830 883 1891 920; x_wconf 89' lang='lat' dir='ltr'><strong>sed</strong></span> <span class='ocrx_word' id='word_1_219' title='bbox 1910 883 2055 919; x_wconf 88' lang='lat' dir='ltr'><strong>eosdem</strong></span> <span class='ocrx_word' id='word_1_220' title='bbox 2074 887 2261 925; x_wconf 85' lang='lat' dir='ltr'><strong>nocenteS,</strong></span> 
     </span>
     <span class='ocr_line' id='line_1_31' title="bbox 1201 943 2261 991; baseline 0.001 -13"><span class='ocrx_word' id='word_1_221' title='bbox 1201 944 1303 988; x_wconf 83' lang='lat' dir='ltr'><strong>quasi</strong></span> <span class='ocrx_word' id='word_1_222' title='bbox 1344 945 1550 990; x_wconf 87' lang='lat' dir='ltr'><strong>ingemiscit</strong></span> <span class='ocrx_word' id='word_1_223' title='bbox 1588 944 1802 981; x_wconf 89' lang='lat' dir='ltr'><strong>naturaliter</strong></span> <span class='ocrx_word' id='word_1_224' title='bbox 1836 944 1873 980; x_wconf 91' lang='lat' dir='ltr'><strong>in</strong></span> <span class='ocrx_word' id='word_1_225' title='bbox 1910 943 2261 991; x_wconf 85' lang='lat' dir='ltr'><strong>transgressionibus</strong></span> 
     </span>
     <span class='ocr_line' id='line_1_32' title="bbox 1201 1003 2264 1051; baseline 0.001 -13"><span class='ocrx_word' id='word_1_226' title='bbox 1201 1003 1288 1045; x_wconf 89' lang='lat' dir='ltr'><strong>suis,</strong></span> <span class='ocrx_word' id='word_1_227' title='bbox 1317 1004 1621 1048; x_wconf 86' lang='lat' dir='ltr'><strong>quemadmodum</strong></span> <span class='ocrx_word' id='word_1_228' title='bbox 1642 1004 1775 1040; x_wconf 92' lang='lat' dir='ltr'><strong>Paulus</strong></span> <span class='ocrx_word' id='word_1_229' title='bbox 1799 1005 1913 1041; x_wconf 91' lang='lat' dir='ltr'><strong>dicit:</strong></span> <span class='ocrx_word' id='word_1_230' title='bbox 1935 1004 2028 1048; x_wconf 87' lang='lat' dir='ltr'><strong>Quia</strong></span> <span class='ocrx_word' id='word_1_231' title='bbox 2053 1005 2130 1051; x_wconf 83' lang='lat' dir='ltr'><strong>ipsa</strong></span> <span class='ocrx_word' id='word_1_232' title='bbox 2160 1004 2264 1040; x_wconf 89' lang='lat' dir='ltr'><strong>etiam</strong></span> 
     </span>
     <span class='ocr_line' id='line_1_33' title="bbox 1201 1065 2263 1113; baseline 0.003 -14"><span class='ocrx_word' id='word_1_233' title='bbox 1201 1070 1363 1100; x_wconf 85' lang='lat' dir='ltr'><strong>creatura</strong></span> <span class='ocrx_word' id='word_1_234' title='bbox 1372 1065 1565 1111; x_wconf 59' lang='lat' dir='ltr'><strong>ingemiscit</strong></span> <span class='ocrx_word' id='word_1_235' title='bbox 1577 1071 1609 1101; x_wconf 85' lang='lat' dir='ltr'><strong>et</strong></span> <span class='ocrx_word' id='word_1_236' title='bbox 1622 1067 1774 1112; x_wconf 84' lang='lat' dir='ltr'><strong>parturit</strong></span> <span class='ocrx_word' id='word_1_237' title='bbox 1788 1078 1896 1113; x_wconf 83' lang='lat' dir='ltr'><strong>usque</strong></span> <span class='ocrx_word' id='word_1_238' title='bbox 1912 1067 2026 1102; x_wconf 81' lang='lat' dir='ltr'><strong>adhuc</strong></span> <span class='ocrx_word' id='word_1_239' title='bbox 2037 1066 2156 1113; x_wconf 85' lang='lat' dir='ltr'><strong>(Rom.</strong></span> <span class='ocrx_word' id='word_1_240' title='bbox 2168 1065 2263 1113; x_wconf 82' lang='lat' dir='ltr'><strong>vni).</strong></span> 
     </span>
    </p>
   </div>
   <div class='ocr_carea' id='block_1_8' title="bbox 75 1123 2263 1175">
    <p class='ocr_par' dir='ltr' id='par_1_8' title="bbox 75 1123 2263 1175">
     <span class='ocr_line' id='line_1_34' title="bbox 75 1123 2263 1175; baseline -0.005 -4"><span class='ocrx_word' id='word_1_241' title='bbox 75 1139 278 1171; x_wconf 91' lang='lat' dir='ltr'><strong>mentorum</strong></span> <span class='ocrx_word' id='word_1_242' title='bbox 297 1137 365 1175; x_wconf 89' lang='lat' dir='ltr'><strong>est,</strong></span> <span class='ocrx_word' id='word_1_243' title='bbox 385 1136 420 1167; x_wconf 90' lang='lat' dir='ltr'><strong>et</strong></span> <span class='ocrx_word' id='word_1_244' title='bbox 441 1135 479 1165; x_wconf 92' lang='lat' dir='ltr'><strong>ut</strong></span> <span class='ocrx_word' id='word_1_245' title='bbox 496 1129 552 1164; x_wconf 75' lang='lat' dir='ltr'><strong>vir</strong></span> <span class='ocrx_word' id='word_1_246' title='bbox 567 1128 659 1170; x_wconf 90' lang='lat' dir='ltr'><strong>viro,</strong></span> <span class='ocrx_word' id='word_1_247' title='bbox 686 1125 782 1162; x_wconf 87' lang='lat' dir='ltr'><strong>foedo</strong></span> <span class='ocrx_word' id='word_1_248' title='bbox 803 1124 898 1160; x_wconf 88' lang='lat' dir='ltr'><strong>coitu</strong></span> <span class='ocrx_word' id='word_1_249' title='bbox 920 1123 1128 1165; x_wconf 81' lang='lat' dir='ltr'><strong>misceatur,</strong></span> <span class='ocrx_word' id='word_1_250' title='bbox 1149 1125 1182 1164; x_wconf 92' lang='grc' dir='ltr'>Β</span> <span class='ocrx_word' id='word_1_251' title='bbox 1200 1125 1296 1161; x_wconf 86' lang='lat' dir='ltr'><strong>Deus</strong></span> <span class='ocrx_word' id='word_1_252' title='bbox 1315 1130 1434 1160; x_wconf 86' lang='lat' dir='ltr'><strong>autem</strong></span> <span class='ocrx_word' id='word_1_253' title='bbox 1454 1130 1526 1160; x_wconf 89' lang='lat' dir='ltr'><strong>tam</strong></span> <span class='ocrx_word' id='word_1_254' title='bbox 1545 1125 1717 1171; x_wconf 85' lang='lat' dir='ltr'><strong>gemitum</strong></span> <span class='ocrx_word' id='word_1_255' title='bbox 1735 1124 1811 1170; x_wconf 89' lang='lat' dir='ltr'><strong>ejus</strong></span> <span class='ocrx_word' id='word_1_256' title='bbox 1825 1125 1996 1168; x_wconf 87' lang='lat' dir='ltr'><strong>vindicat,</strong></span> <span class='ocrx_word' id='word_1_257' title='bbox 2018 1135 2125 1171; x_wconf 87' lang='lat' dir='ltr'><strong>quam</strong></span> <span class='ocrx_word' id='word_1_258' title='bbox 2146 1124 2263 1171; x_wconf 85' lang='lat' dir='ltr'><strong>legem</strong></span> 
     </span>
    </p>
   </div>
   <div class='ocr_carea' id='block_1_9' title="bbox 74 1183 1134 2023">
    <p class='ocr_par' dir='ltr' id='par_1_9' title="bbox 74 1183 1134 2023">
     <span class='ocr_line' id='line_1_35' title="bbox 75 1183 1134 1241; baseline -0.012 -10"><span class='ocrx_word' id='word_1_259' title='bbox 75 1194 169 1241; x_wconf 87' lang='lat' dir='ltr'><strong>quod</strong></span> <span class='ocrx_word' id='word_1_260' title='bbox 202 1192 409 1239; x_wconf 86' lang='lat' dir='ltr'><strong>fugiendum</strong></span> <span class='ocrx_word' id='word_1_261' title='bbox 443 1195 551 1235; x_wconf 88' lang='lat' dir='ltr'><strong>atque</strong></span> <span class='ocrx_word' id='word_1_262' title='bbox 581 1186 845 1223; x_wconf 86' lang='lat' dir='ltr'><strong>adversandum</strong></span> <span class='ocrx_word' id='word_1_263' title='bbox 883 1190 951 1221; x_wconf 87' lang='lat' dir='ltr'><strong>est.</strong></span> <span class='ocrx_word' id='word_1_264' title='bbox 991 1183 1062 1219; x_wconf 86' lang='lat' dir='ltr'><strong>Sed</strong></span> <span class='ocrx_word' id='word_1_265' title='bbox 1097 1187 1134 1218; x_wconf 90' lang='lat' dir='ltr'><strong>et</strong></span> 
     </span>
     <span class='ocr_line' id='line_1_36' title="bbox 75 1244 1133 1293; baseline -0.012 -2"><span class='ocrx_word' id='word_1_266' title='bbox 75 1254 206 1291; x_wconf 89' lang='lat' dir='ltr'><strong>Paulus</strong></span> <span class='ocrx_word' id='word_1_267' title='bbox 234 1253 312 1288; x_wconf 79' lang='lat' dir='ltr'><strong>haec</strong></span> <span class='ocrx_word' id='word_1_268' title='bbox 339 1249 615 1292; x_wconf 82' lang='lat' dir='ltr'><strong>demonstravit,</strong></span> <span class='ocrx_word' id='word_1_269' title='bbox 643 1247 687 1283; x_wconf 90' lang='lat' dir='ltr'><strong>ad</strong></span> <span class='ocrx_word' id='word_1_270' title='bbox 713 1256 857 1293; x_wconf 84' lang='lat' dir='ltr'><strong>poenam</strong></span> <span class='ocrx_word' id='word_1_271' title='bbox 885 1255 927 1281; x_wconf 87' lang='lat' dir='ltr'><strong>ea</strong></span> <span class='ocrx_word' id='word_1_272' title='bbox 948 1244 1080 1280; x_wconf 87' lang='lat' dir='ltr'><strong>docens</strong></span> <span class='ocrx_word' id='word_1_273' title='bbox 1098 1246 1133 1278; x_wconf 88' lang='lat' dir='ltr'><strong>et</strong></span> 
     </span>
     <span class='ocr_line' id='line_1_37' title="bbox 74 1302 1133 1357; baseline -0.012 -7"><span class='ocrx_word' id='word_1_274' title='bbox 74 1315 166 1351; x_wconf 90' lang='lat' dir='ltr'><strong>iram</strong></span> <span class='ocrx_word' id='word_1_275' title='bbox 185 1313 250 1348; x_wconf 88' lang='lat' dir='ltr'><strong>Dei</strong></span> <span class='ocrx_word' id='word_1_276' title='bbox 266 1317 302 1348; x_wconf 88' lang='lat' dir='ltr'><strong>et</strong></span> <span class='ocrx_word' id='word_1_277' title='bbox 326 1310 562 1357; x_wconf 87' lang='lat' dir='ltr'><strong>perditionem</strong></span> <span class='ocrx_word' id='word_1_278' title='bbox 583 1305 885 1344; x_wconf 86' lang='lat' dir='ltr'><strong>committentium</strong></span> <span class='ocrx_word' id='word_1_279' title='bbox 903 1304 1039 1350; x_wconf 78' lang='lat' dir='ltr'><strong>peragi.</strong></span> <span class='ocrx_word' id='word_1_280' title='bbox 1063 1302 1133 1338; x_wconf 87' lang='lat' dir='ltr'><strong>Sed</strong></span> 
     </span>
     <span class='ocr_line' id='line_1_38' title="bbox 76 1365 1133 1420; baseline -0.009 -9"><span class='ocrx_word' id='word_1_281' title='bbox 76 1380 111 1412; x_wconf 91' lang='lat' dir='ltr'><strong>et</strong></span> <span class='ocrx_word' id='word_1_282' title='bbox 131 1375 257 1420; x_wconf 85' lang='lat' dir='ltr'><strong>reliqui</strong></span> <span class='ocrx_word' id='word_1_283' title='bbox 283 1373 503 1419; x_wconf 89' lang='lat' dir='ltr'><strong>Interpretes</strong></span> <span class='ocrx_word' id='word_1_284' title='bbox 528 1380 594 1417; x_wconf 90' lang='lat' dir='ltr'><strong>pro</strong></span> <span class='ocrx_word' id='word_1_285' title='bbox 614 1367 859 1410; x_wconf 81' lang='lat' dir='ltr'><strong>abominabili,</strong></span> <span class='ocrx_word' id='word_1_286' title='bbox 894 1365 1133 1413; x_wconf 83' lang='lat' dir='ltr'><strong>Symmachus</strong></span> 
     </span>
     <span class='ocr_line' id='line_1_39' title="bbox 75 1425 1132 1481; baseline -0.012 -10"><span class='ocrx_word' id='word_1_287' title='bbox 75 1434 271 1481; x_wconf 77' lang='lat' dir='ltr'><strong>ineffabile,</strong></span> <span class='ocrx_word' id='word_1_288' title='bbox 302 1432 431 1478; x_wconf 84' lang='lat' dir='ltr'><strong>Aquila</strong></span> <span class='ocrx_word' id='word_1_289' title='bbox 459 1431 627 1476; x_wconf 79' lang='lat' dir='ltr'><strong>infectum</strong></span> <span class='ocrx_word' id='word_1_290' title='bbox 657 1428 860 1470; x_wconf 86' lang='lat' dir='ltr'><strong>ediderunt,</strong></span> <span class='ocrx_word' id='word_1_291' title='bbox 892 1426 959 1461; x_wconf 89' lang='lat' dir='ltr'><strong>hoc</strong></span> <span class='ocrx_word' id='word_1_292' title='bbox 988 1425 1132 1470; x_wconf 84' lang='lat' dir='ltr'><strong>quidem</strong></span> 
     </span>
     <span class='ocr_line' id='line_1_40' title="bbox 77 1486 1133 1537; baseline -0.012 -6"><span class='ocrx_word' id='word_1_293' title='bbox 77 1496 231 1537; x_wconf 85' lang='lat' dir='ltr'><strong>actione,</strong></span> <span class='ocrx_word' id='word_1_294' title='bbox 251 1494 336 1530; x_wconf 89' lang='lat' dir='ltr'><strong>illud</strong></span> <span class='ocrx_word' id='word_1_295' title='bbox 353 1497 470 1528; x_wconf 87' lang='lat' dir='ltr'><strong>autem</strong></span> <span class='ocrx_word' id='word_1_296' title='bbox 487 1491 596 1526; x_wconf 90' lang='lat' dir='ltr'><strong>etiam</strong></span> <span class='ocrx_word' id='word_1_297' title='bbox 610 1489 720 1525; x_wconf 76' lang='lat' dir='ltr'><strong>verbo</strong></span> <span class='ocrx_word' id='word_1_298' title='bbox 740 1487 796 1524; x_wconf 81' lang='lat' dir='ltr'><strong>vel</strong></span> <span class='ocrx_word' id='word_1_299' title='bbox 816 1486 1039 1528; x_wconf 88' lang='lat' dir='ltr'><strong>narratione,</strong></span> <span class='ocrx_word' id='word_1_300' title='bbox 1060 1494 1133 1519; x_wconf 90' lang='lat' dir='ltr'><strong>non</strong></span> 
     </span>
     <span class='ocr_line' id='line_1_41' title="bbox 76 1545 1132 1600; baseline -0.011 -9"><span class='ocrx_word' id='word_1_301' title='bbox 76 1564 155 1591; x_wconf 84' lang='lat' dir='ltr'><strong>csse</strong></span> <span class='ocrx_word' id='word_1_302' title='bbox 184 1553 374 1600; x_wconf 86' lang='lat' dir='ltr'><strong>portabile,</strong></span> <span class='ocrx_word' id='word_1_303' title='bbox 406 1561 474 1587; x_wconf 86' lang='lat' dir='ltr'><strong>nec</strong></span> <span class='ocrx_word' id='word_1_304' title='bbox 503 1550 703 1597; x_wconf 86' lang='lat' dir='ltr'><strong>legitimum</strong></span> <span class='ocrx_word' id='word_1_305' title='bbox 724 1548 896 1584; x_wconf 89' lang='lat' dir='ltr'><strong>dicentes.</strong></span> <span class='ocrx_word' id='word_1_306' title='bbox 916 1545 989 1581; x_wconf 88' lang='lat' dir='ltr'><strong>Nos</strong></span> <span class='ocrx_word' id='word_1_307' title='bbox 1014 1549 1132 1580; x_wconf 88' lang='lat' dir='ltr'><strong>autem</strong></span> 
     </span>
     <span class='ocr_line' id='line_1_42' title="bbox 76 1606 1133 1661; baseline -0.009 -11"><span class='ocrx_word' id='word_1_308' title='bbox 76 1622 206 1661; x_wconf 63' lang='lat' dir='ltr'><strong>praeter</strong></span> <span class='ocrx_word' id='word_1_309' title='bbox 234 1615 311 1650; x_wconf 78' lang='lat' dir='ltr'><strong>haec</strong></span> <span class='ocrx_word' id='word_1_310' title='bbox 334 1612 532 1649; x_wconf 79' lang='lat' dir='ltr'><strong>masculum</strong></span> <span class='ocrx_word' id='word_1_311' title='bbox 564 1611 624 1657; x_wconf 87' lang='lat' dir='ltr'><strong>qui</strong></span> <span class='ocrx_word' id='word_1_312' title='bbox 645 1609 762 1645; x_wconf 78' lang='lat' dir='ltr'><strong>virilia</strong></span> <span class='ocrx_word' id='word_1_313' title='bbox 790 1609 864 1653; x_wconf 85' lang='lat' dir='ltr'><strong>agit</strong></span> <span class='ocrx_word' id='word_1_314' title='bbox 894 1606 1133 1653; x_wconf 85' lang='lat' dir='ltr'><strong>intelligamus</strong></span> 
     </span>
     <span class='ocr_line' id='line_1_43' title="bbox 78 1666 1133 1719; baseline -0.01 -8"><span class='ocrx_word' id='word_1_315' title='bbox 78 1676 274 1718; x_wconf 86' lang='lat' dir='ltr'><strong>bominem,</strong></span> <span class='ocrx_word' id='word_1_316' title='bbox 297 1675 340 1710; x_wconf 91' lang='lat' dir='ltr'><strong>de</strong></span> <span class='ocrx_word' id='word_1_317' title='bbox 361 1683 431 1719; x_wconf 88' lang='lat' dir='ltr'><strong>quo</strong></span> <span class='ocrx_word' id='word_1_318' title='bbox 451 1672 564 1708; x_wconf 88' lang='lat' dir='ltr'><strong>David</strong></span> <span class='ocrx_word' id='word_1_319' title='bbox 583 1671 724 1708; x_wconf 78' lang='lat' dir='ltr'><strong>dicebat</strong></span> <span class='ocrx_word' id='word_1_320' title='bbox 744 1683 752 1705; x_wconf 80' lang='lat' dir='ltr'>z</span> <span class='ocrx_word' id='word_1_321' title='bbox 774 1669 906 1705; x_wconf 80' lang='lat' dir='ltr'><strong>Beatus</strong></span> <span class='ocrx_word' id='word_1_322' title='bbox 925 1668 976 1703; x_wconf 86' lang='lat' dir='ltr'><strong>vir</strong></span> <span class='ocrx_word' id='word_1_323' title='bbox 989 1666 1047 1714; x_wconf 85' lang='lat' dir='ltr'><strong>qui</strong></span> <span class='ocrx_word' id='word_1_324' title='bbox 1065 1677 1133 1702; x_wconf 83' lang='lat' dir='ltr'><strong>non</strong></span> 
     </span>
     <span class='ocr_line' id='line_1_44' title="bbox 76 1727 1134 1781; baseline -0.009 -8"><span class='ocrx_word' id='word_1_325' title='bbox 76 1737 160 1773; x_wconf 86' lang='lat' dir='ltr'><strong>abiit</strong></span> <span class='ocrx_word' id='word_1_326' title='bbox 186 1738 222 1772; x_wconf 88' lang='lat' dir='ltr'><strong>in</strong></span> <span class='ocrx_word' id='word_1_327' title='bbox 246 1735 390 1772; x_wconf 87' lang='lat' dir='ltr'><strong>consilio</strong></span> <span class='ocrx_word' id='word_1_328' title='bbox 409 1736 595 1781; x_wconf 83' lang='lat' dir='ltr'><strong>impiorum</strong></span> <span class='ocrx_word' id='word_1_329' title='bbox 615 1732 729 1780; x_wconf 88' lang='lat' dir='ltr'><strong>(Psal.</strong></span> <span class='ocrx_word' id='word_1_330' title='bbox 750 1732 789 1779; x_wconf 85' lang='grc' dir='ltr'><strong>ι).</strong></span> <span class='ocrx_word' id='word_1_331' title='bbox 811 1732 856 1767; x_wconf 88' lang='lat' dir='ltr'><strong>Et</strong></span> <span class='ocrx_word' id='word_1_332' title='bbox 875 1739 1000 1767; x_wconf 90' lang='lat' dir='ltr'><strong>rursus</strong></span> <span class='ocrx_word' id='word_1_333' title='bbox 1018 1741 1026 1764; x_wconf 90' lang='lat'>:</span> <span class='ocrx_word' id='word_1_334' title='bbox 1049 1727 1134 1763; x_wconf 84' lang='lat' dir='ltr'><strong>Fiat</strong></span> 
     </span>
     <span class='ocr_line' id='line_1_45' title="bbox 75 1789 1131 1843; baseline -0.009 -9"><span class='ocrx_word' id='word_1_335' title='bbox 75 1809 201 1834; x_wconf 72' lang='lat' dir='ltr'><strong>alanus</strong></span> <span class='ocrx_word' id='word_1_336' title='bbox 233 1803 294 1832; x_wconf 84' lang='lat' dir='ltr'><strong>tua</strong></span> <span class='ocrx_word' id='word_1_337' title='bbox 324 1807 428 1843; x_wconf 85' lang='lat' dir='ltr'><strong>super</strong></span> <span class='ocrx_word' id='word_1_338' title='bbox 455 1796 567 1830; x_wconf 86' lang='lat' dir='ltr'><strong>virum</strong></span> <span class='ocrx_word' id='word_1_339' title='bbox 591 1794 742 1829; x_wconf 82' lang='lat' dir='ltr'><strong>dexteroe</strong></span> <span class='ocrx_word' id='word_1_340' title='bbox 763 1798 833 1828; x_wconf 75' lang='lat' dir='ltr'><strong>tuae</strong></span> <span class='ocrx_word' id='word_1_341' title='bbox 852 1790 968 1838; x_wconf 83' lang='lat' dir='ltr'><strong>(Psal.</strong></span> <span class='ocrx_word' id='word_1_342' title='bbox 992 1789 1131 1836; x_wconf 76' lang='lat' dir='ltr'>Lxxlx).</span> 
     </span>
     <span class='ocr_line' id='line_1_46' title="bbox 77 1850 1133 1900; baseline -0.009 -6"><span class='ocrx_word' id='word_1_343' title='bbox 77 1858 179 1894; x_wconf 86' lang='lat' dir='ltr'><strong>Hunc</strong></span> <span class='ocrx_word' id='word_1_344' title='bbox 192 1856 392 1893; x_wconf 82' lang='lat' dir='ltr'><strong>effeminari</strong></span> <span class='ocrx_word' id='word_1_345' title='bbox 410 1865 483 1891; x_wconf 89' lang='lat' dir='ltr'><strong>non</strong></span> <span class='ocrx_word' id='word_1_346' title='bbox 495 1859 649 1900; x_wconf 89' lang='lat' dir='ltr'><strong>oportet,</strong></span> <span class='ocrx_word' id='word_1_347' title='bbox 669 1863 736 1889; x_wconf 91' lang='lat' dir='ltr'><strong>nec</strong></span> <span class='ocrx_word' id='word_1_348' title='bbox 755 1852 900 1888; x_wconf 90' lang='lat' dir='ltr'><strong>dissolvi</strong></span> <span class='ocrx_word' id='word_1_349' title='bbox 915 1850 1005 1896; x_wconf 85' lang='lat' dir='ltr'><strong>ejus,</strong></span> <span class='ocrx_word' id='word_1_350' title='bbox 1024 1860 1133 1896; x_wconf 88' lang='lat' dir='ltr'><strong>quam</strong></span> 
     </span>
     <span class='ocr_line' id='line_1_47' title="bbox 76 1916 1132 1964; baseline -0.007 -7"><span class='ocrx_word' id='word_1_351' title='bbox 76 1921 184 1958; x_wconf 88' lang='lat' dir='ltr'><strong>habet</strong></span> <span class='ocrx_word' id='word_1_352' title='bbox 198 1921 234 1955; x_wconf 91' lang='lat' dir='ltr'><strong>in</strong></span> <span class='ocrx_word' id='word_1_353' title='bbox 248 1919 381 1955; x_wconf 83' lang='lat' dir='ltr'><strong>virtute</strong></span> <span class='ocrx_word' id='word_1_354' title='bbox 394 1917 715 1964; x_wconf 89' lang='lat' dir='ltr'><strong>perseverantiam.</strong></span> <span class='ocrx_word' id='word_1_355' title='bbox 731 1916 808 1952; x_wconf 87' lang='lat' dir='ltr'><strong>Hoc</strong></span> <span class='ocrx_word' id='word_1_356' title='bbox 822 1916 918 1952; x_wconf 89' lang='lat' dir='ltr'><strong>enim</strong></span> <span class='ocrx_word' id='word_1_357' title='bbox 932 1920 1132 1961; x_wconf 88' lang='lat' dir='ltr'><strong>opportune</strong></span> 
     </span>
     <span class='ocr_line' id='line_1_48' title="bbox 76 1974 1132 2023; baseline -0.008 -6"><span class='ocrx_word' id='word_1_358' title='bbox 76 1991 156 2018; x_wconf 90' lang='lat' dir='ltr'><strong>cum</strong></span> <span class='ocrx_word' id='word_1_359' title='bbox 188 1980 278 2023; x_wconf 88' lang='lat' dir='ltr'><strong>viro,</strong></span> <span class='ocrx_word' id='word_1_360' title='bbox 310 1979 477 2015; x_wconf 89' lang='lat' dir='ltr'><strong>muliebri</strong></span> <span class='ocrx_word' id='word_1_361' title='bbox 510 1977 607 2014; x_wconf 91' lang='lat' dir='ltr'><strong>coitu</strong></span> <span class='ocrx_word' id='word_1_362' title='bbox 636 1976 779 2013; x_wconf 85' lang='lat' dir='ltr'><strong>misceri</strong></span> <span class='ocrx_word' id='word_1_363' title='bbox 808 1975 1042 2021; x_wconf 86' lang='lat' dir='ltr'><strong>intelligitur;</strong></span> <span class='ocrx_word' id='word_1_364' title='bbox 1069 1974 1132 2010; x_wconf 90' lang='lat' dir='ltr'><strong>sed</strong></span> 
     </span>
    </p>
   </div>
   <div class='ocr_carea' id='block_1_10' title="bbox 1201 1185 2270 2023">
    <p class='ocr_par' dir='ltr' id='par_1_10' title="bbox 1201 1185 2270 2023">
     <span class='ocr_line' id='line_1_49' title="bbox 1205 1185 2268 1232; baseline -0.002 -10"><span class='ocrx_word' id='word_1_365' title='bbox 1205 1196 1306 1222; x_wconf 90' lang='lat' dir='ltr'><strong>suam</strong></span> <span class='ocrx_word' id='word_1_366' title='bbox 1325 1191 1361 1222; x_wconf 93' lang='lat' dir='ltr'><strong>et</strong></span> <span class='ocrx_word' id='word_1_367' title='bbox 1375 1191 1594 1229; x_wconf 90' lang='lat' dir='ltr'><strong>creaturam,</strong></span> <span class='ocrx_word' id='word_1_368' title='bbox 1605 1191 1736 1232; x_wconf 86' lang='lat' dir='ltr'><strong>utpote</strong></span> <span class='ocrx_word' id='word_1_369' title='bbox 1746 1186 1931 1232; x_wconf 87' lang='lat' dir='ltr'><strong>propriam</strong></span> <span class='ocrx_word' id='word_1_370' title='bbox 1946 1195 2026 1231; x_wconf 76' lang='lat' dir='ltr'><strong>quae</strong></span> <span class='ocrx_word' id='word_1_371' title='bbox 2042 1185 2268 1221; x_wconf 87' lang='lat' dir='ltr'><strong>demonstrat</strong></span> 
     </span>
     <span class='ocr_line' id='line_1_50' title="bbox 1203 1244 2267 1292; baseline -0.001 -10"><span class='ocrx_word' id='word_1_372' title='bbox 1203 1257 1247 1283; x_wconf 89' lang='lat' dir='ltr'><strong>ex</strong></span> <span class='ocrx_word' id='word_1_373' title='bbox 1265 1247 1322 1283; x_wconf 89' lang='lat' dir='ltr'><strong>his</strong></span> <span class='ocrx_word' id='word_1_374' title='bbox 1344 1257 1422 1292; x_wconf 65' lang='lat' dir='ltr'><strong>quae</strong></span> <span class='ocrx_word' id='word_1_375' title='bbox 1440 1257 1536 1283; x_wconf 90' lang='lat' dir='ltr'><strong>nunc</strong></span> <span class='ocrx_word' id='word_1_376' title='bbox 1551 1246 1655 1289; x_wconf 85' lang='lat' dir='ltr'><strong>dixit,</strong></span> <span class='ocrx_word' id='word_1_377' title='bbox 1677 1246 1779 1292; x_wconf 84' lang='lat' dir='ltr'><strong>cujus</strong></span> <span class='ocrx_word' id='word_1_378' title='bbox 1803 1257 1864 1292; x_wconf 75' lang='lat' dir='ltr'><strong>eqo</strong></span> <span class='ocrx_word' id='word_1_379' title='bbox 1889 1245 2020 1282; x_wconf 85' lang='lat' dir='ltr'><strong>scelera</strong></span> <span class='ocrx_word' id='word_1_380' title='bbox 2038 1244 2206 1287; x_wconf 84' lang='lat' dir='ltr'><strong>visitabo,·</strong></span> <span class='ocrx_word' id='word_1_381' title='bbox 2229 1249 2267 1281; x_wconf 89' lang='lat' dir='ltr'><strong>ct</strong></span> 
     </span>
     <span class='ocr_line' id='line_1_51' title="bbox 1204 1306 2268 1354; baseline -0.003 -10"><span class='ocrx_word' id='word_1_382' title='bbox 1204 1308 1283 1344; x_wconf 83' lang='lat' dir='ltr'><strong>haec</strong></span> <span class='ocrx_word' id='word_1_383' title='bbox 1296 1309 1440 1354; x_wconf 88' lang='lat' dir='ltr'><strong>quidem</strong></span> <span class='ocrx_word' id='word_1_384' title='bbox 1455 1319 1520 1344; x_wconf 90' lang='lat' dir='ltr'><strong>nos</strong></span> <span class='ocrx_word' id='word_1_385' title='bbox 1532 1309 1637 1344; x_wconf 86' lang='lat' dir='ltr'><strong>docet</strong></span> <span class='ocrx_word' id='word_1_386' title='bbox 1646 1318 1710 1354; x_wconf 86' lang='lat' dir='ltr'><strong>per</strong></span> <span class='ocrx_word' id='word_1_387' title='bbox 1719 1307 1878 1343; x_wconf 85' lang='lat' dir='ltr'><strong>litteram</strong></span> <span class='ocrx_word' id='word_1_388' title='bbox 1892 1307 1963 1343; x_wconf 83' lang='lat' dir='ltr'><strong>lex.</strong></span> <span class='ocrx_word' id='word_1_389' title='bbox 1978 1306 2007 1342; x_wconf 89' lang='lat' dir='ltr'><strong>H</strong></span> <span class='ocrx_word' id='word_1_390' title='bbox 2013 1307 2042 1343; x_wconf 88' lang='lat' dir='ltr'><strong>is</strong></span> <span class='ocrx_word' id='word_1_391' title='bbox 2052 1312 2171 1342; x_wconf 87' lang='lat' dir='ltr'><strong>autem</strong></span> <span class='ocrx_word' id='word_1_392' title='bbox 2181 1315 2268 1342; x_wconf 88' lang='lat' dir='ltr'><strong>con-</strong></span> 
     </span>
     <span class='ocr_line' id='line_1_52' title="bbox 1201 1366 2268 1414; baseline -0.002 -10"><span class='ocrx_word' id='word_1_393' title='bbox 1201 1368 1328 1414; x_wconf 87' lang='lat' dir='ltr'><strong>juncta</strong></span> <span class='ocrx_word' id='word_1_394' title='bbox 1339 1373 1467 1404; x_wconf 89' lang='lat' dir='ltr'><strong>suntet</strong></span> <span class='ocrx_word' id='word_1_395' title='bbox 1482 1379 1554 1404; x_wconf 91' lang='lat' dir='ltr'><strong>non</strong></span> <span class='ocrx_word' id='word_1_396' title='bbox 1573 1368 1771 1412; x_wconf 85' lang='lat' dir='ltr'><strong>contraria,</strong></span> <span class='ocrx_word' id='word_1_397' title='bbox 1789 1369 1819 1404; x_wconf 92' lang='lat' dir='ltr'><strong>si</strong></span> <span class='ocrx_word' id='word_1_398' title='bbox 1833 1378 1896 1414; x_wconf 88' lang='lat' dir='ltr'><strong>per</strong></span> <span class='ocrx_word' id='word_1_399' title='bbox 1912 1367 2112 1414; x_wconf 87' lang='lat' dir='ltr'><strong>spiritalem</strong></span> <span class='ocrx_word' id='word_1_400' title='bbox 2130 1366 2268 1403; x_wconf 89' lang='lat' dir='ltr'><strong>intelle-</strong></span> 
     </span>
     <span class='ocr_line' id='line_1_53' title="bbox 1202 1428 2268 1476; baseline -0.003 -10"><span class='ocrx_word' id='word_1_401' title='bbox 1202 1436 1300 1466; x_wconf 86' lang='lat' dir='ltr'><strong>etum</strong></span> <span class='ocrx_word' id='word_1_402' title='bbox 1317 1436 1442 1476; x_wconf 82' lang='lat' dir='ltr'><strong>gentes</strong></span> <span class='ocrx_word' id='word_1_403' title='bbox 1465 1431 1501 1466; x_wconf 92' lang='lat' dir='ltr'><strong>in</strong></span> <span class='ocrx_word' id='word_1_404' title='bbox 1518 1431 1574 1466; x_wconf 93' lang='lat' dir='ltr'><strong>his</strong></span> <span class='ocrx_word' id='word_1_405' title='bbox 1593 1431 1760 1467; x_wconf 86' lang='lat' dir='ltr'><strong>omnibus</strong></span> <span class='ocrx_word' id='word_1_406' title='bbox 1782 1430 1936 1476; x_wconf 86' lang='lat' dir='ltr'><strong>pollutas</strong></span> <span class='ocrx_word' id='word_1_407' title='bbox 1956 1429 2137 1465; x_wconf 79' lang='lat' dir='ltr'><strong>daemones</strong></span> <span class='ocrx_word' id='word_1_408' title='bbox 2165 1428 2268 1464; x_wconf 87' lang='lat' dir='ltr'><strong>intel-</strong></span> 
     </span>
     <span class='ocr_line' id='line_1_54' title="bbox 1202 1489 2267 1537; baseline -0.003 -11"><span class='ocrx_word' id='word_1_409' title='bbox 1202 1490 1409 1534; x_wconf 85' lang='lat' dir='ltr'><strong>lexerimus,</strong></span> <span class='ocrx_word' id='word_1_410' title='bbox 1432 1496 1558 1537; x_wconf 87' lang='lat' dir='ltr'><strong>gentes</strong></span> <span class='ocrx_word' id='word_1_411' title='bbox 1580 1490 1756 1536; x_wconf 85' lang='lat' dir='ltr'><strong>siquidem</strong></span> <span class='ocrx_word' id='word_1_412' title='bbox 1771 1491 1807 1526; x_wconf 91' lang='lat' dir='ltr'><strong>hi</strong></span> <span class='ocrx_word' id='word_1_413' title='bbox 1829 1495 1976 1537; x_wconf 87' lang='lat' dir='ltr'><strong>propter</strong></span> <span class='ocrx_word' id='word_1_414' title='bbox 2001 1489 2267 1526; x_wconf 89' lang='lat' dir='ltr'><strong>multitudinem</strong></span> 
     </span>
     <span class='ocr_line' id='line_1_55' title="bbox 1203 1549 2268 1597; baseline -0.002 -11"><span class='ocrx_word' id='word_1_415' title='bbox 1203 1551 1383 1586; x_wconf 85' lang='lat' dir='ltr'><strong>dicuntur.</strong></span> <span class='ocrx_word' id='word_1_416' title='bbox 1400 1551 1489 1587; x_wconf 90' lang='lat' dir='ltr'><strong>Cum</strong></span> <span class='ocrx_word' id='word_1_417' title='bbox 1510 1551 1606 1587; x_wconf 88' lang='lat' dir='ltr'><strong>enim</strong></span> <span class='ocrx_word' id='word_1_418' title='bbox 1629 1551 1736 1587; x_wconf 90' lang='lat' dir='ltr'><strong>nimis</strong></span> <span class='ocrx_word' id='word_1_419' title='bbox 1754 1551 1826 1587; x_wconf 90' lang='lat' dir='ltr'><strong>sint</strong></span> <span class='ocrx_word' id='word_1_420' title='bbox 1842 1551 1955 1597; x_wconf 87' lang='lat' dir='ltr'><strong>iniqui</strong></span> <span class='ocrx_word' id='word_1_421' title='bbox 1971 1555 2008 1587; x_wconf 87' lang='lat' dir='ltr'><strong>et</strong></span> <span class='ocrx_word' id='word_1_422' title='bbox 2026 1550 2122 1586; x_wconf 88' lang='lat' dir='ltr'><strong>omni</strong></span> <span class='ocrx_word' id='word_1_423' title='bbox 2142 1549 2268 1585; x_wconf 82' lang='lat' dir='ltr'><strong>laetan-</strong></span> 
     </span>
     <span class='ocr_line' id='line_1_56' title="bbox 1204 1611 2268 1655; baseline -0.001 -8"><span class='ocrx_word' id='word_1_424' title='bbox 1204 1617 1261 1647; x_wconf 88' lang='lat' dir='ltr'><strong>tur</strong></span> <span class='ocrx_word' id='word_1_425' title='bbox 1287 1613 1438 1655; x_wconf 88' lang='lat' dir='ltr'><strong>malitia,</strong></span> <span class='ocrx_word' id='word_1_426' title='bbox 1461 1614 1619 1650; x_wconf 80' lang='lat' dir='ltr'><strong>maxime</strong></span> <span class='ocrx_word' id='word_1_427' title='bbox 1643 1619 1762 1649; x_wconf 86' lang='lat' dir='ltr'><strong>tamen</strong></span> <span class='ocrx_word' id='word_1_428' title='bbox 1784 1612 2037 1655; x_wconf 83' lang='lat' dir='ltr'><strong>fornicatione,</strong></span> <span class='ocrx_word' id='word_1_429' title='bbox 2066 1618 2103 1648; x_wconf 90' lang='lat' dir='ltr'><strong>et</strong></span> <span class='ocrx_word' id='word_1_430' title='bbox 2128 1611 2268 1647; x_wconf 83' lang='lat' dir='ltr'><strong>nefaria</strong></span> 
     </span>
     <span class='ocr_line' id='line_1_57' title="bbox 1202 1671 2269 1720; baseline -0.001 -13"><span class='ocrx_word' id='word_1_431' title='bbox 1202 1672 1453 1718; x_wconf 83' lang='lat' dir='ltr'><strong>fornicatione,</strong></span> <span class='ocrx_word' id='word_1_432' title='bbox 1465 1684 1507 1710; x_wconf 89' lang='lat' dir='ltr'><strong>ac</strong></span> <span class='ocrx_word' id='word_1_433' title='bbox 1517 1674 1629 1710; x_wconf 88' lang='lat' dir='ltr'><strong>multo</strong></span> <span class='ocrx_word' id='word_1_434' title='bbox 1644 1674 1758 1720; x_wconf 85' lang='lat' dir='ltr'><strong>magis</strong></span> <span class='ocrx_word' id='word_1_435' title='bbox 1776 1672 1990 1715; x_wconf 90' lang='lat' dir='ltr'><strong>idololatria,</strong></span> <span class='ocrx_word' id='word_1_436' title='bbox 2004 1671 2174 1717; x_wconf 82' lang='lat' dir='ltr'><strong>gaudent,</strong></span> <span class='ocrx_word' id='word_1_437' title='bbox 2185 1671 2269 1716; x_wconf 86' lang='lat' dir='ltr'><strong>quia</strong></span> 
     </span>
     <span class='ocr_line' id='line_1_58' title="bbox 1204 1731 2270 1779; baseline -0.003 -11"><span class='ocrx_word' id='word_1_438' title='bbox 1204 1733 1239 1768; x_wconf 91' lang='lat' dir='ltr'><strong>in</strong></span> <span class='ocrx_word' id='word_1_439' title='bbox 1249 1733 1304 1769; x_wconf 89' lang='lat' dir='ltr'><strong>his</strong></span> <span class='ocrx_word' id='word_1_440' title='bbox 1320 1743 1450 1779; x_wconf 88' lang='lat' dir='ltr'><strong>corpus</strong></span> <span class='ocrx_word' id='word_1_441' title='bbox 1463 1739 1499 1770; x_wconf 92' lang='lat' dir='ltr'><strong>et</strong></span> <span class='ocrx_word' id='word_1_442' title='bbox 1513 1734 1634 1769; x_wconf 87' lang='lat' dir='ltr'><strong>anima</strong></span> <span class='ocrx_word' id='word_1_443' title='bbox 1649 1733 1866 1776; x_wconf 88' lang='lat' dir='ltr'><strong>maculatur,</strong></span> <span class='ocrx_word' id='word_1_444' title='bbox 1880 1737 1917 1769; x_wconf 91' lang='lat' dir='ltr'><strong>et</strong></span> <span class='ocrx_word' id='word_1_445' title='bbox 1928 1737 2025 1769; x_wconf 88' lang='lat' dir='ltr'><strong>totus</strong></span> <span class='ocrx_word' id='word_1_446' title='bbox 2034 1733 2141 1767; x_wconf 89' lang='lat' dir='ltr'><strong>homo</strong></span> <span class='ocrx_word' id='word_1_447' title='bbox 2158 1731 2218 1777; x_wconf 89' lang='lat' dir='ltr'><strong>qui</strong></span> <span class='ocrx_word' id='word_1_448' title='bbox 2233 1735 2270 1766; x_wconf 90' lang='lat' dir='ltr'><strong>et</strong></span> 
     </span>
     <span class='ocr_line' id='line_1_59' title="bbox 1204 1790 2269 1840; baseline -0.004 -11"><span class='ocrx_word' id='word_1_449' title='bbox 1204 1799 1299 1829; x_wconf 88' lang='lat' dir='ltr'><strong>terra</strong></span> <span class='ocrx_word' id='word_1_450' title='bbox 1319 1794 1518 1840; x_wconf 80' lang='lat' dir='ltr'><strong>appellatur</strong></span> <span class='ocrx_word' id='word_1_451' title='bbox 1540 1803 1605 1840; x_wconf 89' lang='lat' dir='ltr'><strong>per</strong></span> <span class='ocrx_word' id='word_1_452' title='bbox 1624 1794 1692 1829; x_wconf 89' lang='lat' dir='ltr'><strong>hoc</strong></span> <span class='ocrx_word' id='word_1_453' title='bbox 1717 1792 1889 1839; x_wconf 89' lang='lat' dir='ltr'><strong>polluitur</strong></span> <span class='ocrx_word' id='word_1_454' title='bbox 1909 1805 1916 1828; x_wconf 89' lang='lat'>:</span> <span class='ocrx_word' id='word_1_455' title='bbox 1939 1791 2003 1828; x_wconf 86' lang='lat' dir='ltr'><strong>sed</strong></span> <span class='ocrx_word' id='word_1_456' title='bbox 2029 1791 2152 1827; x_wconf 86' lang='lat' dir='ltr'><strong>visitat</strong></span> <span class='ocrx_word' id='word_1_457' title='bbox 2173 1790 2269 1826; x_wconf 91' lang='lat' dir='ltr'><strong>Deus</strong></span> 
     </span>
     <span class='ocr_line' id='line_1_60' title="bbox 1204 1852 2270 1902; baseline -0.001 -14"><span class='ocrx_word' id='word_1_458' title='bbox 1204 1859 1350 1897; x_wconf 87' lang='lat' dir='ltr'><strong>terram,</strong></span> <span class='ocrx_word' id='word_1_459' title='bbox 1367 1854 1535 1890; x_wconf 87' lang='lat' dir='ltr'><strong>videlicet</strong></span> <span class='ocrx_word' id='word_1_460' title='bbox 1563 1855 1750 1890; x_wconf 90' lang='lat' dir='ltr'><strong>hominum</strong></span> <span class='ocrx_word' id='word_1_461' title='bbox 1770 1864 1895 1902; x_wconf 90' lang='lat' dir='ltr'><strong>genus,</strong></span> <span class='ocrx_word' id='word_1_462' title='bbox 1915 1861 1952 1890; x_wconf 89' lang='lat' dir='ltr'><strong>et</strong></span> <span class='ocrx_word' id='word_1_463' title='bbox 1972 1854 2102 1890; x_wconf 90' lang='lat' dir='ltr'><strong>scelus.</strong></span> <span class='ocrx_word' id='word_1_464' title='bbox 2123 1852 2206 1889; x_wconf 89' lang='lat' dir='ltr'><strong>Sive</strong></span> <span class='ocrx_word' id='word_1_465' title='bbox 2229 1856 2270 1888; x_wconf 91' lang='lat' dir='ltr'><strong>ut</strong></span> 
     </span>
     <span class='ocr_line' id='line_1_61' title="bbox 1203 1913 2269 1962; baseline 0.001 -12"><span class='ocrx_word' id='word_1_466' title='bbox 1203 1913 1439 1961; x_wconf 86' lang='lat' dir='ltr'><strong>Septuaginta</strong></span> <span class='ocrx_word' id='word_1_467' title='bbox 1457 1927 1464 1950; x_wconf 92' lang='lat'>:</span> <span class='ocrx_word' id='word_1_468' title='bbox 1481 1915 1689 1961; x_wconf 84' lang='lat' dir='ltr'><strong>injustitiam</strong></span> <span class='ocrx_word' id='word_1_469' title='bbox 1699 1916 1775 1962; x_wconf 83' lang='lat' dir='ltr'><strong>ejus</strong></span> <span class='ocrx_word' id='word_1_470' title='bbox 1789 1917 1827 1951; x_wconf 86' lang='lat' dir='ltr'><strong>in</strong></span> <span class='ocrx_word' id='word_1_471' title='bbox 1842 1927 1931 1959; x_wconf 86' lang='lat' dir='ltr'><strong>eam,</strong></span> <span class='ocrx_word' id='word_1_472' title='bbox 1943 1915 1979 1951; x_wconf 90' lang='lat' dir='ltr'><strong>id</strong></span> <span class='ocrx_word' id='word_1_473' title='bbox 1993 1921 2062 1958; x_wconf 90' lang='lat' dir='ltr'><strong>est,</strong></span> <span class='ocrx_word' id='word_1_474' title='bbox 2073 1925 2151 1961; x_wconf 87' lang='lat' dir='ltr'><strong>quae</strong></span> <span class='ocrx_word' id='word_1_475' title='bbox 2159 1915 2269 1951; x_wconf 87' lang='lat' dir='ltr'><strong>estab</strong></span> 
     </span>
     <span class='ocr_line' id='line_1_62' title="bbox 1204 1974 2270 2023; baseline 0.002 -13"><span class='ocrx_word' id='word_1_476' title='bbox 1204 1974 1281 2020; x_wconf 86' lang='lat' dir='ltr'><strong>ipsa</strong></span> <span class='ocrx_word' id='word_1_477' title='bbox 1300 1980 1336 2010; x_wconf 86' lang='lat' dir='ltr'><strong>et.</strong></span> <span class='ocrx_word' id='word_1_478' title='bbox 1356 1975 1392 2010; x_wconf 91' lang='lat' dir='ltr'><strong>in</strong></span> <span class='ocrx_word' id='word_1_479' title='bbox 1409 1976 1601 2022; x_wconf 85' lang='lat' dir='ltr'><strong>semetipsa</strong></span> <span class='ocrx_word' id='word_1_480' title='bbox 1620 1977 1872 2012; x_wconf 88' lang='lat' dir='ltr'><strong>committitur.</strong></span> <span class='ocrx_word' id='word_1_481' title='bbox 1888 1977 1943 2013; x_wconf 90' lang='lat' dir='ltr'><strong>Ab</strong></span> <span class='ocrx_word' id='word_1_482' title='bbox 1961 1987 2004 2013; x_wconf 88' lang='lat' dir='ltr'><strong>ea</strong></span> <span class='ocrx_word' id='word_1_483' title='bbox 2022 1977 2167 2023; x_wconf 90' lang='lat' dir='ltr'><strong>quidem</strong></span> <span class='ocrx_word' id='word_1_484' title='bbox 2184 1976 2270 2022; x_wconf 89' lang='lat' dir='ltr'><strong>quia</strong></span> 
     </span>
    </p>
   </div>
   <div class='ocr_carea' id='block_1_11' title="bbox 76 2035 2270 2089">
    <p class='ocr_par' dir='ltr' id='par_1_11' title="bbox 76 2035 2270 2089">
     <span class='ocr_line' id='line_1_63' title="bbox 76 2035 2270 2089; baseline -0.002 -11"><span class='ocrx_word' id='word_1_485' title='bbox 76 2041 376 2089; x_wconf 87' lang='lat' dir='ltr'><strong>quemadmodum</strong></span> <span class='ocrx_word' id='word_1_486' title='bbox 391 2040 500 2075; x_wconf 90' lang='lat' dir='ltr'><strong>alium</strong></span> <span class='ocrx_word' id='word_1_487' title='bbox 519 2038 763 2075; x_wconf 84' lang='lat' dir='ltr'><strong>effeminatum</strong></span> <span class='ocrx_word' id='word_1_488' title='bbox 777 2036 855 2073; x_wconf 85' lang='lat' dir='ltr'><strong>fieri</strong></span> <span class='ocrx_word' id='word_1_489' title='bbox 870 2046 942 2072; x_wconf 90' lang='lat' dir='ltr'><strong>non</strong></span> <span class='ocrx_word' id='word_1_490' title='bbox 956 2035 1129 2081; x_wconf 90' lang='lat' dir='ltr'><strong>oportuit,</strong></span> <span class='ocrx_word' id='word_1_491' title='bbox 1151 2035 1180 2077; x_wconf 86' lang='lat' dir='ltr'>C</span> <span class='ocrx_word' id='word_1_492' title='bbox 1203 2035 1461 2072; x_wconf 81' lang='lat' dir='ltr'><strong>abominabiles</strong></span> <span class='ocrx_word' id='word_1_493' title='bbox 1485 2041 1569 2072; x_wconf 90' lang='lat' dir='ltr'><strong>sunt</strong></span> <span class='ocrx_word' id='word_1_494' title='bbox 1589 2041 1792 2080; x_wconf 87' lang='lat' dir='ltr'><strong>peccantes,</strong></span> <span class='ocrx_word' id='word_1_495' title='bbox 1819 2042 1855 2072; x_wconf 92' lang='lat' dir='ltr'><strong>et</strong></span> <span class='ocrx_word' id='word_1_496' title='bbox 1874 2037 1906 2072; x_wconf 90' lang='lat' dir='ltr'><strong>si</strong></span> <span class='ocrx_word' id='word_1_497' title='bbox 1927 2047 1948 2072; x_wconf 89' lang='lat' dir='ltr'><strong>a</strong></span> <span class='ocrx_word' id='word_1_498' title='bbox 1975 2036 2197 2073; x_wconf 80' lang='lat' dir='ltr'><strong>daemonibus</strong></span> <span class='ocrx_word' id='word_1_499' title='bbox 2224 2037 2270 2073; x_wconf 92' lang='lat' dir='ltr'><strong>ad</strong></span> 
     </span>
    </p>
   </div>
   <div class='ocr_carea' id='block_1_12' title="bbox 75 2098 1139 2939">
    <p class='ocr_par' dir='ltr' id='par_1_12' title="bbox 75 2098 1139 2939">
     <span class='ocr_line' id='line_1_64' title="bbox 76 2098 1134 2146; baseline -0.007 -7"><span class='ocrx_word' id='word_1_500' title='bbox 76 2103 126 2139; x_wconf 89' lang='lat' dir='ltr'><strong>ita</strong></span> <span class='ocrx_word' id='word_1_501' title='bbox 153 2112 220 2139; x_wconf 88' lang='lat' dir='ltr'><strong>nec</strong></span> <span class='ocrx_word' id='word_1_502' title='bbox 243 2112 308 2138; x_wconf 90' lang='lat' dir='ltr'><strong>nos</strong></span> <span class='ocrx_word' id='word_1_503' title='bbox 333 2101 481 2137; x_wconf 75' lang='lat' dir='ltr'><strong>nefariis</strong></span> <span class='ocrx_word' id='word_1_504' title='bbox 507 2099 749 2146; x_wconf 88' lang='lat' dir='ltr'><strong>voluptatibus</strong></span> <span class='ocrx_word' id='word_1_505' title='bbox 779 2098 1024 2144; x_wconf 84' lang='lat' dir='ltr'><strong>acquiescere,</strong></span> <span class='ocrx_word' id='word_1_506' title='bbox 1054 2106 1134 2142; x_wconf 80' lang='lat' dir='ltr'><strong>quae</strong></span> 
     </span>
     <span class='ocr_line' id='line_1_65' title="bbox 77 2159 1132 2211; baseline -0.007 -10"><span class='ocrx_word' id='word_1_507' title='bbox 77 2170 175 2202; x_wconf 88' lang='lat' dir='ltr'><strong>recte</strong></span> <span class='ocrx_word' id='word_1_508' title='bbox 202 2164 462 2211; x_wconf 87' lang='lat' dir='ltr'><strong>quadrupedia,</strong></span> <span class='ocrx_word' id='word_1_509' title='bbox 488 2168 528 2199; x_wconf 90' lang='lat' dir='ltr'><strong>ut</strong></span> <span class='ocrx_word' id='word_1_510' title='bbox 557 2168 641 2209; x_wconf 87' lang='lat' dir='ltr'><strong>pote</strong></span> <span class='ocrx_word' id='word_1_511' title='bbox 661 2162 697 2198; x_wconf 90' lang='lat' dir='ltr'><strong>in</strong></span> <span class='ocrx_word' id='word_1_512' title='bbox 728 2167 863 2197; x_wconf 86' lang='lat' dir='ltr'><strong>terram</strong></span> <span class='ocrx_word' id='word_1_513' title='bbox 894 2159 1132 2202; x_wconf 89' lang='lat' dir='ltr'><strong>intendentia,</strong></span> 
     </span>
     <span class='ocr_line' id='line_1_66' title="bbox 77 2221 1133 2272; baseline -0.008 -8"><span class='ocrx_word' id='word_1_514' title='bbox 77 2233 113 2264; x_wconf 87' lang='lat' dir='ltr'><strong>et</strong></span> <span class='ocrx_word' id='word_1_515' title='bbox 156 2227 315 2263; x_wconf 85' lang='lat' dir='ltr'><strong>actiones</strong></span> <span class='ocrx_word' id='word_1_516' title='bbox 352 2235 432 2272; x_wconf 79' lang='lat' dir='ltr'><strong>quae</strong></span> <span class='ocrx_word' id='word_1_517' title='bbox 463 2225 582 2260; x_wconf 87' lang='lat' dir='ltr'><strong>virum</strong></span> <span class='ocrx_word' id='word_1_518' title='bbox 624 2224 775 2260; x_wconf 89' lang='lat' dir='ltr'><strong>deceant</strong></span> <span class='ocrx_word' id='word_1_519' title='bbox 818 2232 891 2258; x_wconf 91' lang='lat' dir='ltr'><strong>non</strong></span> <span class='ocrx_word' id='word_1_520' title='bbox 926 2221 1102 2257; x_wconf 90' lang='lat' dir='ltr'><strong>habentes</strong></span> <span class='ocrx_word' id='word_1_521' title='bbox 1124 2246 1133 2263; x_wconf 93' lang='lat'><strong>,</strong></span> 
     </span>
     <span class='ocr_line' id='line_1_67' title="bbox 76 2280 1135 2329; baseline -0.008 -6"><span class='ocrx_word' id='word_1_522' title='bbox 76 2287 172 2324; x_wconf 87' lang='lat' dir='ltr'><strong>dicta</strong></span> <span class='ocrx_word' id='word_1_523' title='bbox 206 2291 288 2323; x_wconf 88' lang='lat' dir='ltr'><strong>sunt</strong></span> <span class='ocrx_word' id='word_1_524' title='bbox 316 2298 325 2321; x_wconf 75' lang='grc' dir='ltr'>ε</span> <span class='ocrx_word' id='word_1_525' title='bbox 355 2286 393 2321; x_wconf 91' lang='lat' dir='ltr'><strong>in</strong></span> <span class='ocrx_word' id='word_1_526' title='bbox 420 2290 553 2321; x_wconf 88' lang='lat' dir='ltr'><strong>terram</strong></span> <span class='ocrx_word' id='word_1_527' title='bbox 568 2293 723 2329; x_wconf 88' lang='lat' dir='ltr'><strong>namque</strong></span> <span class='ocrx_word' id='word_1_528' title='bbox 755 2282 946 2318; x_wconf 89' lang='lat' dir='ltr'><strong>intendunt</strong></span> <span class='ocrx_word' id='word_1_529' title='bbox 976 2280 1135 2327; x_wconf 88' lang='lat' dir='ltr'><strong>quadru-</strong></span> 
     </span>
     <span class='ocr_line' id='line_1_68' title="bbox 75 2343 1137 2397; baseline -0.008 -11"><span class='ocrx_word' id='word_1_530' title='bbox 75 2350 180 2397; x_wconf 88' lang='lat' dir='ltr'><strong>pedia</strong></span> <span class='ocrx_word' id='word_1_531' title='bbox 216 2353 254 2384; x_wconf 90' lang='lat' dir='ltr'><strong>et</strong></span> <span class='ocrx_word' id='word_1_532' title='bbox 286 2357 457 2383; x_wconf 91' lang='lat' dir='ltr'><strong>manuum</strong></span> <span class='ocrx_word' id='word_1_533' title='bbox 494 2351 619 2382; x_wconf 87' lang='lat' dir='ltr'><strong>carent</strong></span> <span class='ocrx_word' id='word_1_534' title='bbox 654 2356 748 2388; x_wconf 86' lang='lat' dir='ltr'><strong>usu,</strong></span> <span class='ocrx_word' id='word_1_535' title='bbox 786 2354 866 2391; x_wconf 83' lang='lat' dir='ltr'><strong>quae</strong></span> <span class='ocrx_word' id='word_1_536' title='bbox 903 2344 939 2379; x_wconf 93' lang='lat' dir='ltr'><strong>in</strong></span> <span class='ocrx_word' id='word_1_537' title='bbox 976 2343 1137 2378; x_wconf 85' lang='lat' dir='ltr'><strong>actiones</strong></span> 
     </span>
     <span class='ocr_line' id='line_1_69' title="bbox 77 2404 1136 2456; baseline -0.006 -11"><span class='ocrx_word' id='word_1_538' title='bbox 77 2409 202 2456; x_wconf 85' lang='lat' dir='ltr'><strong>dignas</strong></span> <span class='ocrx_word' id='word_1_539' title='bbox 214 2408 421 2445; x_wconf 89' lang='lat' dir='ltr'><strong>hominibus</strong></span> <span class='ocrx_word' id='word_1_540' title='bbox 436 2407 676 2454; x_wconf 87' lang='lat' dir='ltr'><strong>accipiuntur,</strong></span> <span class='ocrx_word' id='word_1_541' title='bbox 692 2406 775 2453; x_wconf 89' lang='lat' dir='ltr'><strong>quia</strong></span> <span class='ocrx_word' id='word_1_542' title='bbox 788 2405 933 2452; x_wconf 88' lang='lat' dir='ltr'><strong>proprie</strong></span> <span class='ocrx_word' id='word_1_543' title='bbox 949 2404 1136 2441; x_wconf 85' lang='lat' dir='ltr'><strong>hominum</strong></span> 
     </span>
     <span class='ocr_line' id='line_1_70' title="bbox 78 2465 1137 2515; baseline -0.007 -8"><span class='ocrx_word' id='word_1_544' title='bbox 78 2475 134 2508; x_wconf 91' lang='lat' dir='ltr'><strong>est</strong></span> <span class='ocrx_word' id='word_1_545' title='bbox 157 2469 324 2506; x_wconf 89' lang='lat' dir='ltr'><strong>manibus</strong></span> <span class='ocrx_word' id='word_1_546' title='bbox 357 2469 537 2506; x_wconf 88' lang='lat' dir='ltr'><strong>laborare.</strong></span> <span class='ocrx_word' id='word_1_547' title='bbox 574 2468 652 2504; x_wconf 88' lang='lat' dir='ltr'><strong>Non</strong></span> <span class='ocrx_word' id='word_1_548' title='bbox 684 2478 770 2515; x_wconf 81' lang='lat' dir='ltr'><strong>ergo</strong></span> <span class='ocrx_word' id='word_1_549' title='bbox 790 2471 933 2514; x_wconf 87' lang='lat' dir='ltr'><strong>oportet</strong></span> <span class='ocrx_word' id='word_1_550' title='bbox 964 2476 1046 2502; x_wconf 89' lang='lat' dir='ltr'><strong>cum</strong></span> <span class='ocrx_word' id='word_1_551' title='bbox 1080 2465 1137 2501; x_wconf 88' lang='lat' dir='ltr'><strong>his</strong></span> 
     </span>
     <span class='ocr_line' id='line_1_71' title="bbox 77 2527 1138 2575; baseline -0.008 -8"><span class='ocrx_word' id='word_1_552' title='bbox 77 2530 189 2573; x_wconf 91' lang='lat' dir='ltr'><strong>coire,</strong></span> <span class='ocrx_word' id='word_1_553' title='bbox 214 2540 256 2565; x_wconf 86' lang='lat' dir='ltr'><strong>ex</strong></span> <span class='ocrx_word' id='word_1_554' title='bbox 276 2530 407 2575; x_wconf 88' lang='lat' dir='ltr'><strong>quibus</strong></span> <span class='ocrx_word' id='word_1_555' title='bbox 426 2529 506 2575; x_wconf 91' lang='lat' dir='ltr'><strong>quis</strong></span> <span class='ocrx_word' id='word_1_556' title='bbox 538 2528 732 2574; x_wconf 86' lang='lat' dir='ltr'><strong>polluitur:</strong></span> <span class='ocrx_word' id='word_1_557' title='bbox 756 2527 819 2573; x_wconf 90' lang='lat' dir='ltr'><strong>qui</strong></span> <span class='ocrx_word' id='word_1_558' title='bbox 849 2527 944 2563; x_wconf 90' lang='lat' dir='ltr'><strong>enim</strong></span> <span class='ocrx_word' id='word_1_559' title='bbox 974 2530 1138 2561; x_wconf 87' lang='lat' dir='ltr'><strong>moratur</strong></span> 
     </span>
     <span class='ocr_line' id='line_1_72' title="bbox 77 2588 1139 2635; baseline -0.007 -8"><span class='ocrx_word' id='word_1_560' title='bbox 77 2591 115 2628; x_wconf 90' lang='lat' dir='ltr'><strong>in</strong></span> <span class='ocrx_word' id='word_1_561' title='bbox 140 2591 456 2633; x_wconf 88' lang='lat' dir='ltr'><strong>delectationibus,</strong></span> <span class='ocrx_word' id='word_1_562' title='bbox 475 2590 552 2626; x_wconf 91' lang='lat' dir='ltr'><strong>sive</strong></span> <span class='ocrx_word' id='word_1_563' title='bbox 567 2589 823 2635; x_wconf 87' lang='lat' dir='ltr'><strong>voluptatibus,</strong></span> <span class='ocrx_word' id='word_1_564' title='bbox 844 2588 891 2623; x_wconf 86' lang='lat' dir='ltr'><strong>ita</strong></span> <span class='ocrx_word' id='word_1_565' title='bbox 909 2592 950 2622; x_wconf 88' lang='lat' dir='ltr'><strong>ut</strong></span> <span class='ocrx_word' id='word_1_566' title='bbox 969 2595 1139 2623; x_wconf 89' lang='lat' dir='ltr'><strong>concum-</strong></span> 
     </span>
     <span class='ocr_line' id='line_1_73' title="bbox 77 2649 1139 2694; baseline -0.005 -7"><span class='ocrx_word' id='word_1_567' title='bbox 77 2652 140 2688; x_wconf 89' lang='lat' dir='ltr'><strong>bat</strong></span> <span class='ocrx_word' id='word_1_568' title='bbox 167 2651 203 2686; x_wconf 90' lang='lat' dir='ltr'><strong>in</strong></span> <span class='ocrx_word' id='word_1_569' title='bbox 222 2651 289 2694; x_wconf 91' lang='lat' dir='ltr'><strong>eis,</strong></span> <span class='ocrx_word' id='word_1_570' title='bbox 309 2650 369 2686; x_wconf 89' lang='lat' dir='ltr'><strong>hic</strong></span> <span class='ocrx_word' id='word_1_571' title='bbox 396 2655 433 2685; x_wconf 86' lang='lat' dir='ltr'><strong>et</strong></span> <span class='ocrx_word' id='word_1_572' title='bbox 459 2660 581 2686; x_wconf 88' lang='lat' dir='ltr'><strong>semen</strong></span> <span class='ocrx_word' id='word_1_573' title='bbox 611 2649 794 2685; x_wconf 80' lang='lat' dir='ltr'><strong>effundere</strong></span> <span class='ocrx_word' id='word_1_574' title='bbox 824 2649 968 2691; x_wconf 86' lang='lat' dir='ltr'><strong>dicitur,</strong></span> <span class='ocrx_word' id='word_1_575' title='bbox 991 2652 1139 2693; x_wconf 85' lang='lat' dir='ltr'><strong>propter</strong></span> 
     </span>
     <span class='ocr_line' id='line_1_74' title="bbox 78 2708 1136 2758; baseline -0.006 -9"><span class='ocrx_word' id='word_1_576' title='bbox 78 2713 149 2749; x_wconf 85' lang='lat' dir='ltr'><strong>hoc</strong></span> <span class='ocrx_word' id='word_1_577' title='bbox 162 2711 246 2758; x_wconf 88' lang='lat' dir='ltr'><strong>quia</strong></span> <span class='ocrx_word' id='word_1_578' title='bbox 260 2711 432 2758; x_wconf 72' lang='lat' dir='ltr'><strong>polluitur</strong></span> <span class='ocrx_word' id='word_1_579' title='bbox 451 2712 497 2747; x_wconf 85' lang='lat' dir='ltr'><strong>ab</strong></span> <span class='ocrx_word' id='word_1_580' title='bbox 510 2712 577 2755; x_wconf 86' lang='lat' dir='ltr'><strong>eis,</strong></span> <span class='ocrx_word' id='word_1_581' title='bbox 596 2711 671 2746; x_wconf 90' lang='lat' dir='ltr'><strong>sive</strong></span> <span class='ocrx_word' id='word_1_582' title='bbox 691 2710 775 2757; x_wconf 88' lang='lat' dir='ltr'><strong>quia</strong></span> <span class='ocrx_word' id='word_1_583' title='bbox 797 2710 996 2746; x_wconf 85' lang='lat' dir='ltr'><strong>delectatur</strong></span> <span class='ocrx_word' id='word_1_584' title='bbox 1012 2709 1049 2744; x_wconf 93' lang='lat' dir='ltr'><strong>in</strong></span> <span class='ocrx_word' id='word_1_585' title='bbox 1069 2708 1136 2752; x_wconf 91' lang='lat' dir='ltr'><strong>eis,</strong></span> 
     </span>
     <span class='ocr_line' id='line_1_75' title="bbox 79 2769 1138 2819; baseline -0.003 -11"><span class='ocrx_word' id='word_1_586' title='bbox 79 2779 115 2809; x_wconf 90' lang='lat' dir='ltr'><strong>et</strong></span> <span class='ocrx_word' id='word_1_587' title='bbox 132 2772 311 2819; x_wconf 84' lang='lat' dir='ltr'><strong>frequenti</strong></span> <span class='ocrx_word' id='word_1_588' title='bbox 332 2782 399 2808; x_wconf 91' lang='lat' dir='ltr'><strong>usu</strong></span> <span class='ocrx_word' id='word_1_589' title='bbox 427 2772 583 2807; x_wconf 88' lang='lat' dir='ltr'><strong>seminat</strong></span> <span class='ocrx_word' id='word_1_590' title='bbox 609 2781 672 2807; x_wconf 89' lang='lat' dir='ltr'><strong>eas</strong></span> <span class='ocrx_word' id='word_1_591' title='bbox 704 2771 968 2817; x_wconf 88' lang='lat' dir='ltr'><strong>quodammodo</strong></span> <span class='ocrx_word' id='word_1_592' title='bbox 997 2776 1059 2805; x_wconf 88' lang='lat' dir='ltr'><strong>aut</strong></span> <span class='ocrx_word' id='word_1_593' title='bbox 1094 2769 1138 2805; x_wconf 87' lang='lat' dir='ltr'><strong>ab</strong></span> 
     </span>
     <span class='ocr_line' id='line_1_76' title="bbox 79 2830 1139 2878; baseline -0.005 -9"><span class='ocrx_word' id='word_1_594' title='bbox 79 2834 132 2871; x_wconf 89' lang='lat' dir='ltr'><strong>cis</strong></span> <span class='ocrx_word' id='word_1_595' title='bbox 144 2833 343 2869; x_wconf 88' lang='lat' dir='ltr'><strong>seminatur</strong></span> <span class='ocrx_word' id='word_1_596' title='bbox 360 2833 497 2869; x_wconf 85' lang='lat' dir='ltr'><strong>semine</strong></span> <span class='ocrx_word' id='word_1_597' title='bbox 511 2832 646 2878; x_wconf 92' lang='lat' dir='ltr'><strong>aliquo,</strong></span> <span class='ocrx_word' id='word_1_598' title='bbox 664 2831 759 2878; x_wconf 90' lang='lat' dir='ltr'><strong>quod</strong></span> <span class='ocrx_word' id='word_1_599' title='bbox 776 2830 946 2866; x_wconf 88' lang='lat' dir='ltr'><strong>inimicus</strong></span> <span class='ocrx_word' id='word_1_600' title='bbox 961 2830 1139 2866; x_wconf 88' lang='lat' dir='ltr'><strong>dormien-</strong></span> 
     </span>
     <span class='ocr_line' id='line_1_77' title="bbox 79 2890 1136 2939; baseline -0.006 -9"><span class='ocrx_word' id='word_1_601' title='bbox 79 2893 175 2930; x_wconf 90' lang='lat' dir='ltr'><strong>tibus</strong></span> <span class='ocrx_word' id='word_1_602' title='bbox 198 2893 302 2930; x_wconf 89' lang='lat' dir='ltr'><strong>nobis</strong></span> <span class='ocrx_word' id='word_1_603' title='bbox 324 2898 360 2929; x_wconf 89' lang='lat' dir='ltr'><strong>et</strong></span> <span class='ocrx_word' id='word_1_604' title='bbox 379 2892 654 2939; x_wconf 84' lang='lat' dir='ltr'><strong>negligentibus,</strong></span> <span class='ocrx_word' id='word_1_605' title='bbox 679 2892 718 2927; x_wconf 91' lang='lat' dir='ltr'><strong>in</strong></span> <span class='ocrx_word' id='word_1_606' title='bbox 737 2891 909 2927; x_wconf 91' lang='lat' dir='ltr'><strong>mundum</strong></span> <span class='ocrx_word' id='word_1_607' title='bbox 932 2890 1136 2932; x_wconf 86' lang='lat' dir='ltr'><strong>seminavit,</strong></span> 
     </span>
    </p>
   </div>
   <div class='ocr_carea' id='block_1_13' title="bbox 78 2936 1190 3001">
    <p class='ocr_par' dir='ltr' id='par_1_13' title="bbox 78 2936 1190 3001">
     <span class='ocr_line' id='line_1_78' title="bbox 78 2936 1190 3001; baseline -0.004 -10"><span class='ocrx_word' id='word_1_608' title='bbox 78 2954 241 3001; x_wconf 89' lang='lat' dir='ltr'><strong>polluens</strong></span> <span class='ocrx_word' id='word_1_609' title='bbox 259 2953 375 2998; x_wconf 88' lang='lat' dir='ltr'><strong>valde,</strong></span> <span class='ocrx_word' id='word_1_610' title='bbox 395 2954 446 2990; x_wconf 90' lang='lat' dir='ltr'><strong>ita</strong></span> <span class='ocrx_word' id='word_1_611' title='bbox 471 2959 511 2990; x_wconf 88' lang='lat' dir='ltr'><strong>ut</strong></span> <span class='ocrx_word' id='word_1_612' title='bbox 540 2959 577 2990; x_wconf 85' lang='lat' dir='ltr'><strong>et</strong></span> <span class='ocrx_word' id='word_1_613' title='bbox 595 2964 615 2989; x_wconf 87' lang='lat' dir='ltr'><strong>a</strong></span> <span class='ocrx_word' id='word_1_614' title='bbox 634 2963 738 2990; x_wconf 87' lang='lat' dir='ltr'><strong>sacro</strong></span> <span class='ocrx_word' id='word_1_615' title='bbox 757 2951 988 2988; x_wconf 89' lang='lat' dir='ltr'><strong>tabernaculo</strong></span> <span class='ocrx_word' id='word_1_616' title='bbox 1009 2951 1138 2987; x_wconf 87' lang='lat' dir='ltr'><strong>debeat</strong></span> <span class='ocrx_word' id='word_1_617' title='bbox 1154 2936 1190 2976; x_wconf 84' lang='lat' dir='ltr'>D</span> 
     </span>
    </p>
   </div>
   <div class='ocr_carea' id='block_1_14' title="bbox 79 3014 1146 3783">
    <p class='ocr_par' dir='ltr' id='par_1_14' title="bbox 79 3014 1141 3535">
     <span class='ocr_line' id='line_1_79' title="bbox 79 3014 1139 3062; baseline -0.005 -9"><span class='ocrx_word' id='word_1_618' title='bbox 79 3016 139 3053; x_wconf 85' lang='lat' dir='ltr'><strong>hic</strong></span> <span class='ocrx_word' id='word_1_619' title='bbox 155 3016 216 3062; x_wconf 89' lang='lat' dir='ltr'><strong>qui</strong></span> <span class='ocrx_word' id='word_1_620' title='bbox 236 3015 319 3052; x_wconf 86' lang='lat' dir='ltr'><strong>talis</strong></span> <span class='ocrx_word' id='word_1_621' title='bbox 334 3020 404 3059; x_wconf 87' lang='lat' dir='ltr'><strong>est,</strong></span> <span class='ocrx_word' id='word_1_622' title='bbox 421 3021 461 3052; x_wconf 91' lang='lat' dir='ltr'><strong>ut</strong></span> <span class='ocrx_word' id='word_1_623' title='bbox 479 3015 644 3062; x_wconf 91' lang='lat' dir='ltr'><strong>polluens</strong></span> <span class='ocrx_word' id='word_1_624' title='bbox 667 3014 811 3060; x_wconf 87' lang='lat' dir='ltr'><strong>expelli,</strong></span> <span class='ocrx_word' id='word_1_625' title='bbox 833 3014 1042 3060; x_wconf 84' lang='lat' dir='ltr'><strong>alienusque</strong></span> <span class='ocrx_word' id='word_1_626' title='bbox 1057 3022 1139 3049; x_wconf 90' lang='lat' dir='ltr'><strong>esse</strong></span> 
     </span>
     <span class='ocr_line' id='line_1_80' title="bbox 80 3073 1140 3122; baseline -0.004 -10"><span class='ocrx_word' id='word_1_627' title='bbox 80 3086 100 3112; x_wconf 92' lang='lat' dir='ltr'><strong>a</strong></span> <span class='ocrx_word' id='word_1_628' title='bbox 119 3076 306 3113; x_wconf 88' lang='lat' dir='ltr'><strong>Dominica</strong></span> <span class='ocrx_word' id='word_1_629' title='bbox 326 3086 424 3119; x_wconf 88' lang='lat' dir='ltr'><strong>area,</strong></span> <span class='ocrx_word' id='word_1_630' title='bbox 455 3076 518 3121; x_wconf 90' lang='lat' dir='ltr'><strong>qui</strong></span> <span class='ocrx_word' id='word_1_631' title='bbox 548 3085 613 3122; x_wconf 90' lang='lat' dir='ltr'><strong>per</strong></span> <span class='ocrx_word' id='word_1_632' title='bbox 637 3074 772 3110; x_wconf 87' lang='lat' dir='ltr'><strong>malum</strong></span> <span class='ocrx_word' id='word_1_633' title='bbox 792 3084 915 3110; x_wconf 91' lang='lat' dir='ltr'><strong>semen</strong></span> <span class='ocrx_word' id='word_1_634' title='bbox 941 3073 1057 3109; x_wconf 87' lang='lat' dir='ltr'><strong>factus</strong></span> <span class='ocrx_word' id='word_1_635' title='bbox 1083 3077 1140 3108; x_wconf 89' lang='lat' dir='ltr'><strong>est</strong></span> 
     </span>
     <span class='ocr_line' id='line_1_81' title="bbox 81 3131 1139 3182; baseline -0.005 -10"><span class='ocrx_word' id='word_1_636' title='bbox 81 3135 234 3173; x_wconf 84' lang='lat' dir='ltr'><strong>zizania.</strong></span> <span class='ocrx_word' id='word_1_637' title='bbox 262 3135 394 3182; x_wconf 83' lang='lat' dir='ltr'><strong>Legem</strong></span> <span class='ocrx_word' id='word_1_638' title='bbox 418 3140 539 3171; x_wconf 88' lang='lat' dir='ltr'><strong>autem</strong></span> <span class='ocrx_word' id='word_1_639' title='bbox 558 3145 630 3171; x_wconf 93' lang='lat' dir='ltr'><strong>non</strong></span> <span class='ocrx_word' id='word_1_640' title='bbox 655 3134 712 3170; x_wconf 87' lang='lat' dir='ltr'><strong>vir</strong></span> <span class='ocrx_word' id='word_1_641' title='bbox 730 3135 842 3177; x_wconf 89' lang='lat' dir='ltr'><strong>solus,</strong></span> <span class='ocrx_word' id='word_1_642' title='bbox 862 3132 926 3169; x_wconf 91' lang='lat' dir='ltr'><strong>sed</strong></span> <span class='ocrx_word' id='word_1_643' title='bbox 951 3138 988 3169; x_wconf 89' lang='lat' dir='ltr'><strong>et</strong></span> <span class='ocrx_word' id='word_1_644' title='bbox 1009 3131 1139 3168; x_wconf 87' lang='lat' dir='ltr'><strong>mulier</strong></span> 
     </span>
     <span class='ocr_line' id='line_1_82' title="bbox 81 3193 1140 3243; baseline -0.005 -9"><span class='ocrx_word' id='word_1_645' title='bbox 81 3197 286 3235; x_wconf 87' lang='lat' dir='ltr'><strong>necessario</strong></span> <span class='ocrx_word' id='word_1_646' title='bbox 303 3198 470 3242; x_wconf 89' lang='lat' dir='ltr'><strong>custodit,</strong></span> <span class='ocrx_word' id='word_1_647' title='bbox 493 3197 554 3233; x_wconf 90' lang='lat' dir='ltr'><strong>illa</strong></span> <span class='ocrx_word' id='word_1_648' title='bbox 575 3197 702 3243; x_wconf 85' lang='lat' dir='ltr'><strong>utique</strong></span> <span class='ocrx_word' id='word_1_649' title='bbox 726 3206 834 3243; x_wconf 90' lang='lat' dir='ltr'><strong>quam</strong></span> <span class='ocrx_word' id='word_1_650' title='bbox 863 3194 1035 3232; x_wconf 91' lang='lat' dir='ltr'><strong>Salomon</strong></span> <span class='ocrx_word' id='word_1_651' title='bbox 1063 3193 1140 3229; x_wconf 90' lang='lat' dir='ltr'><strong>lau-</strong></span> 
     </span>
     <span class='ocr_line' id='line_1_83' title="bbox 83 3253 1140 3302; baseline -0.007 -6"><span class='ocrx_word' id='word_1_652' title='bbox 83 3259 170 3296; x_wconf 85' lang='lat' dir='ltr'><strong>dat:</strong></span> <span class='ocrx_word' id='word_1_653' title='bbox 192 3258 323 3296; x_wconf 77' lang='lat' dir='ltr'><strong>Mulier</strong></span> <span class='ocrx_word' id='word_1_654' title='bbox 349 3258 438 3296; x_wconf 88' lang='lat' dir='ltr'><strong>bona</strong></span> <span class='ocrx_word' id='word_1_655' title='bbox 467 3258 706 3302; x_wconf 84' lang='lat' dir='ltr'><strong>benedicetur,</strong></span> <span class='ocrx_word' id='word_1_656' title='bbox 739 3257 901 3293; x_wconf 81' lang='lat' dir='ltr'><strong>timorem</strong></span> <span class='ocrx_word' id='word_1_657' title='bbox 926 3261 1043 3292; x_wconf 87' lang='lat' dir='ltr'><strong>autem</strong></span> <span class='ocrx_word' id='word_1_658' title='bbox 1074 3253 1140 3290; x_wconf 90' lang='lat' dir='ltr'><strong>Dei</strong></span> 
     </span>
     <span class='ocr_line' id='line_1_84' title="bbox 85 3317 223 3356; baseline 0 0"><span class='ocrx_word' id='word_1_659' title='bbox 85 3317 223 3356; x_wconf 74' lang='lat' dir='ltr'><strong>laudat.</strong></span> 
     </span>
     <span class='ocr_line' id='line_1_85' title="bbox 479 3377 746 3416; baseline -0.011 0"><span class='ocrx_word' id='word_1_660' title='bbox 479 3377 631 3416; x_wconf 84' lang='lat' dir='ltr'>CAPUT</span> <span class='ocrx_word' id='word_1_661' title='bbox 655 3377 746 3415; x_wconf 83' lang='lat' dir='ltr'><strong>xm.</strong></span> 
     </span>
     <span class='ocr_line' id='line_1_86' title="bbox 91 3440 1141 3489; baseline -0.007 -12"><span class='ocrx_word' id='word_1_662' title='bbox 91 3440 244 3488; x_wconf 79' lang='lat' dir='ltr'><strong>Populus</strong></span> <span class='ocrx_word' id='word_1_663' title='bbox 265 3441 333 3479; x_wconf 82' lang='lat' dir='ltr'><strong>Dei</strong></span> <span class='ocrx_word' id='word_1_664' title='bbox 354 3452 426 3478; x_wconf 86' lang='lat' dir='ltr'><strong>non</strong></span> <span class='ocrx_word' id='word_1_665' title='bbox 439 3446 600 3489; x_wconf 82' lang='lat' dir='ltr'><strong>sequetur</strong></span> <span class='ocrx_word' id='word_1_666' title='bbox 619 3440 930 3476; x_wconf 66' lang='lat' dir='ltr'><strong>contaminationes</strong></span> <span class='ocrx_word' id='word_1_667' title='bbox 948 3441 981 3473; x_wconf 84' lang='lat' dir='ltr'><strong>et</strong></span> <span class='ocrx_word' id='word_1_668' title='bbox 1006 3445 1141 3472; x_wconf 80' lang='lat' dir='ltr'><strong>errores</strong></span> 
     </span>
     <span class='ocr_line' id='line_1_87' title="bbox 529 3488 697 3535; baseline -0.012 -11"><span class='ocrx_word' id='word_1_669' title='bbox 529 3488 697 3535; x_wconf 65' lang='lat' dir='ltr'><strong>gentium.</strong></span> 
     </span>
    </p>

    <p class='ocr_par' dir='ltr' id='par_1_15' title="bbox 94 3557 1146 3783">
     <span class='ocr_line' id='line_1_88' title="bbox 99 3557 1142 3612; baseline -0.011 -11"><span class='ocrx_word' id='word_1_670' title='bbox 99 3581 105 3586; x_wconf 81' lang='lat'>·</span> <span class='ocrx_word' id='word_1_671' title='bbox 137 3564 254 3612; x_wconf 78' lang='lat' dir='ltr'><strong>(lum.)</strong></span> <span class='ocrx_word' id='word_1_672' title='bbox 281 3565 336 3601; x_wconf 88' lang='lat' dir='ltr'><strong>Ne</strong></span> <span class='ocrx_word' id='word_1_673' title='bbox 357 3563 564 3611; x_wconf 77' lang='lat' dir='ltr'><strong>polluamini</strong></span> <span class='ocrx_word' id='word_1_674' title='bbox 587 3563 624 3598; x_wconf 86' lang='lat' dir='ltr'><strong>in</strong></span> <span class='ocrx_word' id='word_1_675' title='bbox 651 3560 810 3597; x_wconf 82' lang='lat' dir='ltr'><strong>omnibus</strong></span> <span class='ocrx_word' id='word_1_676' title='bbox 834 3559 888 3594; x_wconf 77' lang='lat' dir='ltr'><strong>liis</strong></span> <span class='ocrx_word' id='word_1_677' title='bbox 910 3557 1035 3605; x_wconf 82' lang='lat' dir='ltr'><strong>quibus</strong></span> <span class='ocrx_word' id='word_1_678' title='bbox 1057 3567 1142 3592; x_wconf 88' lang='lat' dir='ltr'><strong>con-</strong></span> 
     </span>
     <span class='ocr_line' id='line_1_89' title="bbox 94 3621 1144 3671; baseline -0.011 -9"><span class='ocrx_word' id='word_1_679' title='bbox 94 3625 270 3661; x_wconf 68' lang='lat' dir='ltr'><strong>mutinam</strong></span> <span class='ocrx_word' id='word_1_680' title='bbox 286 3630 367 3661; x_wconf 76' lang='lat' dir='ltr'><strong>aunt</strong></span> <span class='ocrx_word' id='word_1_681' title='bbox 385 3631 510 3671; x_wconf 77' lang='lat' dir='ltr'><strong>yentes,</strong></span> <span class='ocrx_word' id='word_1_682' title='bbox 532 3635 619 3670; x_wconf 81' lang='lat' dir='ltr'><strong>quas</strong></span> <span class='ocrx_word' id='word_1_683' title='bbox 642 3633 704 3670; x_wconf 74' lang='lat' dir='ltr'><strong>eqo</strong></span> <span class='ocrx_word' id='word_1_684' title='bbox 729 3621 869 3668; x_wconf 80' lang='lat' dir='ltr'><strong>ejiciam</strong></span> <span class='ocrx_word' id='word_1_685' title='bbox 899 3625 978 3654; x_wconf 85' lang='lat' dir='ltr'><strong>ante</strong></span> <span class='ocrx_word' id='word_1_686' title='bbox 1003 3627 1144 3662; x_wconf 85' lang='lat' dir='ltr'><strong>conspe-</strong></span> 
     </span>
     <span class='ocr_line' id='line_1_90' title="bbox 95 3679 1144 3732; baseline -0.007 -15"><span class='ocrx_word' id='word_1_687' title='bbox 95 3689 188 3718; x_wconf 86' lang='lat' dir='ltr'><strong>ctum</strong></span> <span class='ocrx_word' id='word_1_688' title='bbox 204 3689 376 3728; x_wconf 72' lang='lat' dir='ltr'><strong>vnestrum,</strong></span> <span class='ocrx_word' id='word_1_689' title='bbox 397 3684 551 3732; x_wconf 76' lang='lat' dir='ltr'><strong>equibus</strong></span> <span class='ocrx_word' id='word_1_690' title='bbox 576 3682 711 3731; x_wconf 80' lang='lat' dir='ltr'><strong>polluta</strong></span> <span class='ocrx_word' id='word_1_691' title='bbox 736 3687 786 3719; x_wconf 80' lang='lat' dir='ltr'><strong>est</strong></span> <span class='ocrx_word' id='word_1_692' title='bbox 812 3687 928 3723; x_wconf 89' lang='lat' dir='ltr'><strong>terra,·</strong></span> <span class='ocrx_word' id='word_1_693' title='bbox 959 3679 1060 3724; x_wconf 84' lang='lat' dir='ltr'><strong>cujus</strong></span> <span class='ocrx_word' id='word_1_694' title='bbox 1083 3686 1144 3722; x_wconf 72' lang='lat' dir='ltr'><strong>eqo</strong></span> 
     </span>
     <span class='ocr_line' id='line_1_91' title="bbox 95 3737 1146 3783; baseline -0.01 -1"><span class='ocrx_word' id='word_1_695' title='bbox 95 3742 230 3782; x_wconf 72' lang='lat' dir='ltr'><strong>scotera</strong></span> <span class='ocrx_word' id='word_1_696' title='bbox 242 3744 389 3783; x_wconf 69' lang='lat' dir='ltr'><strong>visitabo</strong></span> <span class='ocrx_word' id='word_1_697' title='bbox 404 3750 444 3782; x_wconf 72' lang='lat' dir='ltr'><strong>ut</strong></span> <span class='ocrx_word' id='word_1_698' title='bbox 459 3749 593 3782; x_wconf 80' lang='lat' dir='ltr'><strong>evomat</strong></span> <span class='ocrx_word' id='word_1_699' title='bbox 614 3744 826 3781; x_wconf 75' lang='lat' dir='ltr'><strong>habitatores</strong></span> <span class='ocrx_word' id='word_1_700' title='bbox 844 3752 939 3778; x_wconf 82' lang='lat' dir='ltr'><strong>suos.</strong></span> <span class='ocrx_word' id='word_1_701' title='bbox 965 3737 1146 3776; x_wconf 82' lang='lat' dir='ltr'><strong>Custodite</strong></span> 
     </span>
    </p>
   </div>
   <div class='ocr_carea' id='block_1_15' title="bbox 1203 2097 2272 3781">
    <p class='ocr_par' dir='ltr' id='par_1_16' title="bbox 1203 2097 2271 2265">
     <span class='ocr_line' id='line_1_92' title="bbox 1204 2097 2270 2144; baseline 0 -11"><span class='ocrx_word' id='word_1_702' title='bbox 1204 2098 1274 2133; x_wconf 92' lang='lat' dir='ltr'><strong>hoc</strong></span> <span class='ocrx_word' id='word_1_703' title='bbox 1297 2099 1574 2143; x_wconf 88' lang='lat' dir='ltr'><strong>protrahuntur.</strong></span> <span class='ocrx_word' id='word_1_704' title='bbox 1606 2097 1645 2133; x_wconf 92' lang='lat' dir='ltr'><strong>ln</strong></span> <span class='ocrx_word' id='word_1_705' title='bbox 1677 2097 1871 2144; x_wconf 84' lang='lat' dir='ltr'><strong>semetipsa</strong></span> <span class='ocrx_word' id='word_1_706' title='bbox 1903 2103 2038 2141; x_wconf 88' lang='lat' dir='ltr'><strong>autem,</strong></span> <span class='ocrx_word' id='word_1_707' title='bbox 2063 2098 2146 2143; x_wconf 88' lang='lat' dir='ltr'><strong>quia</strong></span> <span class='ocrx_word' id='word_1_708' title='bbox 2173 2097 2270 2133; x_wconf 88' lang='lat' dir='ltr'><strong>acci-</strong></span> 
     </span>
     <span class='ocr_line' id='line_1_93' title="bbox 1203 2158 2271 2205; baseline 0.001 -11"><span class='ocrx_word' id='word_1_709' title='bbox 1203 2160 1343 2204; x_wconf 90' lang='lat' dir='ltr'><strong>pientes</strong></span> <span class='ocrx_word' id='word_1_710' title='bbox 1360 2159 1589 2196; x_wconf 86' lang='lat' dir='ltr'><strong>occasionem</strong></span> <span class='ocrx_word' id='word_1_711' title='bbox 1610 2159 1660 2194; x_wconf 91' lang='lat' dir='ltr'><strong>illi</strong></span> <span class='ocrx_word' id='word_1_712' title='bbox 1686 2169 1728 2195; x_wconf 86' lang='lat' dir='ltr'><strong>ex</strong></span> <span class='ocrx_word' id='word_1_713' title='bbox 1752 2163 1872 2194; x_wconf 91' lang='lat' dir='ltr'><strong>nostra</strong></span> <span class='ocrx_word' id='word_1_714' title='bbox 1895 2158 2124 2205; x_wconf 86' lang='lat' dir='ltr'><strong>negligentia,</strong></span> <span class='ocrx_word' id='word_1_715' title='bbox 2144 2163 2271 2195; x_wconf 88' lang='lat' dir='ltr'><strong>contu-</strong></span> 
     </span>
     <span class='ocr_line' id='line_1_94' title="bbox 1205 2218 2080 2265; baseline 0 -11"><span class='ocrx_word' id='word_1_716' title='bbox 1205 2219 1348 2255; x_wconf 89' lang='lat' dir='ltr'><strong>meliam</strong></span> <span class='ocrx_word' id='word_1_717' title='bbox 1366 2219 1534 2265; x_wconf 88' lang='lat' dir='ltr'><strong>ingerunt</strong></span> <span class='ocrx_word' id='word_1_718' title='bbox 1552 2224 1685 2255; x_wconf 78' lang='lat' dir='ltr'><strong>nostrae</strong></span> <span class='ocrx_word' id='word_1_719' title='bbox 1703 2224 1855 2255; x_wconf 75' lang='lat' dir='ltr'><strong>naturae.</strong></span> <span class='ocrx_word' id='word_1_720' title='bbox 1880 2218 2051 2265; x_wconf 91' lang='lat' dir='ltr'><strong>Sequitur</strong></span> <span class='ocrx_word' id='word_1_721' title='bbox 2072 2231 2080 2254; x_wconf 71' lang='grc' dir='ltr'><strong><em>ε</em></strong></span> 
     </span>
    </p>

    <p class='ocr_par' dir='ltr' id='par_1_17' title="bbox 1205 2278 2272 3781">
     <span class='ocr_line' id='line_1_95' title="bbox 1254 2278 2271 2325; baseline 0 -10"><span class='ocrx_word' id='word_1_722' title='bbox 1254 2279 1300 2314; x_wconf 88' lang='lat' dir='ltr'><strong>Et</strong></span> <span class='ocrx_word' id='word_1_723' title='bbox 1335 2290 1404 2315; x_wconf 86' lang='lat' dir='ltr'><strong>non</strong></span> <span class='ocrx_word' id='word_1_724' title='bbox 1432 2279 1535 2325; x_wconf 72' lang='lat' dir='ltr'><strong>faciet</strong></span> <span class='ocrx_word' id='word_1_725' title='bbox 1575 2291 1618 2315; x_wconf 74' lang='lat' dir='ltr'><strong>ecc</strong></span> <span class='ocrx_word' id='word_1_726' title='bbox 1650 2279 1808 2315; x_wconf 85' lang='lat' dir='ltr'><strong>omnibus</strong></span> <span class='ocrx_word' id='word_1_727' title='bbox 1840 2278 2160 2314; x_wconf 83' lang='lat' dir='ltr'><strong>abominationibus</strong></span> <span class='ocrx_word' id='word_1_728' title='bbox 2194 2278 2271 2315; x_wconf 84' lang='lat' dir='ltr'><strong>istis</strong></span> 
     </span>
     <span class='ocr_line' id='line_1_96' title="bbox 1206 2339 2270 2386; baseline -0.002 -11"><span class='ocrx_word' id='word_1_729' title='bbox 1206 2346 1278 2375; x_wconf 77' lang='lat' dir='ltr'><strong>lam</strong></span> <span class='ocrx_word' id='word_1_730' title='bbox 1299 2340 1479 2385; x_wconf 65' lang='lat' dir='ltr'><strong>imfiqena,</strong></span> <span class='ocrx_word' id='word_1_731' title='bbox 1505 2351 1610 2386; x_wconf 86' lang='lat' dir='ltr'><strong>quam</strong></span> <span class='ocrx_word' id='word_1_732' title='bbox 1638 2339 1781 2375; x_wconf 86' lang='lat' dir='ltr'><strong>colonus</strong></span> <span class='ocrx_word' id='word_1_733' title='bbox 1802 2339 1862 2386; x_wconf 84' lang='lat' dir='ltr'><strong>qui</strong></span> <span class='ocrx_word' id='word_1_734' title='bbox 1889 2340 2158 2385; x_wconf 78' lang='lat' dir='ltr'><strong>pereqrinantur</strong></span> <span class='ocrx_word' id='word_1_735' title='bbox 2177 2339 2270 2384; x_wconf 83' lang='lat' dir='ltr'><strong>apud</strong></span> 
     </span>
     <span class='ocr_line' id='line_1_97' title="bbox 1206 2398 2270 2444; baseline -0.002 -8"><span class='ocrx_word' id='word_1_736' title='bbox 1206 2409 1289 2436; x_wconf 88' lang='lat' dir='ltr'><strong>eos:</strong></span> <span class='ocrx_word' id='word_1_737' title='bbox 1310 2398 1437 2434; x_wconf 81' lang='lat' dir='ltr'><strong>Omnes</strong></span> <span class='ocrx_word' id='word_1_738' title='bbox 1453 2400 1546 2434; x_wconf 86' lang='lat' dir='ltr'><strong>enim</strong></span> <span class='ocrx_word' id='word_1_739' title='bbox 1570 2400 1822 2435; x_wconf 71' lang='lat' dir='ltr'><strong>exsecrationes</strong></span> <span class='ocrx_word' id='word_1_740' title='bbox 1847 2400 1932 2434; x_wconf 79' lang='lat' dir='ltr'><strong>istas</strong></span> <span class='ocrx_word' id='word_1_741' title='bbox 1959 2398 2113 2444; x_wconf 76' lang='lat' dir='ltr'><strong>fecerunt</strong></span> <span class='ocrx_word' id='word_1_742' title='bbox 2142 2398 2270 2434; x_wconf 83' lang='lat' dir='ltr'><strong>accolae</strong></span> 
     </span>
     <span class='ocr_line' id='line_1_98' title="bbox 1207 2457 2271 2506; baseline -0.001 -10"><span class='ocrx_word' id='word_1_743' title='bbox 1207 2468 1321 2502; x_wconf 81' lang='lat' dir='ltr'><strong>terroe,</strong></span> <span class='ocrx_word' id='word_1_744' title='bbox 1338 2460 1397 2506; x_wconf 87' lang='lat' dir='ltr'><strong>qui</strong></span> <span class='ocrx_word' id='word_1_745' title='bbox 1411 2459 1553 2505; x_wconf 76' lang='lat' dir='ltr'><strong>fuerunt</strong></span> <span class='ocrx_word' id='word_1_746' title='bbox 1572 2466 1651 2495; x_wconf 86' lang='lat' dir='ltr'><strong>ante</strong></span> <span class='ocrx_word' id='word_1_747' title='bbox 1668 2471 1727 2495; x_wconf 85' lang='lat' dir='ltr'><strong>vos</strong></span> <span class='ocrx_word' id='word_1_748' title='bbox 1755 2466 1786 2496; x_wconf 81' lang='lat' dir='ltr'><strong>el</strong></span> <span class='ocrx_word' id='word_1_749' title='bbox 1810 2459 2010 2502; x_wconf 79' lang='lat' dir='ltr'><strong>polluerunt</strong></span> <span class='ocrx_word' id='word_1_750' title='bbox 2037 2470 2129 2494; x_wconf 88' lang='lat' dir='ltr'><strong>eam.</strong></span> <span class='ocrx_word' id='word_1_751' title='bbox 2147 2457 2271 2495; x_wconf 86' lang='lat' dir='ltr'><strong>Cavete</strong></span> 
     </span>
     <span class='ocr_line' id='line_1_99' title="bbox 1206 2519 2270 2568; baseline -0.003 -11"><span class='ocrx_word' id='word_1_752' title='bbox 1206 2533 1286 2568; x_wconf 76' lang='lat' dir='ltr'><strong>erqo</strong></span> <span class='ocrx_word' id='word_1_753' title='bbox 1312 2532 1352 2557; x_wconf 86' lang='lat' dir='ltr'><strong>ne</strong></span> <span class='ocrx_word' id='word_1_754' title='bbox 1373 2526 1403 2556; x_wconf 87' lang='lat' dir='ltr'><strong>et</strong></span> <span class='ocrx_word' id='word_1_755' title='bbox 1434 2532 1490 2556; x_wconf 89' lang='lat' dir='ltr'><strong>vos</strong></span> <span class='ocrx_word' id='word_1_756' title='bbox 1511 2520 1673 2556; x_wconf 84' lang='lat' dir='ltr'><strong>similiter</strong></span> <span class='ocrx_word' id='word_1_757' title='bbox 1693 2526 1844 2564; x_wconf 85' lang='lat' dir='ltr'><strong>evomat,</strong></span> <span class='ocrx_word' id='word_1_758' title='bbox 1871 2531 1948 2555; x_wconf 89' lang='lat' dir='ltr'><strong>cum</strong></span> <span class='ocrx_word' id='word_1_759' title='bbox 1976 2520 2076 2566; x_wconf 84' lang='lat' dir='ltr'><strong>paria</strong></span> <span class='ocrx_word' id='word_1_760' title='bbox 2104 2519 2270 2565; x_wconf 74' lang='lat' dir='ltr'><strong>feceritis,</strong></span> 
     </span>
     <span class='ocr_line' id='line_1_100' title="bbox 1206 2581 2270 2629; baseline -0.002 -11"><span class='ocrx_word' id='word_1_761' title='bbox 1206 2584 1294 2619; x_wconf 83' lang='lat' dir='ltr'><strong>sicut</strong></span> <span class='ocrx_word' id='word_1_762' title='bbox 1315 2583 1462 2618; x_wconf 79' lang='lat' dir='ltr'><strong>evomuit</strong></span> <span class='ocrx_word' id='word_1_763' title='bbox 1481 2589 1629 2629; x_wconf 66' lang='lat' dir='ltr'><strong>pentem,</strong></span> <span class='ocrx_word' id='word_1_764' title='bbox 1648 2593 1725 2629; x_wconf 84' lang='lat' dir='ltr'><strong>quoe</strong></span> <span class='ocrx_word' id='word_1_765' title='bbox 1743 2582 1810 2628; x_wconf 77' lang='lat' dir='ltr'><strong>suit</strong></span> <span class='ocrx_word' id='word_1_766' title='bbox 1830 2588 1909 2617; x_wconf 87' lang='lat' dir='ltr'><strong>ante</strong></span> <span class='ocrx_word' id='word_1_767' title='bbox 1925 2593 1995 2617; x_wconf 86' lang='lat' dir='ltr'><strong>vas.</strong></span> <span class='ocrx_word' id='word_1_768' title='bbox 2014 2581 2137 2617; x_wconf 85' lang='lat' dir='ltr'><strong>Omnis</strong></span> <span class='ocrx_word' id='word_1_769' title='bbox 2152 2581 2270 2616; x_wconf 85' lang='lat' dir='ltr'><strong>anima</strong></span> 
     </span>
     <span class='ocr_line' id='line_1_101' title="bbox 1205 2641 2270 2691; baseline -0.003 -12"><span class='ocrx_word' id='word_1_770' title='bbox 1205 2656 1282 2691; x_wconf 67' lang='lat' dir='ltr'><strong>quse</strong></span> <span class='ocrx_word' id='word_1_771' title='bbox 1301 2644 1418 2689; x_wconf 70' lang='lat' dir='ltr'><strong>fecerit</strong></span> <span class='ocrx_word' id='word_1_772' title='bbox 1438 2644 1480 2679; x_wconf 79' lang='lat' dir='ltr'><strong>cle</strong></span> <span class='ocrx_word' id='word_1_773' title='bbox 1497 2643 1813 2678; x_wconf 83' lang='lat' dir='ltr'><strong>abominationibus</strong></span> <span class='ocrx_word' id='word_1_774' title='bbox 1841 2643 1916 2678; x_wconf 85' lang='lat' dir='ltr'><strong>istis</strong></span> <span class='ocrx_word' id='word_1_775' title='bbox 1931 2643 2123 2689; x_wconf 84' lang='lat' dir='ltr'><strong>quippiam,</strong></span> <span class='ocrx_word' id='word_1_776' title='bbox 2146 2641 2270 2688; x_wconf 79' lang='lat' dir='ltr'><strong>peribit</strong></span> 
     </span>
     <span class='ocr_line' id='line_1_102' title="bbox 1206 2701 2267 2750; baseline -0.003 -10"><span class='ocrx_word' id='word_1_777' title='bbox 1206 2705 1249 2740; x_wconf 85' lang='lat' dir='ltr'><strong>de</strong></span> <span class='ocrx_word' id='word_1_778' title='bbox 1273 2704 1385 2740; x_wconf 87' lang='lat' dir='ltr'><strong>medio</strong></span> <span class='ocrx_word' id='word_1_779' title='bbox 1409 2702 1527 2750; x_wconf 84' lang='lat' dir='ltr'><strong>popul-i</strong></span> <span class='ocrx_word' id='word_1_780' title='bbox 1553 2704 1621 2738; x_wconf 86' lang='lat' dir='ltr'><strong>sui.</strong></span> <span class='ocrx_word' id='word_1_781' title='bbox 1643 2703 1715 2750; x_wconf 75' lang='lat' dir='ltr'><strong>(Ex</strong></span> <span class='ocrx_word' id='word_1_782' title='bbox 1738 2701 1943 2750; x_wconf 82' lang='lat' dir='ltr'><strong>Hesychia.)</strong></span> <span class='ocrx_word' id='word_1_783' title='bbox 1978 2703 2066 2738; x_wconf 88' lang='lat' dir='ltr'><strong>Tam</strong></span> <span class='ocrx_word' id='word_1_784' title='bbox 2098 2702 2267 2745; x_wconf 89' lang='lat' dir='ltr'><strong>incolam,</strong></span> 
     </span>
     <span class='ocr_line' id='line_1_103' title="bbox 1207 2762 2270 2810; baseline -0.001 -10"><span class='ocrx_word' id='word_1_785' title='bbox 1207 2765 1243 2800; x_wconf 87' lang='lat' dir='ltr'><strong>id</strong></span> <span class='ocrx_word' id='word_1_786' title='bbox 1263 2770 1332 2807; x_wconf 89' lang='lat' dir='ltr'><strong>est,</strong></span> <span class='ocrx_word' id='word_1_787' title='bbox 1361 2774 1443 2800; x_wconf 77' lang='lat' dir='ltr'><strong>eun]</strong></span> <span class='ocrx_word' id='word_1_788' title='bbox 1462 2764 1522 2809; x_wconf 90' lang='lat' dir='ltr'><strong>qui</strong></span> <span class='ocrx_word' id='word_1_789' title='bbox 1551 2775 1571 2798; x_wconf 86' lang='lat' dir='ltr'><strong>a</strong></span> <span class='ocrx_word' id='word_1_790' title='bbox 1599 2763 1761 2809; x_wconf 88' lang='lat' dir='ltr'><strong>patribus</strong></span> <span class='ocrx_word' id='word_1_791' title='bbox 1785 2764 1821 2799; x_wconf 93' lang='lat' dir='ltr'><strong>in</strong></span> <span class='ocrx_word' id='word_1_792' title='bbox 1853 2762 1931 2810; x_wconf 89' lang='lat' dir='ltr'><strong>lege</strong></span> <span class='ocrx_word' id='word_1_793' title='bbox 1957 2763 2115 2799; x_wconf 86' lang='lat' dir='ltr'><strong>nutritus</strong></span> <span class='ocrx_word' id='word_1_794' title='bbox 2136 2768 2201 2805; x_wconf 85' lang='lat' dir='ltr'><strong>est,</strong></span> <span class='ocrx_word' id='word_1_795' title='bbox 2235 2769 2270 2799; x_wconf 88' lang='lat' dir='ltr'><strong>et</strong></span> 
     </span>
     <span class='ocr_line' id='line_1_104' title="bbox 1208 2824 2268 2871; baseline -0.003 -9"><span class='ocrx_word' id='word_1_796' title='bbox 1208 2826 1253 2862; x_wconf 90' lang='lat' dir='ltr'><strong>ab</strong></span> <span class='ocrx_word' id='word_1_797' title='bbox 1286 2825 1438 2861; x_wconf 84' lang='lat' dir='ltr'><strong>infantia</strong></span> <span class='ocrx_word' id='word_1_798' title='bbox 1466 2825 1600 2860; x_wconf 83' lang='lat' dir='ltr'><strong>’doctus</strong></span> <span class='ocrx_word' id='word_1_799' title='bbox 1626 2829 1683 2861; x_wconf 93' lang='lat' dir='ltr'><strong>est</strong></span> <span class='ocrx_word' id='word_1_800' title='bbox 1713 2824 1869 2868; x_wconf 90' lang='lat' dir='ltr'><strong>litteras,</strong></span> <span class='ocrx_word' id='word_1_801' title='bbox 1894 2834 2002 2870; x_wconf 89' lang='lat' dir='ltr'><strong>quam</strong></span> <span class='ocrx_word' id='word_1_802' title='bbox 2034 2824 2268 2871; x_wconf 88' lang='lat' dir='ltr'><strong>proselytum,</strong></span> 
     </span>
     <span class='ocr_line' id='line_1_105' title="bbox 1207 2884 2271 2932; baseline -0.001 -11"><span class='ocrx_word' id='word_1_803' title='bbox 1207 2891 1243 2922; x_wconf 86' lang='lat' dir='ltr'><strong>et</strong></span> <span class='ocrx_word' id='word_1_804' title='bbox 1261 2886 1322 2932; x_wconf 92' lang='lat' dir='ltr'><strong>qui</strong></span> <span class='ocrx_word' id='word_1_805' title='bbox 1344 2884 1533 2929; x_wconf 83' lang='lat' dir='ltr'><strong>adJunctus</strong></span> <span class='ocrx_word' id='word_1_806' title='bbox 1562 2890 1617 2920; x_wconf 87' lang='lat' dir='ltr'><strong>est</strong></span> <span class='ocrx_word' id='word_1_807' title='bbox 1637 2885 1755 2929; x_wconf 89' lang='lat' dir='ltr'><strong>nobis,</strong></span> <span class='ocrx_word' id='word_1_808' title='bbox 1787 2885 1823 2920; x_wconf 88' lang='lat' dir='ltr'><strong>id</strong></span> <span class='ocrx_word' id='word_1_809' title='bbox 1854 2889 1909 2921; x_wconf 91' lang='lat' dir='ltr'><strong>est</strong></span> <span class='ocrx_word' id='word_1_810' title='bbox 1940 2894 2023 2921; x_wconf 89' lang='lat' dir='ltr'><strong>eum</strong></span> <span class='ocrx_word' id='word_1_811' title='bbox 2052 2885 2112 2930; x_wconf 91' lang='lat' dir='ltr'><strong>qui</strong></span> <span class='ocrx_word' id='word_1_812' title='bbox 2137 2884 2271 2921; x_wconf 88' lang='lat' dir='ltr'><strong>deforis</strong></span> 
     </span>
     <span class='ocr_line' id='line_1_106' title="bbox 1209 2945 2270 2994; baseline -0.003 -10"><span class='ocrx_word' id='word_1_813' title='bbox 1209 2949 1313 2985; x_wconf 87' lang='lat' dir='ltr'><strong>nobis</strong></span> <span class='ocrx_word' id='word_1_814' title='bbox 1331 2948 1493 2994; x_wconf 85' lang='lat' dir='ltr'><strong>adjectus</strong></span> <span class='ocrx_word' id='word_1_815' title='bbox 1509 2952 1575 2991; x_wconf 87' lang='lat' dir='ltr'><strong>est,</strong></span> <span class='ocrx_word' id='word_1_816' title='bbox 1602 2946 1664 2993; x_wconf 89' lang='lat' dir='ltr'><strong>qui</strong></span> <span class='ocrx_word' id='word_1_817' title='bbox 1684 2946 1837 2983; x_wconf 88' lang='lat' dir='ltr'><strong>interius</strong></span> <span class='ocrx_word' id='word_1_818' title='bbox 1867 2956 2003 2990; x_wconf 91' lang='lat' dir='ltr'><strong>sumus,</strong></span> <span class='ocrx_word' id='word_1_819' title='bbox 2036 2946 2204 2982; x_wconf 88' lang='lat' dir='ltr'><strong>recedere</strong></span> <span class='ocrx_word' id='word_1_820' title='bbox 2226 2945 2270 2981; x_wconf 84' lang='lat' dir='ltr'><strong>ab</strong></span> 
     </span>
     <span class='ocr_line' id='line_1_107' title="bbox 1211 3007 2269 3056; baseline -0.005 -8"><span class='ocrx_word' id='word_1_821' title='bbox 1211 3010 1540 3049; x_wconf 85' lang='lat' dir='ltr'><strong>abominationibus</strong></span> <span class='ocrx_word' id='word_1_822' title='bbox 1559 3015 1714 3056; x_wconf 90' lang='lat' dir='ltr'><strong>oportet,</strong></span> <span class='ocrx_word' id='word_1_823' title='bbox 1736 3015 1771 3045; x_wconf 88' lang='lat' dir='ltr'><strong>et</strong></span> <span class='ocrx_word' id='word_1_824' title='bbox 1799 3009 2004 3045; x_wconf 88' lang='lat' dir='ltr'><strong>nullatenus</strong></span> <span class='ocrx_word' id='word_1_825' title='bbox 2037 3009 2114 3045; x_wconf 80' lang='lat' dir='ltr'><strong>haec</strong></span> <span class='ocrx_word' id='word_1_826' title='bbox 2136 3007 2269 3050; x_wconf 85' lang='lat' dir='ltr'><strong>facere,</strong></span> 
     </span>
     <span class='ocr_line' id='line_1_108' title="bbox 1211 3067 2272 3119; baseline -0.005 -11"><span class='ocrx_word' id='word_1_827' title='bbox 1211 3083 1290 3119; x_wconf 89' lang='lat' dir='ltr'><strong>quae</strong></span> <span class='ocrx_word' id='word_1_828' title='bbox 1309 3071 1478 3108; x_wconf 88' lang='lat' dir='ltr'><strong>colebant</strong></span> <span class='ocrx_word' id='word_1_829' title='bbox 1500 3070 1724 3116; x_wconf 88' lang='lat' dir='ltr'><strong>antiquiores</strong></span> <span class='ocrx_word' id='word_1_830' title='bbox 1753 3070 1815 3116; x_wconf 89' lang='lat' dir='ltr'><strong>qui</strong></span> <span class='ocrx_word' id='word_1_831' title='bbox 1846 3076 1980 3106; x_wconf 89' lang='lat' dir='ltr'><strong>terram</strong></span> <span class='ocrx_word' id='word_1_832' title='bbox 2010 3075 2171 3105; x_wconf 90' lang='lat' dir='ltr'><strong>nostram</strong></span> <span class='ocrx_word' id='word_1_833' title='bbox 2195 3067 2272 3113; x_wconf 89' lang='lat' dir='ltr'><strong>pol-</strong></span> 
     </span>
     <span class='ocr_line' id='line_1_109' title="bbox 1210 3128 2270 3178; baseline -0.007 -8"><span class='ocrx_word' id='word_1_834' title='bbox 1210 3134 1367 3170; x_wconf 91' lang='lat' dir='ltr'><strong>luerunt.</strong></span> <span class='ocrx_word' id='word_1_835' title='bbox 1395 3133 1440 3169; x_wconf 88' lang='lat' dir='ltr'><strong>Hi</strong></span> <span class='ocrx_word' id='word_1_836' title='bbox 1467 3133 1563 3169; x_wconf 90' lang='lat' dir='ltr'><strong>euim</strong></span> <span class='ocrx_word' id='word_1_837' title='bbox 1589 3132 1814 3178; x_wconf 87' lang='lat' dir='ltr'><strong>antiquiores</strong></span> <span class='ocrx_word' id='word_1_838' title='bbox 1844 3131 1988 3176; x_wconf 87' lang='lat' dir='ltr'><strong>quidem</strong></span> <span class='ocrx_word' id='word_1_839' title='bbox 2008 3130 2110 3166; x_wconf 85' lang='lat' dir='ltr'><strong>nobis</strong></span> <span class='ocrx_word' id='word_1_840' title='bbox 2131 3128 2270 3165; x_wconf 89' lang='lat' dir='ltr'><strong>suntin</strong></span> 
     </span>
     <span class='ocr_line' id='line_1_110' title="bbox 1213 3187 2270 3239; baseline -0.008 -9"><span class='ocrx_word' id='word_1_841' title='bbox 1213 3194 1434 3237; x_wconf 89' lang='lat' dir='ltr'><strong>conditione,</strong></span> <span class='ocrx_word' id='word_1_842' title='bbox 1466 3193 1551 3239; x_wconf 89' lang='lat' dir='ltr'><strong>quia</strong></span> <span class='ocrx_word' id='word_1_843' title='bbox 1580 3191 1778 3229; x_wconf 89' lang='lat' dir='ltr'><strong>invisibiles</strong></span> <span class='ocrx_word' id='word_1_844' title='bbox 1811 3195 1894 3226; x_wconf 90' lang='lat' dir='ltr'><strong>sunt</strong></span> <span class='ocrx_word' id='word_1_845' title='bbox 1919 3193 2106 3226; x_wconf 81' lang='lat' dir='ltr'><strong>creaturae.</strong></span> <span class='ocrx_word' id='word_1_846' title='bbox 2127 3187 2270 3222; x_wconf 88' lang='lat' dir='ltr'><strong>Pollue-</strong></span> 
     </span>
     <span class='ocr_line' id='line_1_111' title="bbox 1213 3244 2270 3297; baseline -0.011 -7"><span class='ocrx_word' id='word_1_847' title='bbox 1213 3259 1299 3291; x_wconf 90' lang='lat' dir='ltr'><strong>runt</strong></span> <span class='ocrx_word' id='word_1_848' title='bbox 1313 3258 1433 3289; x_wconf 84' lang='lat' dir='ltr'><strong>autem</strong></span> <span class='ocrx_word' id='word_1_849' title='bbox 1458 3252 1646 3288; x_wconf 91' lang='lat' dir='ltr'><strong>hominum</strong></span> <span class='ocrx_word' id='word_1_850' title='bbox 1664 3260 1789 3297; x_wconf 88' lang='lat' dir='ltr'><strong>genus,</strong></span> <span class='ocrx_word' id='word_1_851' title='bbox 1811 3246 2090 3284; x_wconf 83' lang='lat' dir='ltr'><strong>inobedientiam</strong></span> <span class='ocrx_word' id='word_1_852' title='bbox 2105 3244 2136 3280; x_wconf 92' lang='lat' dir='ltr'><strong>ei</strong></span> <span class='ocrx_word' id='word_1_853' title='bbox 2154 3244 2270 3280; x_wconf 86' lang='lat' dir='ltr'><strong>Adam</strong></span> 
     </span>
     <span class='ocr_line' id='line_1_112' title="bbox 1209 3304 2269 3361; baseline -0.012 -8"><span class='ocrx_word' id='word_1_854' title='bbox 1209 3321 1248 3352; x_wconf 86' lang='lat' dir='ltr'><strong>et</strong></span> <span class='ocrx_word' id='word_1_855' title='bbox 1265 3315 1334 3352; x_wconf 87' lang='lat' dir='ltr'><strong>alia</strong></span> <span class='ocrx_word' id='word_1_856' title='bbox 1351 3319 1433 3361; x_wconf 88' lang='lat' dir='ltr'><strong>post</strong></span> <span class='ocrx_word' id='word_1_857' title='bbox 1461 3314 1563 3350; x_wconf 88' lang='lat' dir='ltr'><strong>illum</strong></span> <span class='ocrx_word' id='word_1_858' title='bbox 1593 3311 1687 3348; x_wconf 88' lang='lat' dir='ltr'><strong>mala</strong></span> <span class='ocrx_word' id='word_1_859' title='bbox 1714 3314 1957 3356; x_wconf 83' lang='lat' dir='ltr'><strong>suggerentes,</strong></span> <span class='ocrx_word' id='word_1_860' title='bbox 1986 3306 2095 3343; x_wconf 86' lang='lat' dir='ltr'><strong>veluti</strong></span> <span class='ocrx_word' id='word_1_861' title='bbox 2121 3304 2269 3342; x_wconf 88' lang='lat' dir='ltr'><strong>menda-</strong></span> 
     </span>
     <span class='ocr_line' id='line_1_113' title="bbox 1210 3367 2266 3420; baseline -0.009 -7"><span class='ocrx_word' id='word_1_862' title='bbox 1210 3377 1322 3420; x_wconf 87' lang='lat' dir='ltr'><strong>cium,</strong></span> <span class='ocrx_word' id='word_1_863' title='bbox 1346 3375 1581 3412; x_wconf 90' lang='lat' dir='ltr'><strong>homicidium</strong></span> <span class='ocrx_word' id='word_1_864' title='bbox 1604 3378 1641 3409; x_wconf 86' lang='lat' dir='ltr'><strong>et</strong></span> <span class='ocrx_word' id='word_1_865' title='bbox 1666 3379 1887 3417; x_wconf 83' lang='lat' dir='ltr'><strong>quaecunque</strong></span> <span class='ocrx_word' id='word_1_866' title='bbox 1919 3368 1975 3404; x_wconf 70' lang='lat' dir='ltr'><strong>liis</strong></span> <span class='ocrx_word' id='word_1_867' title='bbox 1999 3367 2130 3404; x_wconf 87' lang='lat' dir='ltr'><strong>similia</strong></span> <span class='ocrx_word' id='word_1_868' title='bbox 2158 3372 2266 3412; x_wconf 78' lang='lat' dir='ltr'><strong>sunt3</strong></span> 
     </span>
     <span class='ocr_line' id='line_1_114' title="bbox 1210 3427 2270 3474; baseline -0.009 -1"><span class='ocrx_word' id='word_1_869' title='bbox 1210 3438 1262 3474; x_wconf 88' lang='lat' dir='ltr'><strong>ita</strong></span> <span class='ocrx_word' id='word_1_870' title='bbox 1278 3443 1319 3473; x_wconf 92' lang='lat' dir='ltr'><strong>ut</strong></span> <span class='ocrx_word' id='word_1_871' title='bbox 1338 3435 1512 3471; x_wconf 89' lang='lat' dir='ltr'><strong>Dominus</strong></span> <span class='ocrx_word' id='word_1_872' title='bbox 1544 3433 1588 3469; x_wconf 89' lang='lat' dir='ltr'><strong>de</strong></span> <span class='ocrx_word' id='word_1_873' title='bbox 1617 3430 1758 3468; x_wconf 89' lang='lat' dir='ltr'><strong>diabolo</strong></span> <span class='ocrx_word' id='word_1_874' title='bbox 1787 3429 1926 3464; x_wconf 84' lang='lat' dir='ltr'><strong>diceret</strong></span> <span class='ocrx_word' id='word_1_875' title='bbox 1956 3439 1965 3463; x_wconf 91' lang='lat'>:</span> <span class='ocrx_word' id='word_1_876' title='bbox 2003 3427 2070 3464; x_wconf 89' lang='lat' dir='ltr'><strong>Ille</strong></span> <span class='ocrx_word' id='word_1_877' title='bbox 2099 3427 2142 3464; x_wconf 87' lang='lat' dir='ltr'><strong>ab</strong></span> <span class='ocrx_word' id='word_1_878' title='bbox 2167 3428 2270 3463; x_wconf 87' lang='lat' dir='ltr'><strong>initio</strong></span> 
     </span>
     <span class='ocr_line' id='line_1_115' title="bbox 1212 3486 2270 3536; baseline -0.008 -3"><span class='ocrx_word' id='word_1_879' title='bbox 1212 3496 1364 3532; x_wconf 81' lang='lat' dir='ltr'><strong>mendax</strong></span> <span class='ocrx_word' id='word_1_880' title='bbox 1391 3502 1423 3530; x_wconf 91' lang='lat' dir='ltr'><strong>et</strong></span> <span class='ocrx_word' id='word_1_881' title='bbox 1443 3491 1618 3528; x_wconf 79' lang='lat' dir='ltr'><strong>homicida</strong></span> <span class='ocrx_word' id='word_1_882' title='bbox 1645 3495 1696 3525; x_wconf 83' lang='lat' dir='ltr'><strong>est</strong></span> <span class='ocrx_word' id='word_1_883' title='bbox 1725 3488 1846 3536; x_wconf 72' lang='lat' dir='ltr'><strong>(Joan.</strong></span> <span class='ocrx_word' id='word_1_884' title='bbox 1877 3487 1972 3535; x_wconf 81' lang='lat' dir='ltr'><strong>vni).</strong></span> <span class='ocrx_word' id='word_1_885' title='bbox 2003 3486 2270 3535; x_wconf 84' lang='lat' dir='ltr'><strong>Suggesserunt</strong></span> 
     </span>
     <span class='ocr_line' id='line_1_116' title="bbox 1214 3547 2271 3598; baseline -0.009 -5"><span class='ocrx_word' id='word_1_886' title='bbox 1214 3562 1335 3593; x_wconf 87' lang='lat' dir='ltr'><strong>autem</strong></span> <span class='ocrx_word' id='word_1_887' title='bbox 1364 3555 1417 3590; x_wconf 90' lang='lat' dir='ltr'><strong>eis</strong></span> <span class='ocrx_word' id='word_1_888' title='bbox 1438 3553 1501 3598; x_wconf 90' lang='lat' dir='ltr'><strong>qui</strong></span> <span class='ocrx_word' id='word_1_889' title='bbox 1531 3555 1691 3587; x_wconf 89' lang='lat' dir='ltr'><strong>mentem</strong></span> <span class='ocrx_word' id='word_1_890' title='bbox 1718 3548 1893 3584; x_wconf 86' lang='lat' dir='ltr'><strong>lubricam</strong></span> <span class='ocrx_word' id='word_1_891' title='bbox 1916 3553 1954 3585; x_wconf 91' lang='lat' dir='ltr'><strong>et</strong></span> <span class='ocrx_word' id='word_1_892' title='bbox 1983 3553 2191 3595; x_wconf 80' lang='lat' dir='ltr'><strong>vergentem</strong></span> <span class='ocrx_word' id='word_1_893' title='bbox 2223 3547 2271 3584; x_wconf 80' lang='lat' dir='ltr'><strong>ad</strong></span> 
     </span>
     <span class='ocr_line' id='line_1_117' title="bbox 1215 3607 2268 3653; baseline -0.008 -1"><span class='ocrx_word' id='word_1_894' title='bbox 1215 3616 1348 3652; x_wconf 87' lang='lat' dir='ltr'><strong>malum</strong></span> <span class='ocrx_word' id='word_1_895' title='bbox 1379 3612 1576 3653; x_wconf 85' lang='lat' dir='ltr'><strong>habebant;</strong></span> <span class='ocrx_word' id='word_1_896' title='bbox 1613 3619 1695 3644; x_wconf 90' lang='lat' dir='ltr'><strong>nam</strong></span> <span class='ocrx_word' id='word_1_897' title='bbox 1731 3617 1799 3643; x_wconf 89' lang='lat' dir='ltr'><strong>nec</strong></span> <span class='ocrx_word' id='word_1_898' title='bbox 1827 3607 1928 3650; x_wconf 79' lang='lat' dir='ltr'><strong>Abel,</strong></span> <span class='ocrx_word' id='word_1_899' title='bbox 1960 3618 2027 3644; x_wconf 89' lang='lat' dir='ltr'><strong>nec</strong></span> <span class='ocrx_word' id='word_1_900' title='bbox 2064 3607 2166 3649; x_wconf 87' lang='lat' dir='ltr'><strong>Seth,</strong></span> <span class='ocrx_word' id='word_1_901' title='bbox 2201 3615 2268 3644; x_wconf 78' lang='lat' dir='ltr'><strong>nec</strong></span> 
     </span>
     <span class='ocr_line' id='line_1_118' title="bbox 1215 3667 2268 3716; baseline -0.009 -4"><span class='ocrx_word' id='word_1_902' title='bbox 1215 3675 1351 3716; x_wconf 83' lang='lat' dir='ltr'><strong>Enoch,</strong></span> <span class='ocrx_word' id='word_1_903' title='bbox 1363 3682 1428 3708; x_wconf 88' lang='lat' dir='ltr'><strong>nec</strong></span> <span class='ocrx_word' id='word_1_904' title='bbox 1444 3670 1532 3711; x_wconf 84' lang='lat' dir='ltr'><strong>Noe,</strong></span> <span class='ocrx_word' id='word_1_905' title='bbox 1550 3679 1616 3705; x_wconf 88' lang='lat' dir='ltr'><strong>nec</strong></span> <span class='ocrx_word' id='word_1_906' title='bbox 1633 3668 1714 3704; x_wconf 89' lang='lat' dir='ltr'><strong>aliis</strong></span> <span class='ocrx_word' id='word_1_907' title='bbox 1723 3667 1832 3714; x_wconf 87' lang='lat' dir='ltr'><strong>justis</strong></span> <span class='ocrx_word' id='word_1_908' title='bbox 1851 3678 2041 3714; x_wconf 82' lang='lat' dir='ltr'><strong>suggerere</strong></span> <span class='ocrx_word' id='word_1_909' title='bbox 2058 3671 2268 3714; x_wconf 84' lang='lat' dir='ltr'><strong>potuerunt,</strong></span> 
     </span>
     <span class='ocr_line' id='line_1_119' title="bbox 1217 3720 2270 3781; baseline -0.005 -7"><span class='ocrx_word' id='word_1_910' title='bbox 1217 3735 1271 3774; x_wconf 85' lang='lat' dir='ltr'><strong>vel</strong></span> <span class='ocrx_word' id='word_1_911' title='bbox 1294 3732 1410 3781; x_wconf 84' lang='lat' dir='ltr'><strong>magis</strong></span> <span class='ocrx_word' id='word_1_912' title='bbox 1429 3734 1700 3778; x_wconf 78' lang='lat' dir='ltr'><strong>suggesserunt,</strong></span> <span class='ocrx_word' id='word_1_913' title='bbox 1732 3728 1796 3767; x_wconf 86' lang='lat' dir='ltr'><strong>scd</strong></span> <span class='ocrx_word' id='word_1_914' title='bbox 1824 3738 1897 3767; x_wconf 83' lang='lat' dir='ltr'><strong>uon</strong></span> <span class='ocrx_word' id='word_1_915' title='bbox 1923 3720 2186 3776; x_wconf 73' lang='lat' dir='ltr'><strong>obtinuerunt,</strong></span> <span class='ocrx_word' id='word_1_916' title='bbox 2202 3726 2270 3769; x_wconf 73' lang='lat' dir='ltr'><strong>sod</strong></span> 
     </span>
    </p>
   </div>
  </div>
 </body>
</html>
