2540 4016
267 215 333 254 'm

695 208 739 248 Β.
764 194 936 248 meam
960 210 1110 250 MAum
1134 208 1348 268 Anonmr.
1375 206 1580 250 Moeunr.
1608 209 1798 251 ornauit
1823 210 1942 250 PAas
1962 213 1992 250 1.

2370 217 2442 257 772

266 293 374 328 ticum
395 286 523 332 laudis,
541 286 604 324 sed
617 286 795 334 psalmum
809 287 1018 338 improperii
1033 288 1108 324 sive
1125 287 1316 332 irrisionis,
1335 290 1372 333 Α
1387 297 1457 324 non
1478 287 1594 324 solum
1613 299 1679 339 per
1698 289 1816 325 tribus
1837 298 1879 323 ac
1897 285 2054 323 familias
2081 291 2117 325 et
2145 287 2292 335 domos,
2314 300 2440 340 verum

265 352 358 387 inter
377 348 543 384 inimicos
567 347 702 384 Christi
731 348 893 384 excitat?
917 348 969 384 De
993 348 1124 394 quibus
1148 348 1320 394 propheta

264 410 372 446 dixit:
398 407 486 443 Tota
503 407 559 442 die
573 418 650 442 sum
670 406 825 453 psalmus
853 419 972 443 eorum
998 397 1164 454 (Threno'.
1184 407 1253 455 ιιι).
1278 407 1324 443 Et

263 469 370 505 alibi:
393 467 438 502 In
467 478 521 503 me
550 465 758 513 psallebant,
787 467 848 513 qui
878 466 1036 502 bibebant
1061 468 1178 503 vinum
1206 466 1320 514 (Psal-

262 528 407 575 valn).
430 527 496 563 llic
522 537 608 572 ergo
634 527 679 562 ad
707 528 945 562 tentationem
972 527 1188 574 respiciens,
1210 527 1246 564 id
1266 532 1322 564 est

265 588 450 625 tentationi
470 587 712 630 consentiens,
732 587 798 622 sub
810 587 957 623 nomine
970 587 1180 634 habitaculi,
1200 588 1236 624 id
1251 594 1320 632 est,

263 650 328 687 sub
349 647 493 685 nomine
519 647 780 690 ecclesiastici,
810 647 942 694 ingerit
962 647 1147 684 tristitiam
1168 658 1210 684 ex
1235 658 1321 684 casu

263 723 328 749 suo
348 712 453 747 simul
472 710 762 747 cohabitantibus
777 720 898 745 secum
918 710 1118 757 quibusque
1139 709 1319 752 fidelibus,

264 774 346 820 quia
378 773 499 809 calicis
520 771 684 807 immensi
719 781 841 807 amore
865 770 1037 816 repletus,
1056 771 1124 807 boc
1150 776 1205 806 est
1230 769 1320 816 gulae

264 833 443 869 illecebris
459 830 680 873 deserviens,
697 830 928 876 semetipsum
948 829 1145 865 immolavit
1163 828 1319 871 diabolo,

264 952 322 987 nis
346 961 557 998 responsum
588 950 632 986 ab
653 949 871 985 adversariis
902 948 965 984 Dei
991 958 1054 984 suo
1071 958 1183 994 pravo
1213 956 1322 993 opere

265 1013 435 1057 efficiens,
460 1015 574 1048 muris
593 1011 718 1047 aeterni
735 1011 905 1053 carceris,
929 1015 1037 1055 atque
1054 1010 1227 1055 angustiae
1241 1019 1322 1056 per-

263 1081 371 1120 petua
390 1073 619 1109 damnatione
637 1072 870 1117 semetipsum
886 1071 1092 1116 immerget,
1108 1071 1170 1106 ubi
1186 1071 1323 1106 crucia-

265 1135 363 1169 bitur
381 1133 437 1168 die
457 1143 498 1168 ae
518 1137 646 1168 nocte:
678 1131 752 1166 Nec
779 1130 859 1165 inde
876 1130 984 1175 esciet,
1004 1130 1111 1166 donec
1132 1129 1239 1166 solvat
1259 1141 1322 1166 no-

266 1196 444 1231 vissimum
463 1194 692 1241 quadrantem
710 1192 853 1239 (March.
878 1190 929 1239 v).

680 1265 831 1302 CAPUT
857 1265 903 1301 X*

267 1342 320 1379 De
342 1341 496 1378 secunda
525 1339 804 1374 dinumeratione
831 1338 1099 1382 Israelitarum‚
1123 1349 1201 1384 quw
1226 1338 1321 1383 facta

316 1395 367 1424 est
398 1398 459 1431 per
490 1386 635 1432 Moysen
665 1391 696 1419 et
724 1384 937 1419 Eleazarum
967 1385 1080 1429 filiam
1107 1384 1228 1419 Aaron
1260 1395 1319 1419 sa-

313 1434 473 1470 cerdotis.

311 1509 420 1556 (Car.
441 1506 563 1553 xxv1.)
588 1504 781 1552 Postquam
809 1505 993 1540 noxiorum
1019 1517 1162 1552 sanqurs
1188 1507 1321 1552 effusus

263 1577 332 1615 est,
354 1571 440 1605 dixit
460 1570 632 1604 Dominus
651 1568 696 1602 ad
727 1567 871 1613 Moysen
904 1573 935 1602 et
969 1567 1181 1602 Eleazarum
1207 1567 1321 1613 filium

264 1633 383 1668 Aaron
406 1630 647 1666 sacerdotem:
671 1628 864 1663 Numerare
886 1639 1019 1663 omnem
1039 1639 1210 1663 summam
1229 1628 1323 1673 filio·

266 1703 344 1727 rum
365 1690 502 1733 Israel,
524 1702 544 1725 a
566 1690 684 1736 uiginti
706 1690 806 1724 anuis
826 1696 856 1724 et
876 1700 981 1735 supra
996 1716 1004 1732 ,
1023 1696 1053 1723 et
1070 1700 1130 1735 per
1148 1689 1268 1723 domos
1290 1694 1321 1723 et

265 1754 486 1799 coquationes
506 1763 608 1793 suas,
630 1758 771 1786 cunctos
787 1778 795 1794 ,
818 1751 878 1797 qui
898 1756 1041 1797 possunt
1062 1750 1106 1784 ad
1129 1749 1218 1784 bella
1238 1760 1320 1796 pro-

264 1812 395 1847 cedere.
416 1812 527 1858 Igitur
546 1822 610 1857 per
627 1816 843 1857 praeceptum
872 1810 1015 1846 Domini
1044 1810 1161 1856 primo
1192 1818 1321 1845 nume-

267 1881 366 1910 ratus
386 1879 440 1909 cst
460 1873 623 1919 populus.
650 1873 719 1908 Sed
740 1873 909 1918 quoniam
933 1872 1003 1916 illi,
1028 1872 1089 1918 qui
1111 1872 1229 1918 primo
1251 1870 1323 1906 sue-

267 1935 496 1971 iantadsciti
511 1962 520 1977 ,
539 1935 748 1970 ceciderunt
766 1939 913 1980 propter
933 1932 1241 1979 perseverantiam
1263 1932 1324 1966 de-

266 1996 456 2038 lictorum,
479 1996 655 2031 secundus
676 2005 770 2030 nunc
791 1995 965 2040 populus,
990 1994 1051 2039 qui
1074 1993 1109 2028 in
1139 1992 1322 2038 lapsorum

265 2055 383 2091 locum
418 2055 579 2091 rediviva
607 2055 839 2100 generatione
872 2054 1067 2097 successit,
1097 2059 1249 2088 vocatur
1279 2051 1324 2086 ad

264 2125 475 2157 numerum,
503 2121 539 2149 ct
567 2115 662 2159 quod
691 2115 734 2149 dc
762 2114 832 2149 illis
857 2114 1039 2159 prioribus
1075 2114 1210 2149 dictum
1251 2122 1322 2147 non

263 2174 404 2217 suerat,
427 2175 470 2210 dc
487 2174 543 2209 his
561 2173 706 2209 dicitur.
728 2174 855 2208 Postea
878 2175 973 2209 enim
995 2184 1103 2219 quam
1121 2183 1185 2219 per
1205 2173 1319 2208 tribus

262 2241 299 2272 et
319 2236 440 2281 plebes
462 2236 658 2280 domosque
681 2245 723 2270 ac
745 2234 902 2269 familias
923 2234 1095 2270 collectus
1116 2238 1173 2269 est
1194 2242 1320 2267 uume-

262 2307 344 2339 rus,
380 2296 466 2331 dicit
498 2296 671 2331 Dominus
703 2295 748 2330 ad
779 2294 953 2340 Moysen:
989 2293 1056 2329 His
1091 2293 1321 2328 distribuetur

264 2362 358 2392 terra
381 2357 418 2391 in
438 2362 586 2398 sortem,
610 2362 639 2390 et
662 2356 797 2401 eripuis
822 2357 983 2401 exiquam
1010 2355 1109 2390 dabis
1130 2354 1320 2389 lta‘reditu-

262 2422 342 2451 tem.
366 2415 404 2451 Si
425 2416 468 2451 de
488 2415 670 2462 prioribus
691 2415 828 2451 dictum
857 2414 985 2450 suisset
1012 2421 1049 2450 et
1068 2415 1152 2460 quia
1168 2414 1223 2449 his
1250 2413 1322 2449 dis-

261 2478 439 2513 tribuetur
473 2482 570 2511 terra
606 2476 644 2512 in
678 2482 795 2518 sorte,
836 2476 967 2512 salsum
1012 2477 1139 2522 utique
1169 2475 1319 2519 suisset,

261 2539 344 2585 quia
377 2538 584 2574 ceciderunt
610 2537 659 2572 illi
686 2538 722 2573 in
747 2538 890 2574 deserto
913 2542 1061 2584 propter
1087 2536 1217 2572 delicta
1241 2545 1319 2570 sua.

261 2604 363 2648 Quod
382 2616 467 2652 ergo
487 2604 615 2651 primis
635 2615 707 2639 non
736 2610 792 2640 est
819 2605 954 2640 dictum
970 2631 979 2648 ‚
1007 2603 1200 2650 postremis
1231 2602 1320 2638 dici-

263 2670 335 2709 tur,
371 2666 501 2711 quibus
533 2671 568 2701 et
600 2670 730 2701 cuncta
760 2675 839 2710 quae
870 2665 1144 2712 promittuntur,
1176 2662 1322 2709 impleta

261 2732 357 2763 sunt.
387 2726 471 2762 Hccc
509 2731 628 2762 autem
659 2727 741 2761 nolo
771 2732 875 2772 putes
901 2727 1011 2763 solius
1035 2726 1197 2762 historiae
1223 2731 1323 2761 textu

262 2787 425 2823 concludi
450 2799 458 2822 :
487 2783 657 2832 mysteria
680 2793 762 2822 sunt
779 2813 788 2829 ,
814 2797 893 2832 quae
918 2798 983 2833 pcr
1010 2787 1099 2833 legis
1126 2787 1321 2832 imaginem

265 2847 555 2882 conscribuntur.
576 2846 803 2891 Reprobatur
823 2847 918 2882 enim
939 2848 1038 2893 prior
1058 2848 1211 2894 populus
1226 2875 1235 2890 ,
1258 2847 1317 2892 qui

262 2912 318 2941 est
343 2906 379 2940 in
401 2905 699 2947 circumcisione,
723 2910 758 2940 et
778 2905 1018 2941 introducitur
1039 2906 1216 2942 secundus
1231 2934 1239 2949 ,
1261 2906 1322 2952 qui

265 2971 504 3012 congregatur
529 2977 574 3001 ex
600 2967 764 3012 gentibus
786 2979 793 3000 ε
818 2973 854 3002 et
878 2968 953 3013 ipse
976 2968 1109 3013 estqui
1131 2968 1322 3003 liaucdita-

263 3031 334 3062 tem
359 3025 592 3070 consequitur
616 3030 817 3071 paternam.
845 3025 890 3060 Et
919 3037 939 3061 a
967 3037 1038 3072 quo
1062 3026 1322 3071 consequitur?

263 3088 341 3123 Non
362 3098 382 3122 a
404 3087 545 3133 Moyse,
568 3085 630 3122 scd
649 3086 693 3120 al)
711 3084 810 3120 Jesu.
831 3085 923 3120 Nam
941 3086 1080 3132 Moyses
1099 3086 1240 3122 etiamsi
1262 3086 1320 3121 dat

263 3147 441 3193 aliquibus
459 3147 723 3190 haereditatem,
745 3156 818 3182 non
835 3147 897 3182 dat
921 3147 1014 3182 intra
1031 3148 1239 3191 Jordanem‚
1259 3149 1322 3184 scd

263 3217 364 3249 extra
400 3210 606 3247 Jordanem.
642 3211 710 3246 Dat
737 3215 871 3247 terram
902 3221 974 3247 non
1008 3210 1176 3246 fluentem
1204 3212 1259 3246 lac
1287 3216 1324 3246 et

265 3273 355 3316 mel,
378 3273 438 3308 sed
457 3273 648 3319 pecoribus
673 3277 809 3317 aptam.
836 3271 881 3306 Et
906 3275 1005 3306 muta
1026 3271 1195 3306 animalia
1215 3276 1324 3315 atque

267 3334 533 3370 irrationabiles
567 3334 723 3380 pecudes
742 3360 752 3377 ,
787 3332 918 3369 melius
949 3343 1056 3379 quam
1089 3331 1323 3368 rationabiles

266 3395 432 3431 homines
456 3395 675 3431 nutrientur.
700 3393 805 3430 Jesus
828 3404 914 3430 vero
933 3384 1036 3430 meus
1050 3421 1060 3438 ,
1081 3393 1240 3432 secundo
1257 3403 1322 3448 po-

266 3454 351 3502 pulo
383 3460 521 3491 terram
553 3467 662 3502 quam
692 3456 774 3500 dat,
804 3461 903 3492 terra
933 3460 989 3492 est
1022 3455 1118 3492 lacte
1150 3461 1188 3491 et
1217 3455 1324 3505 ¹melle

267 3514 408 3560 ssuens;
430 3515 533 3553 savus
559 3517 630 3552 imo
658 3517 798 3562 mellis,
831 3517 895 3556 sed
918 3527 994 3564 prae
1018 3516 1117 3565 omni
1138 3521 1248 3552 terra.
1278 3515 1325 3564 Et

267 3576 409 3625 Moyses
427 3577 572 3624 quidem
592 3578 842 3615 haereditatem
862 3588 935 3619 non
963 3578 1024 3615 dat
1051 3578 1087 3614 in
1115 3577 1228 3621 clero,
1257 3586 1327 3624 nec

268 3643 365 3674 sorte
391 3638 594 3684 distribuit,
615 3649 682 3676 nec
708 3644 829 3687 potest
848 3649 913 3686 per
930 3639 1054 3689 plebes
1079 3643 1116 3675 et
1136 3638 1262 3675 domos
1282 3647 1326 3676 ac

268 3696 423 3736 familias
441 3705 477 3737 et
496 3700 645 3738 nomina
659 3728 670 3746 ,
689 3701 822 3738 merita
842 3701 1067 3749 singulorum
1087 3700 1210 3741 divina
1223 3705 1327 3753 ,sorte

269 3759 435 3804 pensare.
451 3761 539 3798 ‘lloe
565 3762 663 3800 solus
681 3762 771 3800 facit
789 3761 895 3802 lesus
907 3790 918 3809 ‚
938 3763 998 3802 cui
1018 3774 1126 3811 omne
1149 3762 1326 3815 judicium

269 3816 379 3858 Pater
407 3820 569 3858 tradidit.
597 3822 678 3869 lpse
707 3822 778 3860 scit
808 3824 987 3870 quomodo
1015 3825 1187 3872 populum
1219 3834 1370 3882 suumn·

1390 353 1426 385 et
1444 359 1510 396 per
1529 349 1699 394 nomina,
1721 357 2014 395 unumquemque
2034 348 2139 397 digna
2162 354 2199 387 et
2222 354 2442 399 competenti

1389 412 1578 448 mansione
1600 411 1796 457 dispenset.
1827 408 1919 445 Sunt
1941 414 2062 447 tamen
2086 410 2198 459 aliqui
2223 413 2260 450 in
2281 413 2360 452 istis
2379 415 2443 462 qui

1390 471 1632 507 conditionem
1659 469 1768 505 sortis
1806 468 2098 515 supereminent,
2125 476 2163 507 et
2197 473 2344 511 omnino
2375 484 2444 512 nec

1389 533 1615 568 adducuntur
1642 530 1687 566 ad
1711 536 1861 567 sortem.
1886 530 2020 567 Omnes
2049 531 2204 578 Levitae,
2225 535 2264 571 id
2282 541 2358 580 est,
2381 535 2444 584 qui

1388 591 1528 628 intente
1566 595 1603 626 et
1636 589 1885 626 indesinenter
1928 600 2141 638 permanent
2172 594 2210 630 in
2243 595 2444 634 ministerio

1387 650 1474 692 Dei,
1496 655 1532 685 et
1551 649 1745 697 pervigiles
1763 650 1800 686 in
1822 650 1970 687 servitio
1996 650 2074 696 eius
2102 654 2272 690 excubias
2291 661 2441 702 gerunt,

1387 715 1521 746 sortem
1541 709 1635 745 inter
1654 715 1805 747 caeteros
1820 721 1893 747 non
1910 712 2104 758 accipiunt.
2125 713 2195 750 Sed
2211 725 2279 751 nec
2297 717 2444 760 omnino

1388 774 1425 810 in
1450 779 1543 810 terra
1563 779 1618 810 est
1637 784 1719 811 sors
1742 785 1886 821 eorum,
1908 776 1970 812 sed
1991 776 2067 824 ipse
2087 778 2258 817 Dominus
2276 790 2356 817 sors
2375 781 2442 826 eis,

1389 840 1426 872 et
1444 836 1638 872 haereditas
1659 847 1739 873 esse
1757 843 1994 873 memoratur.
2015 838 2085 875 Per
2103 839 2169 876 hos
2196 841 2247 877 illi
2277 842 2367 880 mihi
2390 843 2444 880 vi-

1390 896 1520 932 dentur
1551 896 1726 942 indicari,
1758 897 1819 944 qui
1850 898 1958 934 nullis
1985 909 2136 947 corpore
2161 907 2299 941 naturae
2325 904 2445 940 obsta-

1389 957 1480 994 culis
1502 958 1681 1001 hebetati,
1704 959 1767 995 sed
1787 960 1948 996 omnium
1977 961 2172 997 visibilium
2202 963 2354 1011 gloriam
2384 976 2444 1002 su-

1388 1020 1592 1070 pergressi,
1613 1020 1650 1056 in
1672 1021 1747 1056 sola
1768 1022 1836 1057 sibi
1858 1022 2036 1067 sapientia
2056 1023 2119 1059 Dei
2141 1029 2177 1060 et
2205 1026 2316 1062 verbo
2345 1026 2445 1074 ejus,

1387 1080 1532 1116 vivendi
1553 1091 1659 1116 usum
1679 1081 1965 1127 exercitiumque
1990 1090 2209 1133 posuerunt,
2235 1085 2297 1132 qui
2317 1096 2446 1135 corpo-

1388 1151 1488 1176 reum
1514 1141 1601 1176 nihil
1628 1142 1840 1187 requirunt,
1868 1143 1958 1178 nihil
1987 1145 2139 1182 rationis
2159 1145 2328 1183 alienum.
2351 1147 2445 1183 Con-

1339 1231 1371 1270 B
1390 1206 1579 1252 cupierunt
1606 1206 1703 1242 enim
1733 1207 1968 1252 sapientiam,
1997 1210 2260 1256 concupierunt
2290 1216 2448 1249 secreto-

1390 1275 1470 1300 rum
1491 1265 1554 1300 Dci
1574 1266 1791 1312 agnitionem
1811 1279 1820 1302 ε
1842 1273 1873 1302 et
1893 1267 1951 1303 ubi
1972 1274 2021 1303 est
2040 1280 2100 1303 cor
2116 1281 2256 1314 eorum,
2277 1272 2325 1306 ibi
2345 1277 2395 1307 est
2415 1276 2449 1310 et

1392 1325 1577 1360 thesaurus
1605 1337 1725 1361 eorum
1745 1326 1894 1373 (Manli.
1916 1338 1951 1363 γι
1965 1328 1990 1376 ).
2014 1329 2075 1365 Ιειί
2095 1341 2181 1376 ergo
2201 1331 2448 1370 haereditatem

1391 1393 1462 1419 non
1497 1385 1632 1420 habent
1666 1386 1702 1420 in
1741 1387 1850 1423 terris
1868 1414 1878 1431 ,
1915 1388 1977 1423 sed
2010 1391 2331 1436 supergrediuntur
2366 1393 2449 1429 coeli

1391 1454 1530 1479 summa
1557 1445 1724 1491 fastigia,
1747 1451 1783 1481 ot
1807 1447 1856 1482 ibi
1877 1458 2019 1494 semper
2046 1450 2082 1485 in
2112 1451 2284 1495 Domino,
2307 1463 2449 1501 semper

1392 1504 1427 1539 in
1459 1504 1569 1539 verbo
1596 1505 1692 1551 ejus,
1724 1516 1867 1553 semper
1893 1507 1930 1542 in
1958 1508 2136 1554 sapientia
2156 1511 2247 1547 etin
2265 1512 2451 1551 voluntate

1392 1565 1553 1600 scientiae
1586 1564 1663 1609 ejus
1696 1566 1940 1604 deliciantur?
1960 1568 2026 1604 Hic
2057 1570 2109 1605 cis
2139 1572 2263 1616 cibus,
2289 1574 2357 1611 hoc
2382 1575 2452 1612 erit

1390 1626 1557 1672 poculum
1576 1638 1584 1670 ;
1608 1628 1684 1662 ista:
1705 1627 1858 1671 divitiae,
1881 1629 1950 1664 hoe
1968 1630 2038 1665 erit
2057 1631 2213 1678 signum.
2238 1632 2343 1672 Tales
2364 1645 2450 1683 ergo

1392 1694 1520 1731 erunt,
1553 1694 1588 1724 et
1618 1689 1653 1724 in
1685 1689 1741 1725 his
1772 1696 1879 1726 erunt
1907 1690 1978 1734 illi,
2006 1692 2137 1737 quibus
2162 1694 2353 1731 baereditas
2375 1697 2450 1742 ipse

1392 1749 1565 1785 Dominus
1598 1750 1682 1786 crit.
1700 1750 1767 1794 Qui
1799 1757 1919 1788 autem
1953 1751 2145 1790 inferiores
2178 1761 2275 1799 sunt,
2307 1766 2373 1793 nec
2405 1759 2451 1794 ad

1392 1810 1501 1846 istum
1530 1811 1757 1857 profectuum
1785 1812 1956 1849 verticem
1978 1820 2241 1860 pervenerunt,
2260 1817 2451 1854 haeredita-

1393 1877 1465 1907 tem
1494 1877 1599 1908 terrae
1630 1874 1829 1919 accipient,
1863 1873 1948 1909 licet
1979 1874 2209 1912 sublimiores
2235 1876 2386 1922 alicujus
2414 1883 2452 1914 et

1391 1936 1638 1980 potentiores:
1657 1942 1754 1972 terra
1771 1936 1865 1972 enim
1884 1937 2080 1974 viventium
2096 1938 2358 1987 repromittitur
2371 1949 2452 1986 quae

1393 1996 1518 2041 utique
1544 1997 1679 2033 idcirco
1705 2003 1800 2033 terra
1825 1998 2022 2034 viventium
2044 1999 2176 2035 dicitur
2195 1999 2290 2046 quod
2312 2000 2451 2035 nesciat

1392 2064 1558 2093 mortem.
1593 2059 1637 2094 Et
1669 2059 1727 2095 isti
1755 2059 1900 2105 quidem
1931 2060 2053 2106 magni
2081 2066 2117 2096 et
2147 2060 2207 2096 isti
2233 2060 2357 2096 beati:
2388 2060 2451 2096 sed

1393 2118 1575 2154 beatiores
1596 2118 1670 2162 illi,
1692 2120 1752 2166 qui
1771 2119 1845 2165 jam
1865 2130 1936 2155 non
1956 2131 2021 2167 per
2045 2121 2232 2167 speculum
2250 2125 2286 2156 et
2305 2121 2341 2158 in
2365 2121 2451 2156 aeni-

1393 2184 1528 2224 gmate,
1552 2189 1668 2224 neque
1689 2180 1725 2215 in
1754 2171 1964 2217 substantiis
1989 2181 2251 2228 corporalibus,
2278 2181 2341 2218 sed
2359 2180 2451 2218 facie

1391 2237 1436 2273 ad
1463 2238 1594 2274 faciem
1619 2239 1731 2275 Deum
1757 2241 1950 2287 videbunt,
1976 2242 2162 2288 sapientiae
2187 2242 2452 2290 illuminatione

1392 2301 1547 2344 radiati,
1578 2307 1614 2337 et
1635 2302 1735 2337 mirae
1768 2303 1966 2340 divinitatis
1995 2315 2146 2352 capaces
2164 2315 2229 2352 per
2255 2305 2452 2352 puritatem

1392 2361 1514 2396 cordis
1531 2360 1648 2396 effecti
1663 2390 1671 2405 ,
1694 2363 1971 2410 portionemque
1989 2376 2090 2401 suam
2109 2376 2181 2402 non
2201 2366 2238 2402 in
2257 2372 2425 2403 ereatura
2439 2393 2450 2411 ,

1392 2423 1455 2458 sed
1480 2422 1515 2457 in
1536 2428 1698 2459 creatore
1721 2424 1899 2462 habentes
1911 2453 1921 2472 ,
1939 2427 2000 2473 qui
2017 2433 2072 2464 est
2089 2438 2196 2475 super
2215 2429 2335 2472 omnia
2352 2429 2449 2469 Deus

1391 2482 1603 2519 benedictus
1629 2483 1665 2518 in
1684 2484 1828 2520 saecula.

1441 2543 1594 2579 Locutus
1613 2551 1662 2580 est
1681 2545 1852 2582 Dominus
1871 2534 2079 2594 ad⁸Mosyen
2096 2548 2214 2588 dicens
2229 2559 2243 2585 .“
2258 2547 2343 2585 Istis
2361 2548 2450 2588 divi-

1392 2605 1495 2640 detur
1519 2611 1613 2641 terra
1638 2606 1744 2652 juxta
1777 2619 1959 2645 numerum
1980 2609 2229 2648 vocabulorum
2256 2612 2292 2647 in
2316 2623 2452 2659 posses-

1392 2667 1506 2702 siones
1543 2677 1640 2702 suas.
1678 2665 1847 2703 Pluribus
1884 2668 2057 2715 ntajorent
2091 2677 2227 2717 partem
2259 2671 2380 2717 dabis,
2417 2679 2451 2710 et

1393 2727 1618 2774 paucioribus
1652 2728 1836 2764 minorem.
1861 2729 2033 2775 Sinquus,
2060 2731 2150 2766 sicut
2178 2743 2269 2768 nunc
2289 2734 2448 2769 recensiti

1392 2796 1471 2824 sunt
1487 2817 1495 2831 ,
1520 2789 1680 2824 tradetur
1699 2791 1886 2837 possessio,
1907 2791 1956 2826 ita
1976 2791 2149 2831 duntaxat
2169 2799 2205 2828 ut
2225 2803 2300 2828 sors
2319 2799 2449 2830 terram

1393 2850 1551 2885 tribubus
1572 2851 1706 2886 dividat
1735 2857 1765 2886 et
1795 2851 1954 2897 familiis.
1985 2851 2163 2899 Quidquid
2183 2859 2274 2888 sorte
2295 2855 2449 2901 coutiqe-

1393 2911 1462 2954 rit,
1487 2911 1552 2945 boc
1578 2910 1630 2945 rel
1654 2910 1771 2958 plures
1792 2913 1960 2958 accipient
1979 2911 2031 2946 vel
2048 2913 2244 2958 pauciores.
2273 2913 2349 2950 Hoc
2371 2920 2450 2958 est,

1393 2970 1487 3015 quod
1509 2970 1632 3011 docet,
1656 2975 1694 3004 ut
1716 2971 1745 3005 si
1773 2981 1842 3016 qua
1866 2971 1981 3007 tribus
2000 2972 2228 3009 numerosior
2243 2973 2396 3010 habetur
2412 2974 2450 3011 in

1391 3031 1556 3077 populis,
1581 3030 1716 3076 majora
1744 3037 1850 3068 terrae
1877 3032 1991 3078 spatia
2021 3034 2208 3070 sortiatur.
2237 3034 2276 3071 Si
2301 3045 2370 3082 qua
2388 3046 2452 3071 au-

1391 3097 1463 3128 tem
1482 3094 1600 3128 minor
1618 3094 1804 3129 bominum
1822 3105 1972 3131 numero
1990 3100 2169 3139 censetur,
2186 3096 2351 3133 breviore
2369 3108 2452 3143 pos-

1391 3153 1552 3188 sessione
1571 3159 1741 3189 contenta
1767 3153 1826 3189 sit.
1854 3153 1926 3190 Sed
1952 3156 2120 3201 quoniam
2147 3162 2252 3199 terrae
2270 3158 2377 3206 hujus
2395 3158 2449 3195 di-

1393 3212 1568 3247 visionem
1588 3213 1908 3260 haereditatemque
1926 3220 2109 3251 terrenam
2125 3218 2281 3266 speciem
2297 3219 2450 3260 dicimus

1394 3276 1518 3306 tenere
1534 3275 1570 3305 et
1587 3270 1780 3317 imaginem
1799 3271 2004 3312 futurorum
2021 3275 2218 3323 bonorum,
2235 3287 2279 3319 ac
2293 3276 2448 3319 §ormam

1396 3329 1556 3366 coelestis
1580 3329 1697 3373 illius,
1723 3340 1802 3376 quae
1825 3340 1846 3365 a
1872 3331 2037 3375 fidelibus
2059 3338 2096 3378 et
2112 3335 2246 3384 sanctis
2262 3341 2446 3385 operatur,

1392 3393 1586 3431 ostendere
1615 3391 1762 3439 requiro
1785 3391 1822 3426 in
1846 3390 1908 3434 illa
1934 3392 2146 3435 haereditate
2170 3403 2252 3443 quas
2267 3397 2447 3443 speranda

1393 3463 1470 3502 est,
1498 3458 1559 3513 qui
1586 3461 1670 3492 sunt
1692 3455 1838 3503 plureS,
1866 3459 1902 3490 et
1918 3455 1980 3501 qui
1999 3460 2084 3492 sunt
2099 3456 2228 3505 pauci,
2245 3462 2282 3505 et
2303 3457 2448 3502 invenio

1394 3519 1445 3556 ibi
1470 3519 1598 3560 beatos
1621 3515 1811 3569 pauciores
1836 3514 1964 3552 haberi
1988 3525 2096 3568 quam
2111 3516 2246 3567 plures.
2274 3516 2364 3564 Nam
2383 3519 2449 3569 qni

1393 3588 1461 3626 per
1486 3578 1584 3629 viam
1607 3574 1719 3613 latam
1740 3579 1777 3612 et
1803 3573 2026 3628 spatiosam,
2052 3584 2132 3629 qnae
2149 3575 2250 3621 ducit
2268 3576 2314 3613 ad
2331 3577 2450 3624 perdi-

1395 3639 1548 3684 tionem,
1567 3637 1638 3673 iter
1654 3635 1815 3684 egerint,
1840 3633 1944 3672 multi
1969 3634 2164 3685 dicuntum
2187 3636 2249 3685 *lui
2272 3646 2359 3674 vero
2382 3646 2449 3689 pqr

1391 3706 1532 3754 arctam
1544 3705 1582 3745 et
1596 3705 1787 3754 angustam
1805 3699 1903 3737 viam
1919 3699 2160 3754 pert-eredat,
2179 3711 2262 3750 quae
2274 3702 2382 3752 ducit
2401 3701 2448 3747 ad

1390 3751 1526 3819 ptam,
1548 3759 1655 3822 pauci
1667 3760 1910 3819 ‚appellantur
1925 3760 1972 3802 Et
1986 3761 2144 3814 ἱερευιιι·
2133 3773 2172 3812 ιιι
2187 3762 2447 3813 abiem}

1393 3822 1513 3870 Quam
1535 3823 1666 3873 pauci
1667 3826 1772 3867 sant,
1789 3823 1849 3870 qui
1875 3809 2055 3860 salvantur
2080 3822 2238 3872 (March.
2258 3834 2321 3862 xix
2337 3821 2371 3869 >l
2402 3821 2448 3859 Et
