2540 4016
72 264 73 267 ’
123 250 125 253 ’
679 247 1016 294 ExposiTlo‘NES
1040 252 1086 290 IN
1111 250 1374 290 LEvrrlcUM.
1401 269 1450 278 —
1471 245 1557 288 LlB.
1585 243 1627 288 V.

67 252 133 295 421

2172 230 2243 295 442'
2300 271 2307 275 -

0 335 4 350 '
69 335 181 372 daicae
192 319 308 380 plebis
322 317 573 383 liberationem
588 331 776 378 accipitur,
785 330 1003 368 sucrificium
1016 323 1118 366 vituli
1137 330 1169 369 A
1188 317 1299 362 vetum
1313 326 1457 362 intrabit
1474 326 1511 362 in
1524 330 1646 362 sancta
1657 335 1672 369 ‚·
1683 324 1754 368 vel,
1776 323 1871 373 sicut
1885 325 2002 364 LXX:
2015 329 2062 364 Et
2088 331 2241 379 implebit

68 395 273 432 necessarie
302 392 515 438 assumam
546 382 704 430 habebat
731 390 830 446 enini
860 394 938 439 ipse
966 384 1117 439 legalem

64 456 358 501 justificationem
378 455 545 498 maxime,
565 447 606 490 ut
628 442 751 500 aperte
776 451 1014 501 praedicaret:
1035 448 1118 488 Non

69 519 143 554 veni
169 516 300 554 solvere
330 516 453 564 leqem,
474 508 532 552 sed
567 515 709 562 implere
739 509 881 563 (Manli.
902 514 952 560 v).
986 514 1119 550 Paulus

68 575 115 618 au
218 577 360 614 dicebat
378 575 499 612 :Misit
517 575 610 612 Deus
636 569 769 611 Filium
789 587 890 630 suurn
919 574 1051 620 sactum
1077 585 1119 609 ex

66 634 123 674 ’nu
140 649 225 680 uere,
243 638 374 684 factum
393 638 454 674 sub
484 637 567 685 leqe,
590 639 627 673 iu
654 638 711 673 eos
733 637 793 684 qui
821 634 884 672 sub
915 634 988 682 leqe
1019 640 1117 671 eraut

47 687 248 734 *redimeret
277 698 370 746 (Gab.
394 700 456 746 ιν).
492 699 576 735 Haec
606 698 725 748 aui-em
745 698 878 734 vitulus
900 699 1046 744 propter
1060 694 1118 742 ju-

64 768 147 804 gum
181 758 431 793 mandatorum
465 764 548 804 apte
575 750 800 804 intelligitur.
825 754 965 803 Royan&
985 762 1046 802 pro
1065 768 1115 799 se,

63 819 230 854 videlicet
259 830 325 865 pro
352 819 586 856 humanitate.
620 810 733 864 Hujus
752 817 847 854 enim
866 819 905 853 in·
921 818 1115 862 semetipso

63 877 213 926 figuram
234 880 395 925 gerebat,
418 879 481 915 sed
501 885 531 914 et
557 882 619 925 pro
642 867 745 912 c‘lomo
763 889 829 912 sua
842 904 851 920 ,
870 875 1014 922 proprie
1033 887 1115 912 eum

62 939 123 984 qui
158 939 223 974 sub
254 939 330 985 lege
368 938 510 975 Vivebat
533 937 714 985 populum,
745 937 805 991 q'ui
839 937 966 973 domus
1003 937 1115 983 ipsius

61 1006 209 1045 propter
241 997 480 1046 cognitionem
513 996 603 1040 suit,
638 994 735 1033 renit
766 996 932 1033 liberare.
963 997 1114 1043 Propter

0 1055 1 1083 ἶ
61 1060 153 1105 quod
174 1053 349 1104 Cleophas
367 1059 506 1094 dicebat
524 1070 532 1091 ε
554 1058 629 1094 Nos
650 1062 764 1093 autem
785 1058 1010 1104 sperabamus
1030 1060 1112 1106 quia

0 1154 1 1157 ,
57 1122 129 1168 ipse
157 1127 242 1156 esset
274 1121 513 1167 redempturus
551 1119 679 1156 Israel.
710 1120 980 1167 Immolubitque
1012 1132 1112 1163 eum;

0 1168 1 1198 Ῠ
58 1181 134 1228 ipse
153 1181 247 1217 enim
264 1182 446 1228 propriam
478 1192 623 1218 carnem
644 1181 858 1223 immolavit,
887 1181 961 1226 ipsc
982 1181 1037 1217 sui
1058 1192 1113 1216 sa-

1185 386 1311 422 manns
1336 398 1420 424 suas
1439 387 1663 434 thymiamate
1686 386 1946 433 compositionis
1970 388 2123 434 subtilis,
2138 399 2170 427 ee
2187 394 2241 439 os-

1186 444 1271 490 seret
1290 446 1436 482 interius
1452 447 1490 482 in
1509 446 1678 482 interiora
1697 445 1891 482 velaminis.
1914 446 2008 483 Dicit
2020 454 2142 485 autem
2157 461 2221 486 ora

1187 505 1320 542 tionem
1336 533 1345 549 ,
1367 507 1412 542 de
1431 511 1508 554 quit
1524 506 1613 543 dixit
1643 507 1755 543 David
1778 519 1786 542 z
1811 508 1997 555 Diri9atur
2025 510 2139 545 oratio
2166 522 2243 547 mea

1184 565 1273 600 sicut
1299 567 1480 602 incensum
1511 568 1548 602 in
1579 573 1763 614 conspectu
1797 574 1870 604 tuo.
1891 568 1975 604 Haec
1991 578 2078 616 ergo
2099 573 2244 617 quando

1184 626 1368 662 saecularia
1385 636 1546 671 oramus,
1565 638 1688 664 crassa
1705 629 1970 675 quodammodo
1986 636 2023 666 et
2039 640 2110 667 non
2131 632 2244 667 subti-

1183 686 1228 723 lis
1262 692 1316 724 est
1342 699 1352 732 ;
1378 690 1522 735 quando
1559 696 1679 727 autem
1711 691 1886 737 spiritalia
1910 692 2091 738 petimus,
2122 693 2157 729 id
2189 700 2244 729 est

1183 747 1370 785 scientiam
1392 750 1562 793 divinam,
1588 759 1739 797 regnum
1772 752 1946 788 coelorum
1962 766 1973 797 ,
1990 753 2242 790 remissionem

1182 813 1426 855 peccatorum,
1450 812 1594 848 subtilis
1620 813 1784 858 quaedam
1806 818 1875 858 est,
1896 819 1937 850 ut
1954 818 2039 860 pote
2072 815 2243 861 spiritalis

1183 876 1219 906 et
1240 871 1487 918 intelligibilis,
1514 878 1622 918 quam
1651 873 1888 921 intelligibilis
1910 876 2078 912 sacerdos
2094 887 2160 923 pro
2177 887 2243 913 no·

1182 929 1237 965 bis
1268 931 1408 968 offeret.
1458 933 1686 970 Manifestum
1722 939 1842 971 autem
1875 941 1952 979 est,
1987 945 2031 971 ex
2065 947 2108 972 eo
2146 939 2242 983 quod

1181 999 1246 1035 pro
1275 992 1461 1038 discipulis
1493 994 1658 1030 Christus
1686 991 1806 1038 orans,
1830 996 2155 1034 sanctificationem
2188 1000 2240 1035 eis

1181 1057 1217 1088 et
1235 1053 1408 1090 unitatem
1433 1056 1570 1100 secu'm,
1595 1052 1873 1104 libertatemque
1894 1060 1931 1096 in
1949 1062 2097 1105 mundo,-
2117 1068 2152 1099 et
2170 1063 2239 1099 alia

1180 1111 1265 1146 talia
1285 1112 1512 1158 deposcebat.
1546 1115 1698 1152 Intrabit
1727 1119 1763 1153 in
1793 1120 1931 1163 sancta,
1947 1121 2022 1156 sive
2042 1121 2239 1159 secundum

1179 1172 1289 1218 LXX,
1308 1181 1341 1210 et
1365 1177 1486 1222 offeret
1516 1177 1553 1213 in
1576 1179 1745 1214 interiora
1779 1180 1971 1226 velaminis,
1991 1183 2111 1219 carnis
2142 1184 2242 1220 vide-

56 1243 182 1280 crilieii
213 1243 374 1289 pontifex
399 1244 433 1279 in
457 1243 541 1279 Sion
576 1243 692 1279 factus
712 1250 780 1286 cst,
802 1245 946 1289 qnando
967 1245 1112 1291 sangui·
1130 1243 1161 1280 Β
1181 1237 1264 1274 licet
1296 1250 1382 1275 Stlae-
1406 1239 1540 1277 Offeret
1567 1247 1686 1278 autem
1720 1240 1802 1279 etii?
1827 1243 1927 1280 Patri
1956 1245 2137 1290 videlicet,
2155 1247 2241 1293 quia

56 1303 112 1341 nis
140 1304 230 1340 Novi
262 1303 481 1340 Testamenti
514 1306 619 1341 dabat
655 1305 816 1341 calicem.
854 1305 1108 1353 Assumploque

55 1362 232 1399 thuribulo
251 1365 342 1411 quod
361 1365 403 1400 de
422 1366 543 1413 prunis
560 1366 682 1401 altaris
700 1365 900 1413 impleverit.
931 1367 1110 1403 Thur-ihu-

55 1427 126 1463 lum
145 1427 303 1473 linguam
324 1429 543 1463 Dominieam
565 1428 621 1464 hic
641 1429 750 1471 dicit;
771 1429 804 1463 in
824 1429 899 1474 ipsa
915 1429 1011 1464 enim
1031 1434 1109 1464 erat

57 1486 224 1532 Spiritus.
248 1487 366 1522 Sumit
380 1498 465 1533 crgo
479 1488 623 1533 plenum
638 1488 858 1523 thuribulum
874 1488 1107 1531 carbonibus,

55 1547 138 1592 quia
171 1547 346 1582 sacrificio
382 1557 445 1582 suo
478 1548 674 1583 doctoralia
695 1549 818 1591 verba,
836 1559 916 1594 quae
933 1555 1035 1584 crant
1056 1550 1109 1585 di-

54 1608 136 1643 vina
156 1614 192 1643 et
210 1609 385 1651 coelestia,
404 1609 567 1654 protinus
598 1609 748 1652 addidit,
768 1610 812 1644 de
833 1610 962 1655 quibus
995 1611 1107 1646 David

55 1670 196 1706 dicebat
213 1681 222 1705 ε
240 1669 413 1706 Carbones
429 1672 586 1706 succensi
600 1678 679 1706 sunt
698 1671 739 1705 ab
755 1682 793 1706 eo
810 1669 925 1718 (Psal.
945 1682 1033 1714 xvn,
1054 1671 1103 1719 9).

54 1731 127 1767 llos
165 1732 319 1768 «Ioannes
354 1733 390 1767 in
427 1742 530 1768 coena
568 1738 660 1774 acta,
684 1739 872 1778 postquam
907 1731 1016 1769 Judas
1052 1739 1107 1769 est

52 1801 219 1837 egressus
235 1792 392 1837 scripsit,
416 1792 451 1826 in
472 1792 612 1836 quibus,
637 1791 815 1837 quomodo
833 1792 977 1838 quidem
999 1792 1107 1829 Pater

53 1851 90 1887 in
112 1853 202 1898 ipso,
220 1852 397 1897 quomodo
419 1857 538 1887 autem
560 1851 636 1897 ipse
657 1862 738 1888 cum
759 1852 806 1887 sit
824 1853 859 1887 in
882 1853 1003 1896 Patre,
1023 1855 1104 1889 mit-

51 1920 105 1950 tat
138 1915 270 1951 donum
295 1913 469 1960 Spiritus3
494 1912 673 1960 quomodo
703 1913 810 1950 Pater
842 1921 898 1950 est
931 1915 1101 1962 agricola,

51 1975 127 2022 ipse
144 1975 240 2018 vitis,
261 1975 411 2021 apostoli
427 1975 506 2011 viro
526 1975 711 2021 palmites;
736 1976 916 2020 quomodo
935 1977 1103 2022 princeps

49 2037 173 2072 mundi
207 2035 312 2082 hujus
339 2037 532 2084 judicetur,
560 2036 700 2082 aliaque
734 2038 884 2083 exponit
913 2038 1099 2082 miracula,

49 2108 128 2144 quae
160 2104 244 2135 sunt
273 2100 448 2136 carbones
478 2099 583 2144 ignis,
604 2105 643 2134 ut
661 2105 744 2145 pote
763 2098 1013 2136 calefacientia
1036 2112 1102 2137 nos

1178 1299 1255 1335 haec
1273 1299 1418 1345 quidem
1434 1301 1625 1338 manifesta
1638 1308 1785 1349 aspectu
1801 1314 1961 1340 omnium
1975 1306 2238 1352 proferebatur,

1177 1361 1255 1408 ipsa
1285 1367 1407 1399 autem
1428 1369 1507 1398 erat
1527 1365 1730 1402 invisibilis.
1765 1365 1810 1402 Ut
1837 1368 1958 1414 positis
1990 1380 2094 1416 super
2126 1370 2239 1417 ignem

1178 1422 1407 1466 aromatibus,
1431 1424 1557 1460 nebula
1578 1437 1697 1461 eorum
1716 1433 1748 1462 ec
1766 1439 1874 1474 vapor
1893 1430 2029 1476 operiat
2056 1432 2238 1468 oraculum

1177 1483 1268 1529 quod
1284 1490 1333 1519 est
1354 1495 1458 1531 super
1475 1486 1726 1532 testimonium,
1741 1488 1772 1524 el
1793 1501 1861 1525 non
1875 1492 2059 1527 moriatur.
2081 1494 2239 1539 Duplici-

1177 1548 1232 1578 ter
1248 1544 1305 1580 hic
1329 1546 1425 1591 quod
1446 1546 1534 1582 dicit
1554 1548 1726 1595 intellige,
1743 1550 1827 1595 quia
1848 1551 1943 1587 enim
1973 1548 2095 1589 Aaron
2126 1551 2238 1600 ipsius

1176 1605 1310 1642 Christi
1330 1607 1481 1654 figuram
1511 1609 1603 1654 gerit
1627 1616 1775 1655 propter
1794 1613 1989 1648 sacerdotii
2009 1614 2235 1660 dignitatem,

1175 1666 1326 1713 figuram
1344 1669 1452 1704 etiam
1473 1670 1566 1715 gerit
1586 1671 1748 1716 corporis
1777 1673 2021 1709 sacerdotum.
2047 1672 2238 1721 Superim-

1175 1729 1277 1773 ponit
1301 1729 1445 1774 quidem
1466 1730 1630 1766 Christus
1650 1741 1758 1777 super
1784 1732 1904 1780 ignem
1925 1741 2102 1778 aromata,
2123 1736 2159 1772 id
2178 1742 2234 1772 est

1175 1790 1374 1825 orationem
1395 1800 1502 1836 super
1519 1792 1740 1836 doetrinam;
1762 1798 1798 1829 et
1831 1795 1948 1840 operit
1974 1806 2143 1841 vaporem
2174 1807 2236 1834 ne-

1174 1848 1256 1883 bula
1289 1859 1427 1894 eorum,
1448 1852 1482 1886 id
1501 1857 1556 1887 est
1575 1853 1748 1888 orationis
1775 1854 1911 1898 virtus;
1933 1857 2118 1893 oraculum
2139 1859 2234 1904 quod

1173 1915 1227 1944 est
1251 1920 1359 1955 super
1378 1911 1635 1955 testimonium,
1655 1914 1690 1948 id
1710 1919 1766 1950 est
1785 1925 1931 1951 carnem
1950 1927 2066 1960 suam,
2087 1927 2130 1955 ex
2161 1928 2230 1964 qua

1171 1971 1377 2015 propitiatio
1407 1973 1512 2008 nobis
1538 1974 1740 2019 conquisita
1758 1981 1813 2010 est
1831 1983 2076 2022 peccatorum,
2096 1989 2174 2024 quoe
2194 1980 2230 2016 in

1173 2032 1321 2068 salutari
1343 2035 1583 2070 est-videlicet
1598 2036 1786 2081 passione;
1807 2038 1876 2074 hoc
1893 2045 2014 2075 autem
2035 2051 2115 2077 esse
2133 2043 2232 2078 testi-

1171 2094 1347 2138 monium,
1367 2096 1475 2140 paulo
1497 2097 1661 2142 superius
1682 2099 1917 2134 ostendimus.
1940 2099 1988 2135 Et
2014 2112 2084 2136 non
2100 2103 2228 2137 morie-

50 2158 93 2194 ad
111 2158 280 2204 pietatem
296 2186 305 2203 ,
322 2170 404 2196 cum
436 2160 508 2195 sint
538 2159 753 2205 generaliter
783 2159 959 2205 spiritalia
978 2158 1099 2207 (Joan.
1121 2142 1150 2183 C
1171 2159 1241 2198 tur,
1263 2157 1506 2202 corruptionis
1536 2157 1706 2194 Videlicet
1729 2163 1858 2195 morte·
1881 2158 2004 2206 Neque
2024 2162 2122 2198 enlm
2148 2173 2232 2200 031'0

51 2221 125 2268 xv).
149 2221 217 2257 Sed
240 2227 276 2258 et
295 2222 340 2258 ab
366 2222 483 2265 altari,
503 2222 597 2268 quod
615 2223 809 2259 secundum
832 2217 926 2259 Lxx
943 2228 999 2260 est
1017 2229 1102 2260 ante

50 2281 256 2325 Dominum,
278 2283 348 2318 hoc
369 2287 487 2318 autem
517 2293 598 2319 esse
617 2282 720 2319 sedes
740 2283 925 2327 cherubin,
958 2285 993 2320 in
1014 2285 1102 2331 ipsis

47 2343 231 2391 prooemiis
249 2343 331 2379 libri
350 2343 452 2388 hujus
467 2345 710 2388 ostendimus;
724 2345 796 2380 illic
814 2346 909 2380 enim
927 2346 1101 2382 carbones

47 2405 280 2451 intelligibilis
299 2405 391 2452 ignis
411 2407 626 2443 constitutos
645 2417 725 2442 csse
741 2407 908 2443 Ezechiel
925 2408 1100 2453 propheta

47 2470 325 2512 demonstravit;
353 2471 543 2506 Dominum
573 2472 705 2518 quippe
733 2473 848 2518 ipsum
868 2473 928 2518 qui
948 2479 1029 2509 crat
1046 2474 1100 2508 in-

47 2529 153 2565 dutus
174 2530 318 2575 podere,
340 2536 374 2565 et
394 2532 574 2567 accinctos
592 2533 746 2568 habebat
765 2525 914 2574 lumbos,
933 2534 1100 2578 proponit

48 2590 223 2625 dicentem
242 2602 250 2624 z
269 2590 454 2636 Inqredcre
471 2591 507 2626 in
523 2592 675 2626 medium
701 2590 857 2626 rotarum
884 2592 1002 2627 subter
1024 2594 1100 2628 clie-

48 2650 163 2693 rubin‚
182 2657 213 2686 et
231 2651 333 2696 imple
350 2663 473 2687 ritanus
487 2658 565 2687 tuus
582 2653 623 2687 de
642 2654 753 2689 medio
768 2655 933 2690 cherubin
953 2655 1095 2703 (Ezeclt.

47 2711 99 2757 x).
141 2711 230 2755 Quia
258 2713 352 2748 enim
385 2713 498 2749 altare
530 2714 754 2760 intelligibile
783 2715 819 2751 in
836 2727 906 2761 quo
924 2718 1098 2755 carbones

46 2771 138 2819 ignis
160 2782 255 2816 sunt,
278 2775 398 2810 sedem
415 2785 430 2801 ι·
450 2776 623 2811 cherubin
646 2774 811 2822 oporteat
831 2778 995 2826 intelligi,
1013 2782 1096 2817 audi

44 2833 173 2870 Isaiam
192 2836 368 2872 dicentem
384 2837 447 2871 :El
466 2838 554 2872 verrit
572 2838 617 2872 ud
637 2850 688 2873 me
702 2849 793 2875 uuus
808 2839 850 2874 cle
869 2842 1047 2886 seraphin,
1063 2848 1095 2878 et

45 2897 82 2934 in
99 2909 205 2933 manu
221 2898 295 2943 ejus
315 2896 469 2932 calculus
489 2909 590 2943 quem
617 2897 747 2944 forcipe
768 2899 896 2935 tulerat
915 2901 957 2936 de
973 2901 1092 2945 ulturi,

45 2966 78 2996 et
107 2960 215 3006 teeiyit
233 2971 269 2994 os
288 2971 401 2995 meum
425 2958 514 3005 (Iso.
534 2959 598 3006 vt).
629 2959 730 3003 Quod
749 2964 835 3008 ergo
855 2962 891 2998 in
918 2963 1011 2999 coelo
1039 2969 1096 3000 est

45 3018 159 3055 altare
195 3019 291 3055 aliud
317 3019 386 3055 nisi
410 3019 582 3055 cherubin
626 3020 742 3055 sedis?
775 3020 868 3056 sieut
897 3023 994 3058 enim
1020 3028 1092 3059 tam
1109 3045 1146 3083 D

92 3077 204 3116 ntisex
224 3089 332 3124 quam
352 3089 414 3114 rex
443 3079 536 3115 idem
569 3082 605 3116 et
635 3081 758 3116 sedem
778 3081 888 3118 habet
906 3089 944 3119 et
963 3083 1090 3120 altare.

38 3083 120 3181 gc
141 3150 226 3188 ergo
245 3139 376 3176 Paulus
400 3137 558 3177 Hebraeis
579 3140 788 3189 significans
805 3145 882 3180 ait:
899 3143 980 3181 Non
1001 3148 1093 3182 enim

20 3209 59 3246 ,72
76 3200 207 3238 bemus
226 3200 494 3250 pontificem'qui
513 3214 581 3239 non
603 3210 713 3250 polest
737 3206 886 3252 compati
906 3205 1094 3252 infirmita-

59 3266 61 3269 ’
80 3259 133 3298 'us'
152 3263 292 3306 nostris,
311 3262 479 3298 tentatum
497 3269 610 3299 autem
628 3275 690 3311 per
705 3265 822 3301 omnia
842 3276 905 3312 pro
930 3266 1093 3302 similitu-

79 3416 82 3418 ’
151 3448 173 3487 ες
184 3436 270 3479 nst·
282 3441 407 3487 altare,
423 3436 522 3489 ‹sa-roa·
530 3436 762 3481 manifestant
777 3448 856 3491 quoe
871 3448 1090 3491 sequunmr3

123 3524 158 3540 .·..
225 3506 235 3539 i
253 3495 303 3538 [Π
321 3494 535 3550 decipiamus
553 3502 833 3540 mrrericordiam
853 3502 889 3538 et‘
913 3502 1090 3550 qratiam,

294 3549 338 3601 br
365 3557 498 3601 auem
535 3562 742 3613 manum.
794 3559 930 3602 riorum
969 3560 1091 3603 aurem

59 3636 77 3654 η
105 3650 108 3654 .
191 3594 193 3650 s
226 3629 231 3652 s
331 3613 437 3665 §stari
456 3622 537 3664 sine
565 3619 764 3723 atulam
764 3627 902 3664 hiet-ate
932 3622 1089 3674 percipi*

109 3707 110 3711 ,
128 3688 161 3714 κς
214 3695 249 3719 „⁴¹
272 3700 311 3722 -4
350 3681 379 3715 ἰ
414 3674 569 3732 Βίέἦιιω
799 3683 991 3733 legislator
1006 3687 1092 3724 snb-

78 3743 93 3759 *
163 3762 170 3771 ι
201 3752 204 3756 ·
413 3740 421 3755 ¹
686 3742 692 3748 ’
757 3743 762 3749 ’
785 3742 971 3783 tewinum
995 3744 1091 3782 altra

560 3804 591 3814 '⁶
613 3795 719 3833 2''‘J'‘
743 3807 772 3824 mi

1169 2218 1248 2264 ejus
1287 2221 1379 2256 vidit
1412 2222 1696 2267 corruptionem,
1730 2225 1814 2269 quia
1845 2235 1978 2272 vapore
2012 2234 2230 2273 aromatum,

1170 2280 1303 2316 virtute
1326 2282 1450 2327 utique
1470 2283 1646 2319 orationis
1667 2284 1762 2321 illius
1782 2287 2013 2332 operiebatur
2033 2299 2142 2334 quam
2163 2291 2232 2326 Da-

1169 2342 1227 2377 vid
1260 2343 1310 2377 ait
1342 2343 1526 2379 Christum
1556 2345 1700 2381 Patrem
1733 2347 1989 2392 deprecantem
2007 2362 2016 2385 :
2035 2350 2128 2392 Quia
2160 2362 2229 2387 non

1169 2400 1386 2447 derelinques
1418 2403 1574 2438 animam
1609 2415 1722 2441 meam
1755 2408 1791 2441 in
1821 2408 2012 2452 infernum,
2038 2420 2099 2445 nec
2127 2410 2229 2446 dabis

1168 2468 1327 2497 sanctum
1349 2469 1447 2498 ticum
1467 2465 1582 2499 videre
1616 2467 1886 2513 corruptionem.
1918 2468 2023 2503 Ponit
2054 2476 2173 2505 autern
2194 2476 2231 2507 et

1168 2522 1416 2567 unusquisque
1446 2524 1630 2567 sacerdos,
1650 2525 1692 2560 de
1726 2524 1871 2561 Christo
1904 2527 2067 2573 loquens,
2090 2530 2126 2565 in
2147 2530 2229 2578 igne

1167 2588 1330 2616 aromata
1350 2583 1522 2628 spiritalis
1542 2585 1732 2627 doctrinae,
1757 2588 1979 2632 orationem3
2000 2595 2036 2624 et
2054 2591 2228 2630 orationis

1166 2642 1282 2678 virtus
1295 2643 1412 2688 operit
1428 2644 1630 2687 oraculum,
1646 2647 1742 2691 quod
1759 2653 1814 2682 est
1831 2657 1941 2694 super
1959 2651 2224 2690 testimonium:

1166 2714 1237 2738 non
1258 2705 1433 2750 permittit
1449 2706 1545 2741 enim
1564 2715 1644 2742 curn
1662 2717 1826 2753 quaerere
1845 2709 1887 2744 de
1907 2711 2135 2755 passionibus
2153 2715 2224 2749 Do-

1165 2768 1307 2804 minicae
1341 2770 1461 2805 carnis
1497 2779 1554 2813 ea,
1574 2780 1654 2815 quac
1687 2781 1795 2816 super
1821 2772 1997 2809 virtutem·
2029 2778 2225 2821 qiiaerentis

1165 2832 1260 2863 sunt.
1282 2827 1328 2863 Et
1352 2839 1421 2864 uon
1439 2830 1607 2864 morietur
1630 2840 1683 2872 ea,
1708 2840 1787 2876 quac
1809 2831 1952 2867 delinita
1975 2838 2029 2869 est
2048 2834 2224 2871 immode-

1165 2888 1253 2923 ratis
1273 2889 1567 2935 inquisitoribus,
1589 2890 1651 2936 qui
1673 2900 1714 2926 ea
1735 2898 1900 2937 quau-unt
1919 2903 1998 2939 quoe
2018 2895 2223 2932 hominibus

1163 2957 1234 2982 non
1255 2948 1338 2984 licet
1355 2959 1530 2994 quaerere,
1551 2958 1678 2986 morte.
1709 2951 1817 2986 Tollet
1834 2963 1969 3000 quoque
1993 2955 2035 2990 de
2054 2958 2223 3003 sanquine

1165 3008 1263 3044 vituli
1281 3015 1314 3045 ee
1333 3017 1490 3056 asperqet
1505 3011 1614 3057 (liquo
1632 3022 1696 3047 suo
1715 3013 1853 3059 septies,
1873 3020 1995 3050 contra
2013 3017 2221 3062 propitiato-

1163 3069 1253 3105 rium
1273 3070 1319 3105 ad
1337 3072 1504 3106 orientem
1515 3083 1528 3114 ;
1547 3072 1621 3108 sive
1634 3099 1644 3115 ,
1665 3080 1704 3108 ut
1722 3072 1837 3116 Lxx,
1858 3081 2012 3120 asperyet
2032 3076 2140 3121 diqito
2157 3088 2220 3111 suo

1161 3140 1265 3176 super
1283 3132 1566 3177 propitiatorium
1584 3133 1630 3168 ad
1647 3135 1826 3169 orientem.
1842 3134 1937 3170 Ante
1955 3135 2083 3171 faciem
2100 3137 2219 3182 propi-

1161 3190 1296 3236 tiatorii
1312 3199 1480 3239 asperget
1497 3194 1630 3239 septies
1643 3194 1752 3240 digito
1764 3204 1841 3230 suo.
1855 3195 2079 3232 Sacrificium
2096 3197 2220 3243 unige-

1160 3251 1227 3287 niti
1241 3261 1322 3288 esse
1335 3253 1480 3299 quidem
1496 3253 1573 3298 ejus
1590 3254 1721 3296 carnis,
1738 3264 1803 3299 per
1815 3253 1983 3289 virtutem
1998 3260 2123 3290 autem
2138 3266 2218 3293 rur·

1162 3324 1224 3351 sus
1238 3316 1437 3352 divinitatis
1453 3316 1545 3361 ejus,
1561 3321 1598 3352 et
1610 3324 1676 3362 per
1688 3315 1950 3365 beneplacitum
1965 3314 2082 3353 Patris
2094 3318 2142 3354 ad
2161 3328 2216 3356 re—

1163 3379 1372 3415 missionem
1402 3378 1632 3424 peccatorum
1665 3382 1871 3412 nostrorum
1905 3382 1942 3412 et
1971 3379 2212 3426 ereptionem,

1162 3430 1339 3482 simulque
1354 3438 1399 3472 ad
1417 3437 1568 3472 domum·
1585 3435 1936 3472 subministrationis
1960 3435 2123 3483 Spiritus
2132 3448 2215 3487 per.

1162 3495 1243 3541 πῇ,
1262 3497 1386 3540 aperte
1408 3505 1454 3530 ex
1484 3495 1542 3530 his
1559 3503 1639 3540 quae
1658 3502 1754 3530 nunc
1771 3494 1864 3530 dicit·
1873 3495 2080 3542 legislamff
2097 3503 2214 3539 mni·-

1159 3554 1338 3599 i’estatur;=
1357 3555 1492 3602 digitus
1510 3554 1609 3591 enim
1621 3554 1800 3601 significat
1814 3555 2211 3608 vinnam-divinitatis,

1159 3617 1254 3654 unde
1271 3616 1390 3652 baffi
1407 3615 1524 3652 dixin:
1542 3615 1719 3659 qum‘am
1739 3616 1866 3654 vitiem·
1879 3618 1983 3659 ebion
2000 3630 2108 3668 opera
2121 3622 2213 3671 ἄῤ-

1156 3683 1275 3714 torum
1289 3680 1444 3722 tuorum,
1462 3675 1589 3713 mm
1597 3682 1636 3713 et·
1644 3675 1769 3714 uella*
1782 3687 1870 3725 qim
1891 3684 1931 3716 tu
1952 3679 2118 3726 humori·
2129 3682 2209 3732 μ’,

1155 3738 1258 3788 vum
1283 3737 1494 3784 Utrumque·
1505 3737 1631 3775 auoeml
1643 3737 1696 3775 ad·
1706 3737 2120 3790 fflffl.muipffl¹qs
2135 3745 2210 3784 vi»-

291 3817 308 3836 “’
339 3848 342 3856 .
359 3845 360 3853 ι
404 3823 412 3826 ’
503 3835 505 3837 ’
531 3832 628 3879 'pm
647 3833 824 3889 ebenum
839 3840 899 3873 est
912 3826 1110 3880 distinctio,
1130 3839 1168 3872 et
1186 3821 1372 3882 scfflr:
1389 3817 1462 3869 Sed
1477 3823 1507 3868 ie
1521 3816 1657 3870 duabus
1674 3818 1972 3872 disss'tiffcffoifflfii‘.

20 3901 47 3936 5-
635 3925 644 3931 -
1075 3940 1107 3949 „e
1119 3942 1132 3950 „

1267 3943 1297 3951 .-
