2540 4016
268 149 357 185 1215

686 145 726 182 B.
755 145 924 183 RABANI
950 146 1098 184 MAURI
1123 146 1338 184 ARCHIEP.
1366 145 1573 187 MOGUNT.
1601 148 1791 187 oPERUM
1813 148 1934 188 PARS
1958 149 1986 188 1.

2336 151 2427 205 QG

265 223 372 266 rexit,
397 226 503 267 atque
526 219 571 255 ad
601 219 735 256 Christi
762 221 916 266 gratiam
942 221 1067 258 venire
1090 223 1310 269 properavit.
1330 220 1368 262 A
1382 229 1446 257 sua
1464 223 1641 268 promissa
1666 223 1818 270 implere
1842 227 1973 267 cesset,
1998 221 2124 260 dicens
2145 222 2233 262 illud
2254 225 2432 273 evange&

263 285 310 319 Et
341 283 428 318 dixit
447 281 543 316 Booz
557 290 570 315 .·
585 279 688 324 Cave,
707 292 748 315 ne
767 281 845 326 quis
872 282 1022 326 noverit,
1042 283 1135 329 quod
1166 283 1234 317 huc
1259 294 1314 318 ve-

262 342 367 379 neris.
390 340 575 384 Quomodo
591 351 675 386 ergo
692 340 806 376 latere
820 340 937 386 potuit
956 341 1145 377 conversio
1155 341 1315 387 gentium

259 399 308 437 ad
332 398 442 435 fidem
468 398 617 442 Christi,
640 408 723 434 cum
751 399 789 434 in
820 404 896 435 toto
927 401 1015 436 orbe
1041 405 1222 436 terrarum
1245 401 1315 437 hoc

257 459 488 508 praedicatur,
518 459 587 495 hoc
606 459 787 503 laudatur,
819 460 887 496 hoc
905 460 1133 497 celebratur?
1157 460 1229 497 Sed
1255 471 1315 497 ca-

260 531 345 559 vere
361 531 443 558 eam
459 521 641 567 praecepit,
665 532 711 557 ne
735 521 817 568 quis
834 522 1076 566 noverit,-h0c
1097 528 1165 567 est,
1194 528 1234 558 ut
1255 533 1315 559 ca-

259 586 356 626 veat,
378 591 423 617 ne
449 581 492 617 de
529 581 802 617 conversatione
833 592 899 618 sua
929 582 1071 619 laudem
1104 584 1311 626 humanam,

258 643 323 681 sed
348 643 500 689 gloriam
528 642 684 678 divinam
713 648 863 688 quaerat.
897 643 958 680 Sic
986 651 1022 680 et
1049 645 1086 680 in
1120 645 1314 691 EvangeIIO

258 702 337 751 ipse
356 704 528 740 Dominus
548 704 592 739 de
615 704 930 750 elcemosynarum
951 705 1156 749 donatione,
1179 711 1216 742 et
1230 716 1314 742 ora-

259 764 367 800 tionis
392 764 613 800 exhibitione
641 765 825 810 praeccpit,
846 765 969 802 dicens
987 779 995 802 :
1013 765 1100 802 Cum
1118 768 1204 813 facis
1228 767 1316 803 elee-

258 835 452 870 mosynam,
478 824 548 859 noli
582 825 665 860 tuba
690 837 812 861 canere
841 832 919 861 ante
939 833 982 870 te,
1013 828 1101 862 sicut
1127 828 1314 874 hypocrita}

259 885 391 930 faciunt
409 885 445 919 in
474 887 658 932 sytzaftofyis
677 892 709 921 et
738 888 774 921 in
794 887 892 931 vicis,
920 893 957 922 ut
982 888 1257 933 honorificentur
1272 888 1313 923 ab

258 943 468 980 hominibus.
498 945 607 981 Amen
640 947 716 981 dico
750 947 857 990 vobis,
891 955 1089 994 receperunt
1124 949 1315 983 mercedem

258 1013 372 1038 suam.
397 1003 443 1038 Te
461 1010 577 1039 autem
606 1006 755 1051 faciente
786 1006 1054 1053 eleemosynam,
1083 1009 1211 1043 nesciat
1231 1008 1316 1043 sini-

258 1068 331 1097 stra
348 1068 407 1098 tua
431 1064 514 1110 quid
535 1065 641 1109 faciat
662 1066 785 1102 dextra
805 1073 881 1111 tua,
901 1074 938 1102 ut
955 1068 998 1103 sit
1018 1068 1234 1114 eleemosyna
1254 1075 1315 1103 tua

259 1122 295 1157 in
315 1123 495 1166 absconso,
514 1131 546 1159 et
565 1125 673 1161 Pater
688 1133 781 1170 tuus,
801 1128 860 1172 qui
882 1128 968 1162 videt
986 1129 1020 1161 in
1039 1129 1216 1171 absconso,
1236 1129 1313 1163 red-
1332 1119 1364 1157 Β

258 1181 314 1215 det
338 1183 398 1217 tibi
423 1183 459 1217 in
478 1184 677 1229 propatulo.
699 1185 745 1219 Et
766 1197 844 1219 cum
870 1187 978 1221 oratis
1009 1198 1077 1221 non
1096 1188 1206 1230 eritis,
1226 1189 1314 1224 sicut

258 1241 460 1287 hypocritoe,
483 1244 542 1288 qui
562 1249 679 1277 aritant
698 1244 734 1277 in
761 1246 946 1290 synaqoqis
967 1251 998 1280 et
1026 1247 1164 1291 anyuIis
1183 1248 1316 1293 platea-

258 1312 334 1335 rum
352 1307 481 1337 stantes
502 1314 616 1345 orare,
639 1310 677 1337 ut
703 1304 887 1339 videantur
908 1306 949 1339 ab
974 1307 1186 1341 hominibus.
1207 1308 1316 1343 Amen

256 1360 333 1394 dico
349 1362 455 1405 vobis,
474 1369 673 1408 receperunt
694 1364 885 1398 mercedem
902 1376 1015 1399 suam.
1039 1366 1090 1400 Tu
1105 1373 1221 1401 (itatem
1237 1377 1316 1401 cum

257 1422 422 1465 oraveris,
441 1423 534 1457 intra
554 1423 590 1458 in
609 1423 806 1458 cubiculum
829 1431 942 1468 tuum,
961 1433 991 1467 et
1009 1426 1127 1461 clauso
1155 1427 1242 1461 ostio
1257 1433 1315 1462 tuo

257 1493 319 1516 ora
340 1482 480 1517 Patrem
499 1490 597 1518 tuum
618 1484 654 1518 in
672 1484 863 1528 absconso;
887 1492 919 1520 et
944 1484 1053 1522 Pater
1073 1493 1167 1529 tuns,
1188 1487 1247 1532 qui
1267 1487 1315 1521 vi-

256 1541 313 1576 det
331 1542 367 1577 in
394 1542 577 1587 absconso,
598 1544 717 1579 reddet
736 1545 797 1580 tibi
816 1546 850 1579 in
872 1545 1056 1592 propatulo
1079 1546 1224 1594 (litante.
1248 1549 1312 1594 vl).

665 1619 816 1656 CAPUT
845 1620 906 1656 Xl.

256 1675 417 1712 Reversio
449 1677 545 1713 Ruth
576 1679 621 1714 ad
656 1690 792 1733 socrum
820 1692 898 1726 [susc
924 1683 1073 1727 portavit
1097 1692 1157 1717 sea:
1181 1682 1314 1718 modios

301 1722 437 1767 bordei,
472 1735 620 1761 narrans
649 1737 765 1761 sacrm
793 1738 866 1763 sace
893 1729 1010 1764 omnia
1029 1741 1107 1775 quse
1126 1730 1221 1774 facta
1242 1729 1315 1774 fue-

303 1775 395 1804 rant.

302 1840 420 1889 (lam.)
451 1842 496 1878 Et
527 1855 668 1881 rursum
694 1855 707 1880 .·
725 1847 897 1894 Expande
916 1877 925 1894 ,
962 1851 1096 1899 inquit,
1130 1855 1313 1901 palliolum

254 1907 364 1946 tuum,
397 1915 463 1949 quo
490 1907 649 1951 operiris,
679 1914 709 1943 et
729 1915 805 1944 tene
837 1917 985 1958 utraque
1010 1925 1130 1950 manu.
1156 1916 1235 1959 Qua
1254 1929 1330 1954 exn

254 1963 413 2000 tendente
432 1971 463 2000 et
491 1972 639 2012 tenente,
664 1981 803 2006 mensus
822 1979 870 2007 est
889 1984 950 2008 sex
969 1976 1104 2012 modios
1123 1977 1258 2022 hordei,
1279 1985 1311 2014 et

253 2026 367 2069 posuit
404 2038 508 2073 super
544 2041 634 2067 eam.
669 2032 883 2079 Expandere
905 2036 1008 2082 jubet
1036 2039 1206 2084 pallium,
1242 2041 1312 2077 hoc

253 2091 327 2128 cst,
372 2087 523 2125 dilatare
561 2091 696 2137 fidem,
734 2100 771 2130 et
811 2102 935 2133 tenere
982 2104 1138 2146 utraque
1177 2112 1310 2145 manu,

252 2154 361 2190 opere
405 2148 543 2184 scilicet
586 2155 814 2198 exercendo,
859 2158 954 2200 quod
995 2160 1104 2194 corde
1148 2163 1311 2206 percepit

252 2205 413 2241 credulo.
455 2206 599 2244 Mensus
636 2215 692 2245 est
733 2222 796 2247 sex
837 2215 976 2251 modios
1011 2217 1137 2254 hordei
1174 2225 1210 2256 et
1246 2231 1311 2266 po-

252 2264 325 2300 suit
375 2275 483 2310 super
513 2277 594 2301 eam
614 2294 623 2310 ,
670 2279 750 2304 cum
784 2271 889 2315 juxta
923 2275 1127 2312 intellectus
1169 2281 1311 2323 capaci-

252 2327 363 2358 tatem
399 2324 433 2358 ei
468 2324 592 2360 tribuit
621 2327 789 2371 perseetae
813 2332 1035 2375 operationis
1066 2336 1211 2372 modum
1230 2364 1239 2382 ,
1272 2344 1312 2375 ut

251 2380 347 2416 intus
368 2380 527 2427 forisque
561 2383 645 2420 fidei
673 2391 781 2432 atque
816 2389 993 2427 virtutum
1026 2393 1205 2431 ditaretur
1231 2408 1311 2434 mu—

250 2450 353 2484 nere,
374 2446 409 2477 et
428 2442 583 2488 gloriosa
597 2445 731 2491 ubique
751 2457 942 2494 appareret
961 2452 1082 2488 divina
1102 2454 1307 2502 largitione.

250 2500 324 2536 Nec
351 2511 421 2538 non
440 2509 477 2539 et
494 2504 580 2541 illud
598 2508 764 2545 senarius
793 2521 966 2548 numerus
985 2513 1150 2552 hocloco
1174 2519 1311 2565 signifi-

251 2570 333 2596 care
352 2568 484 2608 potest,
501 2565 595 2610 quod
611 2574 712 2603 sexta
732 2575 838 2606 aetate
854 2572 1028 2623 Dominus
1042 2575 1119 2621 ipse
1134 2577 1310 2617 hordeum

249 2620 339 2667 legis
363 2622 534 2661 Ecclesiae
555 2628 714 2672 gentium
741 2630 784 2666 ad
815 2633 982 2676 pabulum
1010 2645 1077 2681 per
1095 2640 1310 2684 mysterium

251 2684 442 2727 concessit,
459 2691 638 2730 quatenus
656 2699 767 2734 egena
783 2691 958 2729 hactenus
978 2694 1058 2731 cibo
1080 2697 1230 2743 spiritali
1246 2710 1310 2745 per

249 2743 402 2788 gratiam
422 2745 534 2789 ipsius
550 2747 719 2794 deinceps
741 2752 931 2788 ditaretur.

299 2802 386 2845 Quae
408 2812 551 2850 portans
581 2808 737 2853 inpressa
762 2818 812 2846 est
836 2815 1023 2860 civitatem,
1043 2824 1075 2853 et
1092 2820 1180 2854 venit
1196 2821 1243 2855 ad
1258 2832 1310 2856 so-

1382 280 1738 320 eumzPoenitentiam
1757 284 1863 330 aqite,
1881 282 2169 331 appropinquavit
2182 285 2274 320 enim
2289 295 2436 332 requam
2472 332 2474 334 Ι

1382 342 1546 380 coetorum
1566 343 1710 391 (Matth.
1730 345 1794 392 lv).
1820 344 1866 380 Et
1892 344 1980 380 item
1998 355 2005 378 :
2023 341 2094 386 Qut
2113 343 2298 381 crediderit
2325 350 2358 381 et
2375 345 2437 384 ba·-

1381 404 1532 450 ptizatus
1550 405 1669 450 fuerit,
1694 405 1811 441 salvus
1831 406 1922 449 erit‚·
1941 405 2002 453 qui
2027 415 2104 440 vero
2136 415 2207 442 non
2233 407 2436 453 crediderit,

1383 463 1668 499 condemnabitur
1694 463 1826 510 (Marc.
1866 465 1956 512 XVI).
1987 465 2034 501 Et
2067 465 2200 502 iterum
2226 465 2316 503 :Sic
2343 466 2438 505 enim

1382 521 1477 558 Deus
1504 522 1626 558 dilexit
1658 523 1842 567 mundum,
1863 530 1903 559 ut
1929 524 2150 572 uniqenitum
2179 525 2315 563 Filium
2333 539 2439 565 suum

1383 586 1496 630 daret,
1520 592 1558 621 ut
1575 586 1688 621 omnis
1713 586 1773 632 qui
1797 586 1906 622 credit
1932 587 1970 622 in
1994 598 2034 623 eo
2055 599 2124 624 non
2140 594 2272 636 pereat,
2289 589 2350 626 sed
2374 590 2439 627 lta-

1385 643 1461 679 beat
1477 645 1583 680 vitam
1607 650 1773 681 aeternam
1792 644 1914 693 (Joan.
1936 645 2009 694 111).

1778 720 1929 758 CAPUT
1961 721 2036 757 ΧΠ.

1383 778 1435 814 De
1451 790 1597 816 ascensu
1614 781 1711 817 Booz
1729 781 1775 816 ad
1790 788 1927 828 portam
1945 783 2095 819 civitatis
2114 788 2145 819 et
2165 783 2348 819 cottocutw
2363 794 2440 830 ejus

1431 827 1476 862 ad
1509 829 1803 874 consenquineum
1837 839 1939 864 suum
1969 829 2024 871 de„
2039 830 2240 876 accipienda
2272 828 2367 865 Ruth
2400 835 2440 866 ut

1434 874 1573 909 suscitet
1595 886 1712 910 semen
1728 875 1975 921 consanquinei
1998 876 2054 910 sui
2091 876 2258 922 defuncti.

1433 947 1532 994 (Car.
1555 947 1620 994 tv.)
1647 948 1812 983 Ascendit
1841 959 1922 994 erqo
1942 947 2038 983 Booz
2062 948 2107 983 ad
2132 955 2270 994 portam
2300 952 2333 983 et
2352 947 2441 984 sedit

1385 1010 1446 1045 ibi.
1469 1010 1562 1054 Quid
1589 1016 1644 1046 est
1670 1011 1763 1047 Booz
1795 1017 1960 1047 nostrum
1988 1012 2186 1048 ascendere
2211 1013 2255 1048 ad
2281 1018 2440 1058 portam,

1385 1071 1454 1105 nisi
1488 1070 1670 1106 Christum
1703 1071 1748 1106 ad
1777 1070 1944 1106 effectum
1970 1071 2168 1115 perducere
2199 1072 2440 1116 prophetiam,

1384 1140 1462 1176 quae
1481 1131 1525 1166 de
1550 1131 1627 1176 cjns
1658 1131 1905 1167 incarnatione
1923 1131 2127 1176 conscripta
2159 1131 2240 1166 est?
2259 1130 2311 1166 lbi
2339 1132 2443 1168 sede-

1383 1191 1460 1231 bat,
1481 1190 1564 1235 quia
1584 1190 1621 1224 in
1639 1190 1791 1235 virginis
1810 1190 1903 1232 alvo,
1924 1191 2019 1225 unde
2043 1189 2249 1225 hominibus
2269 1199 2444 1235 apparere

1385 1255 1520 1293 posset,
1544 1259 1691 1283 carnem
1709 1249 1895 1291 sumebat;
1917 1249 1960 1284 de
1993 1249 2061 1284 hac
2078 1248 2208 1294 quippe
2227 1255 2330 1294 porta
2354 1250 2445 1286 Eze-

1385 1309 1478 1343 chiel
1507 1309 1638 1343 dudum
1670 1309 1876 1353 scripserat,
1905 1309 1952 1344 ita
1974 1309 2124 1345 dicens:
2143 1310 2188 1344 Ει
2216 1311 2366 1346 converti
2389 1322 2443 1347 me

1385 1370 1429 1403 ad
1451 1370 1541 1404 viam
1567 1375 1676 1415 portoe
1693 1371 1886 1406 sanctuarii
1914 1371 2109 1415 exterioris,
2140 1383 2217 1418 (μαι)
2241 1371 2443 1417 respiciebat

1385 1432 1430 1465 ad
1452 1432 1643 1472 orientem‚·
1661 1438 1692 1467 et
1708 1439 1782 1468 erat
1798 1433 1918 1470 clausa
1934 1446 1947 1478 ;
1966 1441 1996 1470 et
2013 1435 2100 1470 dixit
2118 1435 2290 1471 Dominus
2308 1436 2354 1471 ad
2367 1446 2443 1472 me:

1386 1491 1496 1526 Porta
1511 1492 1584 1527 haec
1600 1491 1722 1528 clausa
1737 1493 1813 1536 erit,
1829 1505 1899 1529 non
1912 1495 2101 1541 aperietur,
2118 1501 2149 1531 et
2165 1497 2218 1531 vir
2229 1507 2298 1531 non
2314 1496 2445 1532 transi-

1385 1552 1432 1587 bit
1460 1564 1521 1599 per
1546 1564 1636 1597 eam,
1657 1555 1739 1600 quia
1755 1554 1927 1591 Dominus
1948 1556 2040 1592 Deus
2059 1557 2172 1593 Israel
2198 1558 2373 1604 ingressus
2392 1563 2443 1594 est

1384 1623 1444 1658 per
1464 1623 1555 1655 eam,
1574 1614 1706 1660 eritque
1725 1613 1860 1650 clausa.
1881 1615 2047 1662 Princeps
2066 1618 2137 1662 ipse
2165 1617 2303 1652 sedebat
2320 1618 2357 1653 in
2384 1628 2442 1662 ea,

1384 1679 1422 1707 ut
1449 1674 1606 1709 comedat
1636 1685 1761 1720 panem
1793 1686 1911 1711 coram
1940 1676 2103 1712 Domino.
2129 1677 2201 1713 Per
2227 1678 2319 1713 viam
2349 1679 2445 1715 vesti-

1385 1731 1457 1766 buli
1487 1739 1596 1778 portce
1623 1733 1850 1780 inqredietur,
1876 1741 1909 1771 et
1938 1747 2000 1782 per
2027 1738 2117 1772 viam
2145 1738 2221 1783 ejus
2247 1738 2444 1785 eqredietur

1384 1791 1529 1838 (Ezeclz.
1550 1793 1662 1841 κων),

1432 1853 1588 1902 Cumque
1620 1856 1762 1892 vidisset
1793 1857 2026 1905 propinquum
2061 1860 2259 1905 praeterire,
2298 1860 2341 1895 de
2370 1871 2439 1908 quo

1383 1916 1481 1962 prius
1508 1928 1621 1953 sermo
1645 1918 1786 1954 babitus
1803 1925 1866 1962 est,
1893 1919 1982 1954 dixit
2001 1920 2047 1955 ad
2067 1932 2144 1956 eum
2160 1932 2172 1957 .·
2187 1921 2334 1957 Declina
2351 1934 2442 1969 pau-

1382 1976 1498 2022 lisper,
1528 1984 1559 2013 et
1576 1979 1656 2014 sede
1686 1980 1756 2023 hic,
1780 1992 1904 2016 vocans
1921 1993 2000 2017 eum
2027 1983 2164 2018 nomine
2189 1995 2265 2020 suo,
2295 1985 2365 2028 Qui
2385 1985 2443 2020 ‹ti-

1381 2038 1483 2073 vertit
1511 2044 1543 2073 et
1572 2039 1674 2074 sedit.
1709 2041 1806 2076 Vidit
1839 2039 1933 2077 Booz
1961 2044 2201 2088 propinquum
2237 2046 2437 2090 praeterire,

1379 2098 1465 2134 dum
1485 2099 1649 2135 Christus
1667 2099 1781 2135 voluit
1794 2099 1909 2146 legem
1929 2101 2175 2146 temporaliter
2188 2103 2282 2148 plebi
2297 2102 2439 2141 Judaeo-

1379 2168 1458 2192 rum
1478 2160 1711 2194 constitutam
1731 2160 1839 2202 'esse;
1862 2171 1970 2205 quam
1995 2162 2039 2196 ad
2059 2171 2098 2196 se
2113 2161 2302 2198 declinare
2314 2162 2436 2208 jussit,

1379 2217 1463 2261 quia
1483 2217 1528 2251 ad
1548 2227 1620 2252 suae
1639 2218 1919 2263 dispensationis
1939 2220 2150 2266 mysterium
2170 2222 2439 2261 testificandum

1379 2285 1459 2311 eam
1477 2276 1677 2313 inclinavit.
1698 2278 1815 2315 Aliter
1833 2291 1840 2314 :
1856 2280 1954 2316 Vidit
1971 2282 2212 2328 propinquum
2237 2286 2435 2331 praeterire,

1379 2344 1461 2371 cum
1480 2338 1718 2382 praecursoris
1733 2339 1788 2374 sui
1803 2340 2009 2385 adventum,
2029 2352 2135 2388 quem
2151 2354 2252 2381 more
2270 2346 2353 2382 vitae
2368 2347 2436 2383 hu-

1378 2406 1494 2432 manae
1526 2408 1722 2444 properare
1753 2402 1955 2446 conspexit,
1989 2403 2035 2438 ad
2070 2404 2226 2441 officium
2258 2407 2436 2452 praeconis

1378 2457 1665 2500 misericorditer
1688 2461 1881 2506 convertit,
1904 2473 2038 2499 vocans
2068 2475 2150 2501 eum
2181 2467 2327 2503 nomine
2354 2477 2434 2512 suo,

1378 2519 1523 2563 quando
1537 2519 1589 2555 illi
1603 2520 1770 2558 videlicet
1784 2532 1850 2567 per
1867 2522 2048 2560 Gabrielis
2065 2526 2273 2573 archangeli
2293 2527 2436 2564 relatio-

1377 2587 1483 2622 nem,
1511 2589 1662 2628 nomen,
1700 2582 1795 2627 quod
1821 2581 1977 2620 Joannes
2007 2593 2196 2622 vocaretur
2213 2612 2222 2630 ,
2258 2588 2435 2633 praeordi-

1377 2636 1491 2672 navit.

1427 2694 1567 2732 Tollens
1585 2703 1701 2733 autem
1723 2697 1820 2734 Booz
1835 2699 1952 2735 decem
1966 2701 2059 2736 viros
2076 2700 2118 2737 de
2137 2702 2333 2739 senioribus
2346 2702 2432 2740 civi-

1377 2758 1472 2802 tatis,
1495 2759 1583 2794 dixit
1611 2760 1656 2794 ad
1683 2770 1766 2795 eos:
1785 2761 1907 2797 Sedete
1941 2763 2010 2798 tn‘c.
2040 2763 2173 2806 Quibus
2203 2766 2432 2802 residentibus

1378 2817 1511 2854 locutus
1532 2826 1582 2855 est
1607 2820 1652 2855 ad
1678 2822 1909 2868 propinquum
1925 2832 1938 2857 .·
1957 2822 2102 2860 Partem
2130 2826 2207 2872 apri
2229 2827 2350 2871 fratris
2368 2837 2431 2863 no-

249 2873 347 2899 crum
369 2876 490 2910 suam,
522 2870 743 2918 narravitque
774 2884 803 2908 et
832 2877 949 2912 omnia
978 2889 1056 2923 quoe
1087 2880 1154 2915 sibi
1171 2881 1307 2926 fecisset
1325 2903 1360 2942 D
1377 2879 1442 2913 δῖ”ἱ
1463 2878 1655 2915 Elimelecll
1685 2881 1799 2917 vendit
1821 2882 1857 2918 Ν
1859 2884 1963 2928 ‘’cml'’
1986 2896 2065 2932 ‘72⁴oe
2086 2897 2221 2922 reversa
2238 2893 2290 2922 2⁸⁸
2308 2887 2351 2923 de
2377 2899 2432 2925 ΥΘ·

249 2920 363 2964 Ιιοηιο,
382 2931 417 2959 ct
438 2932 583 2962 caetcra.
603 2929 722 2966 Ditata
741 2931 903 2970 Ecclesia
923 2938 1083 2981 gentium
1114 2940 1306 2978 donatione

249 2978 400 3023 Christi,
426 2989 532 3027 atque
552 2994 698 3023 onerata
721 2990 898 3027 fructibus
919 2995 1114 3038 virtutum,
1142 2999 1234 3034 redit
1262 3001 1306 3036 ad

249 3049 407 3085 socrum,
427 3043 496 3079 hoc
514 3050 582 3087 est,
611 3048 655 3082 ad
683 3049 905 3092 primitivam
931 3053 1145 3099 Ecclesiam,
1167 3058 1241 3094 sive
1260 3060 1305 3096 ad

250 3111 470 3149 synagogam
496 3103 715 3151 Judaeorum,
738 3119 890 3146 narrans
923 3114 956 3148 ei
985 3117 1105 3151 omnia
1124 3120 1304 3165 magnalia

249 3171 327 3206 quae
348 3161 416 3198 sibi
440 3161 584 3200 fecisset
606 3165 792 3212 Dominus,
819 3176 995 3214 quatenus
1019 3173 1217 3212 Ecclesiam
1238 3189 1303 3214 an·-

248 3222 388 3268 tiquam
410 3223 579 3262 incitaret
609 3227 654 3262 ad
679 3230 1042 3276 congratulationem,
1065 3235 1122 3270 vel
1149 3246 1302 3284 synago—

249 3293 331 3329 gam
361 3291 577 3329 provocaret
610 3287 655 3322 ad
684 3291 1086 3340 conversionemzquia
1123 3296 1192 3332 hoc
1222 3308 1301 3344 pro-

248 3343 368 3387 prium
391 3350 447 3381 est
464 3346 623 3390 pietatiS,
643 3353 769 3386 utnon
788 3361 897 3397 parea
914 3363 982 3390 nec
998 3353 1118 3391 invida
1136 3356 1174 3392 in
1192 3357 1297 3402 datis,

250 3404 313 3440 sed
331 3404 431 3451 larga
446 3415 489 3442 ac
505 3407 678 3444 benevola
694 3410 740 3445 sit
757 3411 795 3446 in
811 3412 915 3449 honis
928 3416 1118 3459 possessis.

295 3462 462 3511 Dixitque
497 3466 623 3502 Noemi
647 3477 660 3501 :
678 3467 846 3516 Expecta,
877 3472 966 3518 filia,
988 3475 1096 3511 donec
1123 3477 1300 3515 videamus

238 3521 348 3568 'quem
368 3536 422 3561 res
441 3527 574 3563 exitum
594 3529 743 3575 habeat‚·
765 3543 873 3580 neque
892 3535 983 3571 enim
1009 3538 1156 3574 cessabit
1181 3541 1297 3584 homo,

251 3583 317 3617 nisi
354 3585 592 3632 compleverit,
638 3591 730 3636 quod
762 3591 899 3630 locutus
933 3601 996 3632 est.
1037 3597 1113 3634 Hoc
1146 3598 1300 3638 fideliter

249 3643 419 3685 praedicat
442 3645 604 3683 Ecclesia
636 3650 803 3688 omnibus
824 3653 1005 3699 gentibus,
1026 3655 1095 3693 hoc
1118 3656 1297 3695 fiduciali-

250 3703 320 3746 ter,
347 3705 444 3751 quod
463 3707 604 3753 Veritas
619 3719 686 3747 sua
702 3711 812 3751 verba
827 3713 985 3762 impleat,
1005 3725 1073 3754 nec
1094 3716 1167 3755 ullo
1191 3719 1299 3759 modo

1376 2939 1477 2985 plone
1491 2938 1683 2975 Moabitide
1699 2953 1711 2983 ,·
1729 2942 1822 2988 quod
1849 2944 1972 2980 audire
1995 2950 2027 2980 te
2046 2944 2152 2988 volui,
2171 2952 2203 2981 et
2227 2947 2290 2982 tibi
2315 2949 2431 2986 dicere

1375 3009 1493 3034 coram
1513 3001 1646 3035 cunctis
1660 3001 1856 3039 sedentibus
1874 3009 1905 3039 et
1925 3004 2116 3050 majoribus
2137 3012 2221 3042 natu
2241 3007 2284 3043 de
2301 3009 2428 3055 populo

1373 3068 1462 3093 meo.
1486 3057 1527 3093 Si
1546 3059 1595 3094 vis
1614 3061 1790 3105 possidere
1804 3063 1888 3108 jure
1907 3065 2191 3111 propinquitatis,
2213 3077 2285 3102 eme
2303 3073 2336 3102 et
2346 3078 2428 3114 pos-

1372 3118 1459 3153 side.
1491 3118 1556 3154 Sin
1585 3126 1701 3157 autem
1727 3122 1788 3157 tibi
1818 3123 1990 3170 displicet,
2021 3131 2054 3174 et
2078 3126 2142 3162 hoc
2167 3126 2280 3172 ipsum
2307 3127 2428 3164 indica

1375 3178 1473 3221 atilli,
1499 3185 1535 3213 ut
1551 3181 1660 3217 sciam
1687 3183 1770 3228 quid
1792 3184 1908 3228 facere
1932 3185 2087 3222 debeam.
2108 3186 2240 3223 Nullus
2266 3197 2317 3224 est
2334 3189 2427 3226 enim

1370 3238 1598 3283 propinquus,
1619 3248 1758 3286 eaecepto
1774 3249 1819 3285 te,
1835 3245 1895 3288 qui
1906 3245 2005 3288 prior
2018 3256 2068 3287 es,
2094 3251 2126 3279 et
2141 3256 2207 3288 me,
2227 3247 2288 3291 qui
2303 3257 2427 3285 secun-

1369 3295 1436 3330 dus
1450 3306 1540 3347 sum.
1564 3297 1698 3334 Decem
1715 3300 1784 3334 viri
1805 3300 1866 3335 isti
1892 3302 2052 3339 seniores
2074 3301 2200 3340 Patres
2219 3305 2424 3352 significant

1369 3354 1510 3392 Veteris
1521 3356 1756 3403 Testamenti,
1766 3361 1827 3405 qui
1841 3361 2057 3409 Decalogum
2070 3363 2159 3411 legis
2174 3366 2327 3412 pleniter
2344 3379 2422 3406 ser-

1378 3424 1558 3463 taverunt,
1577 3418 1784 3467 Christique
1798 3421 2085 3461 incarnationem
2100 3427 2232 3464 ibidem
2250 3430 2421 3478 praefigu-

1372 3483 1489 3514 ratam
1507 3489 1587 3516 esse
1601 3489 1855 3528 cognoverunt.
1874 3483 1948 3521 Hos
1965 3486 2011 3521 ad
2031 3496 2070 3523 se
2088 3487 2183 3525 Booz
2198 3494 2322 3526 noster
2332 3500 2420 3538 pro-

1372 3540 1528 3583 vocavit,
1545 3550 1627 3577 cum
1640 3542 1708 3579 sibi
1725 3548 1836 3580 testes
1851 3544 2024 3583 adventus
2038 3548 2092 3584 sui
2108 3549 2276 3587 adhibere
2287 3549 2417 3597 voluit,

1372 3600 1660 3647 conveniensque
1687 3602 1913 3650 legisperitos
1942 3611 2083 3652 partem
2108 3608 2186 3655 agri
2211 3607 2337 3646 Noemi
2369 3609 2419 3650 ad

1370 3660 1559 3696 emendum
1575 3661 1714 3704 obtulit,
1734 3673 1815 3699 cum
1834 3665 1949 3710 plebis
1963 3672 2118 3713 partem,
2142 3678 2224 3714 quae
2244 3671 2419 3717 tempori-

1368 3719 1437 3758 bus
1453 3721 1660 3768 apparentis
1677 3721 1755 3769 iam
1784 3726 1908 3772 gratiae
1926 3727 2114 3775 remansit,
2141 3728 2194 3776 ad,
2216 3731 2417 3774 sanandam

2490 526 2491 531 Α
2486 438 2502 512 ..αξι-
2484 367 2501 430 ὡ».-

2535 796 2540 803 .
2535 760 2540 777 -
2535 634 2540 748 ———
2526 261 2540 614 —a—m-“fflfl——fln‘
