2540 4016
73 153 144 192 545

675 147 1013 188 EXPOSITIONES
1034 149 1080 187 ΙΝ
1105 149 1370 189 LEvl'rlcUM.
1393 168 1441 176 —
1465 151 1550 188 ΠΒ.
1578 153 1651 190 vn.
1707 190 1711 193 .

2170 162 2247 200 546.

74 229 185 276 trater
207 231 288 262 tuus
300 252 310 270 ‚
333 236 403 262 non
415 236 494 262 eum
511 225 685 272 opprimes
703 225 869 260 servitute
890 224 1121 270 ramulorum,
1139 226 1175 267 A
1190 225 1254 262 bet
1266 230 1304 262 et
1318 225 1482 272 operari,
1499 225 1537 260 id
1557 231 1632 268 est,
1665 227 1712 262 ad
1726 231 1870 264 nostras
1887 230 2157 276 exhortationes
2178 250 2240 277 re-

71 286 132 322 sed
145 287 246 333 quasi
255 286 493 322 mercenarius
503 290 536 322 et
549 284 691 321 colonus
705 286 794 328 erit,·
810 295 918 331 usque
927 284 973 320 ad
989 295 1122 320 annum

71 347 253 392 pubiloeum
280 347 479 394 operabitur
509 347 604 394 apud
632 353 664 382 te
680 374 690 391 ,
722 353 755 382 et
780 352 899 393 postea
927 346 1123 393 eqredietur

71 418 150 442 cum
173 407 291 444 liberis
309 408 396 452 suis,
414 413 447 444 et
472 413 660 444 revertetur
675 407 720 443 ad
737 407 977 454 cognationem
998 417 1099 442 suam
1110 433 1121 450 ,

71 473 104 502 et
128 468 173 503 ad
202 468 452 515 possessionem
477 475 616 515 patrum
639 479 804 512 suorum,
832 468 900 504 mei
924 468 1016 503 enim
1033 467 1122 503 servi

72 534 163 569 sunt,
193 534 226 563 et
247 540 308 575 eqo
328 528 433 564 eduxi
452 539 509 564 eos
527 528 569 564 de
587 535 682 564 terra
700 527 861 575 AEqypti.
887 527 970 564 Non
985 529 1123 564 veniant

71 587 268 623 conditione
292 600 470 624 servorum
483 601 497 633 ;
516 601 557 625 ne
581 590 712 637 affliqas
730 600 809 624 eum
831 600 892 636 per
916 590 1120 636 potentiam,

71 651 130 682 sed
163 649 305 683 metuito
327 649 439 684 Deum
470 658 581 686 tuum.
612 650 723 686 Multa
750 650 872 686 littera
892 651 969 696 ipsa
990 651 1123 696 pietate

71 707 173 753 plena
210 713 284 751 est;
320 709 383 744 sed
416 710 529 746 multo
561 721 677 757 magis
703 711 875 757 spiritalis
906 710 1122 746 intellectus.

70 771 250 814 Quantum
265 771 365 806 enim
384 771 532 808 libertas
548 774 678 809 animae
695 774 824 809 melior
838 777 893 808 est
909 783 928 807 a
954 771 1123 807 libertate

70 831 245 877 corporis,
268 836 408 867 tantum
425 833 597 878 spiritalis
618 833 875 879 contemplatio
890 833 947 868 his
966 831 1027 877 qui
1045 831 1123 878 ejus

69 896 220 937 possunt
238 891 376 929 fructus
399 894 584 939 percipere
614 894 766 930 clariora
793 894 903 929 donat
930 903 1037 938 quam
1059 892 1122 927 lit-

69 957 162 995 tera,
191 952 276 998 quia
299 952 420 989 littera
451 954 596 998 quidem
625 953 829 988 nullatenus
860 963 927 989 nos
955 953 1013 988 his
1042 963 1122 998 quae

69 1011 241 1048 tratribus
266 1013 437 1048 eveniunt
454 1013 553 1048 abuti
578 1012 665 1056 vult,
694 1013 730 1048 id
755 1018 832 1056 est,
857 1013 1118 1057 confidelibus3

68 1073 129 1107 sed
152 1071 207 1107 vel
229 1071 259 1106 si
279 1071 358 1116 quis
379 1081 505 1106 eorum
532 1071 635 1108 nobis
659 1072 826 1109 venditus
849 1073 970 1116 suerit,
994 1084 1014 1109 a
1033 1084 1123 1120 qua-

1193 285 1368 332 gulasque
1393 285 1490 328 vitae,
1506 289 1542 320 et
1560 285 1740 330 exempla,
1761 296 1843 332 quae
1860 297 1882 322 a
1900 289 2004 326 nohis
2022 299 2241 343 susceperit;

1192 356 1274 392 spes
1289 352 1412 383 tamen
1442 352 1499 384 est
1513 355 1597 383 eum
1616 347 1662 384 ad
1690 356 1795 383 suam
1811 357 2000 385 recurrere
2019 352 2242 403 dignitatem,

1191 408 1335 453 quando
1366 409 1545 456 integram
1568 414 1605 446 et
1622 409 1819 456 perfectam
1847 411 1963 457 egerit
1981 413 2243 458 poenitentiam.

1191 467 1268 504 Hoc
1284 468 1380 504 enim
1400 469 1638 506 manifestans
1652 470 1838 517 legislator
1852 472 2011 508 subdidit
2035 485 2044 508 :
2069 472 2185 521 Usque
2200 478 2244 512 ad

1192 540 1324 565 annum
1341 529 1527 576 jubitaeum
1549 530 1753 577 operabitur
1777 531 1873 578 apud
1898 537 1943 567 te.
1963 531 2055 576 Quia
2070 540 2153 580 post
2168 546 2250 582 per·

1192 590 1325 627 sectam
1357 592 1631 638 poenitentiam,
1673 592 1768 630 sicut
1806 593 1944 640 integre
1986 595 2180 632 mundatus
2216 603 2254 634 et

1191 658 1382 699 propterea
1413 653 1596 700 perfectus
1623 654 1767 700 operari
1801 659 1838 691 et
1866 656 1962 702 apud
1986 666 2026 692 se
2054 662 2186 703 potest,
2216 663 2254 695 et

1192 718 1318 758 postea
1335 715 1553 760 egredietur,
1574 715 1666 751 sicut
1686 715 1788 750 aiunt
1808 714 2056 763 Septuaginta,
2076 717 2114 752 in
2131 719 2254 753 remis-

1192 773 1302 818 sione,
1319 786 1398 810 cum
1412 774 1529 811 liberis
1546 775 1619 811 suis
1629 787 1643 819 ;
1660 785 1732 812 non
1751 776 1848 812 solus
1864 777 1961 812 enim
1977 777 2054 822 ipse
2072 777 2163 813 liber
2178 778 2253 814 effi-

1192 834 1297 876 citur,
1320 835 1382 870 sed
1400 841 1434 870 et
1448 846 1528 882 quae
1546 837 1590 872 ab
1608 846 1651 872 eo
1667 837 1797 883 genitae
1817 836 1961 872 fuerant
1980 836 2133 874 virtutes
2152 843 2253 875 ante-

1192 902 1300 938 quam
1316 896 1382 931 sub
1392 897 1635 932 venditionem
1647 897 1786 943 peccati
1802 897 2040 944 redigeretur.
2058 898 2254 945 Propterea

1192 958 1225 987 et
1248 961 1437 990 revertetur
1457 956 1503 990 ad
1523 957 1764 1002 cognationem
1783 967 1886 992 suam
1899 985 1909 1001 ,
1937 964 1969 994 et
1993 959 2039 994 ad
2063 961 2256 1004 possessio·

1193 1022 1271 1046 nem
1304 1020 1446 1058 patrum
1471 1026 1638 1057 suorum,
1669 1017 1848 1062 recipiens
1875 1019 2163 1056 conversationis
2181 1031 2256 1056 sor-

1195 1076 1286 1115 tem,
1302 1078 1339 1107 et
1352 1079 1493 1118 partem
1506 1075 1644 1120 gratiae,
1662 1086 1742 1121 quae
1756 1077 1801 1112 ab
1812 1077 1916 1113 initio
1931 1084 2027 1114 sorte
2044 1086 2257 1126 perceperat

68 1130 154 1166 libet
178 1130 394 1166 humilitatis
415 1132 644 1176 necessitate,
663 1132 866 1169 nullatenus
882 1134 927 1169 ab
945 1143 988 1170 eo
1009 1135 1124 1170 servi-
1143 1127 1176 1167 B
1194 1142 1215 1167 a
1232 1132 1320 1176 Deo,
1340 1133 1401 1178 qui
1422 1134 1567 1180 proprie
1586 1143 1711 1173 noster
1729 1143 1834 1182 pater
1854 1144 1923 1182 est,
1942 1140 1986 1175 de
2003 1150 2074 1185 quo
2094 1142 2147 1177 ait
2158 1141 2255 1178 Pau-

70 1190 157 1226 tium
174 1191 270 1226 servi
285 1191 484 1237 exigamus.
508 1192 620 1236 Quem
641 1193 737 1228 enim
757 1194 868 1229 semel
888 1193 1037 1229 fratrem
1059 1205 1124 1240 per

67 1252 296 1296 adoptionem
326 1251 462 1288 Christi
497 1253 709 1298 habuimus,
740 1256 920 1300 quomodo
954 1257 1124 1303 deinceps

66 1321 211 1347 servum
232 1321 335 1347 suum
360 1312 596 1348 habebimus?
619 1314 720 1350 Unde
745 1319 781 1350 et
805 1315 937 1352 Paulus
962 1317 1124 1354 scribens

68 1370 111 1406 de
145 1371 313 1409 Onesimo
347 1373 393 1408 ad
423 1372 673 1410 Philemonem
707 1375 850 1411 dicebat
886 1388 893 1411 :
933 1376 1124 1422 Propterea

67 1434 206 1468 recessit
224 1434 269 1469 ad
292 1434 430 1477 horam,
448 1441 486 1469 ut
507 1441 677 1470 (eternum
697 1437 880 1482 reciperes,
905 1448 975 1472 non
987 1439 1066 1483 J’am
1086 1444 1124 1472 ut

67 1504 218 1536 servum,
238 1494 297 1528 sed
322 1505 384 1540 pro
406 1506 504 1530 servo
526 1495 670 1540 fratrem
695 1497 954 1540 charissimum,
972 1498 1125 1533 maxime

67 1557 172 1600 mihi,
198 1563 328 1603 quanto
349 1559 460 1604 ntaqis
485 1565 601 1593 autem
629 1560 689 1594 tibi
707 1566 737 1594 et
759 1560 795 1595 in
819 1571 922 1595 carne
945 1566 978 1595 et
995 1561 1032 1595 in
1052 1561 1126 1596 Do-

67 1616 174 1651 mino.
197 1617 241 1652 Et
263 1628 414 1653 rursus:
438 1617 506 1660 Qui
525 1624 640 1654 autem
660 1619 780 1664 fideles
802 1620 930 1655 habent
950 1620 1122 1665 dominos,

67 1688 136 1713 non
158 1678 350 1724 despiciant
368 1679 450 1726 quia
473 1680 600 1725 fratres
619 1687 700 1715 sunt
723 1680 759 1727 (Ι
782 1681 871 1716 Tim.
890 1681 955 1727 vl).
977 1682 1126 1728 Insuper

68 1741 189 1772 autem
210 1743 247 1773 et
274 1737 430 1783 Spiritus
462 1740 634 1784 praecepit
653 1741 761 1775 etiam
778 1741 873 1776 aliud
895 1742 1038 1787 quando
1061 1742 1126 1777 ali-

67 1808 175 1844 quem
197 1799 349 1835 fratrum
383 1805 419 1835 et
442 1801 616 1846 aequalem
646 1802 750 1837 nobis
769 1803 958 1838 vocatione
978 1808 1014 1838 et
1036 1813 1125 1838 con-

66 1860 270 1895 versatione
295 1859 479 1895 venditum
498 1887 508 1903 ,
538 1861 767 1896 humiliatum
798 1867 920 1898 tamen
947 1863 984 1897 in
1013 1863 1126 1898 virtu-

70 1919 182 1961 tibus,
203 1919 240 1954 id
267 1924 335 1963 est,
358 1919 579 1955 infirmatum
600 1921 960 1967 deprehenderimus,
977 1928 1013 1958 et
1030 1923 1126 1959 hunc

70 1981 354 2017 converterimus
378 1983 666 2027 correptionibus
690 1985 925 2021 exhortantes
942 2012 950 2028 ,
972 1985 1125 2021 nullate-

1193 1191 1249 1228 lus
1274 1204 1282 1226 :
1311 1191 1404 1235 Quia
1422 1201 1538 1229 autem
1561 1195 1642 1231 estis
1659 1195 1740 1241 filii,
1766 1199 1862 1233 misit
1889 1198 2061 1236 Dominus
2084 1200 2256 1248 Spiritum

1194 1251 1283 1287 Filii
1311 1253 1367 1288 sui
1387 1253 1424 1289 in
1441 1255 1604 1291 cordibus
1631 1258 1753 1292 vestris
1774 1258 2004 1304 clamantem,
2027 1260 2125 1297 Abba
2146 1261 2257 1298 Pater

1195 1312 1329 1359 (Galat.
1346 1313 1410 1360 ιν).
1431 1314 1504 1350 Cur
1527 1321 1647 1352 autem
1666 1317 1743 1352 haec
1758 1319 1926 1355 sanciens
1951 1320 2046 1357 Deus
2060 1327 2157 1358 tanta
2178 1324 2255 1369 pie-

1195 1377 1268 1408 tate
1283 1378 1420 1417 utatur,
1439 1374 1515 1419 ipse
1531 1375 1621 1420 legis
1637 1377 1899 1414 demonstravit
1913 1380 2033 1416 verbis
2049 1393 2057 1415 ε
2073 1381 2146 1416 Mei
2165 1383 2257 1417 enim

1195 1433 1284 1467 servi
1312 1439 1408 1477 sunt,
1441 1440 1473 1469 et
1501 1446 1562 1481 eqo
1586 1436 1693 1471 eduxi
1718 1448 1776 1472 eos
1810 1437 1852 1473 de
1876 1445 1970 1475 terra
2003 1440 2163 1487 AEqypti.
2211 1442 2258 1478 Ut

1195 1502 1282 1538 ergo
1303 1494 1365 1539 qui
1384 1495 1497 1531 semel
1519 1495 1596 1541 ejus
1612 1496 1698 1533 facti
1724 1503 1807 1534 sunt
1826 1500 1936 1543 servi,
1953 1505 1990 1536 et
2015 1510 2081 1546 per
2100 1503 2255 1538 eumin-

1195 1551 1371 1598 telligibili
1387 1555 1561 1591 servitute
1576 1556 1724 1603 AEgypti
1743 1566 1956 1603 caruerunt,
1974 1562 2068 1596 hanc
2091 1572 2153 1599 eos
2175 1574 2259 1609 per-

1196 1611 1281 1648 dere
1298 1613 1510 1659 dignitatem
1530 1626 1603 1651 non
1617 1617 1707 1661 vult,
1730 1628 1797 1654 nec
1815 1620 1898 1664 quia
1914 1621 1959 1655 ad
1978 1622 2162 1657 modicum
2177 1625 2257 1668 quis

1194 1671 1316 1718 lapsus
1331 1681 1400 1718 est,
1419 1682 1610 1721 propterca
1631 1688 1713 1714 eum
1734 1679 1770 1714 in
1784 1686 1998 1725 perpetuum
2018 1683 2170 1727 perdere
2190 1694 2253 1719 an-

1195 1734 1334 1779 tiquam
1359 1735 1572 1782 dignitatem
1597 1739 1791 1783 desiderat,
1823 1741 1975 1787 ideoque
2000 1742 2050 1778 ait
2071 1753 2081 1778 :
2104 1743 2188 1779 Non
2210 1756 2261 1780 ve-

1195 1801 1301 1829 neant
1331 1796 1530 1832 conditione
1565 1810 1757 1834 servorum.
1797 1799 1938 1836 Similia
1971 1802 2094 1839 dicens
2115 1803 2257 1841 Paulo:

1195 1853 1316 1891 Pretio
1332 1858 1435 1903 empti
1456 1859 1537 1894 estis
1562 1869 1574 1893 .·
1591 1860 1698 1896 nolite
1718 1862 1797 1907 fieri
1816 1864 1906 1898 servi
1922 1863 2102 1899 hominum
2122 1865 2157 1912 (Ι
2173 1865 2256 1901 Cor.

1195 1915 1261 1961 1x).
1282 1916 1353 1952 Sed
1367 1924 1402 1953 et
1424 1918 1493 1954 1100
1519 1920 1656 1956 addidit
1677 1933 1684 1956 ε
1709 1922 1762 1958 Νο
1790 1923 1925 1970 affligas
1947 1935 2029 1960 eum
2044 1936 2108 1971 per
2131 1932 2259 1973 poten-

1195 1977 1298 2021 tiam,
1312 1978 1375 2014 sed
1390 1980 1542 2016 metuito
1552 1982 1666 2017 Deum
1680 1988 1795 2019 tuum.
1807 1985 1958 2030 Oportet
1968 1987 2064 2027 enim
2076 1989 2259 2024 moderari

68 2051 136 2077 nus
158 2051 201 2077 ρο
229 2041 349 2085 ahufi3
375 2043 438 2078 sed
458 2047 498 2078 un,
516 2043 677 2079 modeste
696 2050 732 2079 et
761 2045 948 2081 humiliter
976 2047 1021 2082 ad
1043 2056 1125 2082 eum
1146 2039 1174 2080 C
1196 2048 1262 2074 nos
1283 2038 1410 2085 jugum
1429 2044 1731 2088 convertentium,
1750 2051 1786 2082 et
1804 2047 1929 2083 timere
1947 2048 2061 2083 Deum
2080 2056 2258 2094 nostrum,

69 2102 294 2138 accedamus.
322 2102 475 2148 Propter
492 2103 587 2148 quod
604 2109 640 2138 et
652 2103 687 2138 in
705 2105 825 2141 ‘verbis
845 2105 932 2151 ipsis
950 2106 1096 2143 intende
1114 2119 1122 2142 z

69 2160 110 2197 Si
123 2168 325 2208 paupertate
340 2162 539 2208 compulsus
555 2163 749 2199 vendiderit
767 2177 802 2200 se
822 2165 884 2200 tibi
902 2166 1012 2212 frater
1027 2174 1124 2211 tuus,

70 2234 138 2258 non
166 2234 243 2258 eum
272 2223 442 2269 opprimes
473 2225 636 2260 servitute
667 2225 895 2270 famulorum,
930 2228 990 2262 sed
1025 2229 1128 2274 quasi

69 2284 304 2318 mercenarius
334 2290 367 2318 et
399 2283 541 2320 colonus
566 2285 642 2321 erit.
673 2285 764 2329 Quia
780 2296 974 2333 paupertas
998 2289 1126 2324 animae

70 2350 125 2379 est
153 2344 346 2380 infirmitas
383 2346 717 2391 consequendarum
750 2347 939 2383 virtutum.
975 2347 1011 2383 Si
1035 2358 1128 2395 <ergo

70 2404 134 2439 tibi
163 2404 259 2440 fideli
280 2410 315 2440 et
340 2405 473 2442 colenti
497 2406 624 2451 Deum,
665 2408 873 2444 humiliatus
900 2409 1014 2445 frater
1042 2420 1135 2446 ven«.

72 2466 167 2502 ditus
187 2466 307 2509 suerit,
336 2468 622 2515 redemptionem
648 2474 684 2505 et
715 2471 873 2516 pretium
891 2472 1020 2506 animae
1038 2471 1128 2515 ejus,

71 2531 171 2562 tuam
204 2526 404 2563 doctrinam
443 2534 480 2564 et
517 2530 807 2566 exhortationem
842 2531 1056 2576 suscipiens,
1095 2535 1132 2566 et

73 2588 373 2633 quemadmodum
390 2599 495 2623 suum
515 2590 700 2625 dominum
718 2591 943 2633 existimans,
964 2601 1035 2625 11011
1055 2600 1131 2626 ser-

72 2647 147 2683 viat
175 2647 238 2682 tihi
257 2647 428 2682 servitute
452 2649 567 2691 servi,
602 2650 665 2684 sed
691 2650 864 2685 subdetur
883 2650 1042 2695 quidem,
1069 2661 1131 2687 ve-

72 2714 276 2744 rumtamen
292 2708 458 2745 libertate
477 2709 535 2743 illa
555 2710 598 2745 de
615 2720 686 2755 qua
704 2710 755 2746 ait
771 2710 902 2747 Paulus
926 2723 934 2746 ε
955 2712 1131 2748 Libertate

72 2779 141 2816 qua
156 2767 314 2803 liberavit
338 2780 400 2804 nos
419 2768 578 2805 Christus
599 2769 730 2816 (Galat.
753 2771 803 2818 v).
826 2771 992 2809 invenies
1010 2781 1130 2810 autem

73 2828 157 2864 alibi
176 2829 342 2864 eumdem
359 2839 503 2865 rursum
513 2830 731 2866 scribentem
751 2841 760 2866 :
778 2830 897 2867 Pretio
912 2835 1016 2879 empti
1035 2835 1128 2878 estis,

74 2889 180 2924 nolite
198 2890 276 2934 fieri
304 2891 391 2925 servi
417 2890 596 2925 hominum
616 2891 650 2936 (Ι
667 2890 748 2928 Gor.
772 2893 840 2939 tx).
866 2893 1017 2940 Propter
1034 2895 1130 2942 quod

1197 2100 1258 2146 qui
1277 2101 1368 2137 dixit
1389 2114 1396 2136 z
1419 2102 1464 2138 In
1481 2114 1547 2149 quo
1566 2104 1703 2149 judicio
1720 2106 1966 2151 judicaveritis
1982 2108 2257 2153 judicabimini,

1196 2166 1227 2195 et
1259 2162 1295 2196 in
1322 2173 1392 2208 qua
1417 2174 1581 2200 mensura
1608 2166 1719 2201 mensi
1744 2166 1884 2211 fueritis
1900 2194 1911 2211 ,
1939 2168 2142 2204 remetietur
2167 2170 2261 2205 vobis

1198 2221 1327 2268 (Marc.
1344 2223 1409 2272 tv).

1605 2286 1757 2324 CAPUT
1793 2289 1855 2324 lx.

1201 2357 1299 2393 Servi
1319 2364 1350 2393 et
1375 2359 1514 2395 ancillae
1536 2360 1579 2396 de
1598 2361 1679 2397 aliis
1697 2362 1894 2398 nationibus
1919 2363 2000 2407 sint,
2027 2375 2098 2400 non
2115 2376 2157 2401 ex
2175 2365 2260 2410 filiis

1668 2408 1796 2443 Israel.

1248 2466 1366 2514 (lam.)
1394 2466 1521 2503 Servus
1554 2474 1587 2503 ct
1612 2469 1742 2505 ancilla
1766 2471 1834 2506 sint
1866 2472 1960 2507 vobis
1991 2474 2034 2508 de
2063 2474 2261 2511 nationibus

1202 2540 1279 2575 (lum
1299 2529 1336 2563 in
1356 2530 1504 2563 circuitu
1521 2535 1633 2564 vestro
1655 2537 1750 2573 sunt,
1768 2537 1799 2566 et
1817 2531 1859 2566 de
1881 2533 2022 2568 advenis
2036 2535 2095 2579 qui
2109 2535 2262 2580 pereqri-

1201 2595 1329 2624 uantur
1353 2590 1446 2635 apud
1471 2601 1541 2633 2¹08,
1568 2590 1618 2625 vet
1645 2592 1703 2637 qui
1722 2602 1763 2626 ea:
1783 2592 1836 2626 liis
1854 2593 1926 2627 nati
1942 2594 2086 2638 suerint,
2113 2595 2150 2630 in
2168 2601 2262 2630 terra

1200 2655 1328 2690 vestra,
1356 2648 1523 2684 habebitis
1550 2649 1715 2695 famulos,
1743 2658 1775 2686 et
1804 2653 2027 2687 haereditario
2042 2653 2127 2698 jure
2146 2660 2262 2690 trans-

1201 2709 1341 2745 mittetis
1352 2710 1397 2744 ad
1411 2717 1567 2756 posteros
1584 2723 1624 2746 ac
1641 2712 1863 2757 possidebitis
1875 2714 1911 2748 in
1932 2719 2099 2750 a’ternum
2110 2729 2122 2758 ,·
2134 2716 2261 2761 fratres

1202 2776 1318 2805 autem
1343 2776 1472 2806 vestros
1503 2771 1596 2816 lilios
1620 2772 1735 2807 Israel
1761 2784 1802 2809 ne
1828 2776 2034 2820 opprimatis
2056 2788 2118 2822 per
2140 2785 2262 2823 poten-

1201 2831 1299 2866 tiam.
1316 2831 1448 2868 Gentes
1463 2842 1542 2878 quae
1556 2833 1593 2868 in
1608 2833 1762 2870 circuitu
1776 2840 1901 2872 nostro
1917 2841 2002 2872 sunt
2016 2848 2096 2883 quac
2108 2839 2262 2875 necdum

1202 2893 1447 2937 crediderunt,
1474 2905 1574 2940 spem
1612 2900 1732 2931 tamen
1767 2896 1850 2932 fidei
1887 2902 1924 2932 et
1957 2897 2082 2934 salutis
2113 2899 2261 2943 habent,

74 2951 124 2987 ait
147 2952 331 2998 legislator
358 2964 366 2988 z
395 2951 507 2995 Quasi
539 2954 773 2989 mercenarius
809 2961 840 2990 et
878 2956 1020 2992 colonus
1050 2959 1129 3002 erit,
1150 2947 1184 2987 D
1202 2954 1287 3000 quia
1320 2955 1407 3000 ipsis
1436 2956 1586 2992 missum
1619 2956 1858 3003 Evangelium
1889 2963 1945 2994 est
1971 2971 1978 2993 :
2002 2959 2094 2995 sicut
2129 2959 2262 2996 Paulus

74 3011 132 3047 vel
152 3013 246 3048 sieut
260 3013 371 3056 Lxx,
394 3013 601 3060 inquilinus,
621 3015 704 3060 quia
724 3016 853 3052 horum
871 3023 1023 3065 uterque
1049 3020 1132 3056 sub-

69 3072 189 3119 jectus
214 3080 269 3109 est
300 3074 445 3119 quidem
467 3074 549 3110 huic
581 3074 683 3120 cujus
712 3076 859 3113 domum
903 3079 1055 3124 habitat,
1096 3086 1133 3117 et

74 3132 112 3168 in
134 3144 222 3178 agro
239 3138 419 3179 operatur,
441 3140 588 3181 propter
606 3142 868 3182 paupertatem,
897 3149 963 3175 nec
987 3140 1133 3176 domum

75 3196 273 3243 propriam,
306 3207 373 3233 nec
393 3207 520 3243 agrum
549 3197 702 3242 hahens,
736 3209 807 3236 non
839 3205 958 3236 tamen
986 3207 1134 3248 propter

76 3256 147 3294 hoc
165 3257 327 3293 aufertur
354 3258 534 3295 libertatis
559 3260 715 3306 dignitas
737 3273 745 3296 ε
766 3263 1068 3307 quemadmodum
1096 3269 1133 3300 et

79 3327 174 3362 eum,
195 3318 257 3364 qui
280 3329 344 3364 per
373 3329 440 3357 nos
459 3331 477 3356 a
498 3326 645 3367 peccato
670 3332 865 3360 conversus
884 3329 955 3368 est,
975 3330 1129 3371 oportet,

81 3377 111 3414 si
133 3384 217 3415 311ιο
241 3384 432 3425 peccatum
450 3380 565 3417 frater
583 3387 708 3418 noster
727 3384 926 3420 secundum
945 3385 1133 3431 3001131113-

82 3443 154 3474 tem
173 3440 296 3485 gratiae
317 3441 562 3488 honoremque
581 3445 865 3481 conversationis
886 3445 968 3490 suit,
993 3457 1077 3482 nam
1097 3452 1134 3483 et

82 3500 112 3536 si
136 3501 318 3547 propriam
339 3512 437 3539 nunc
456 3502 601 3540 domum
623 3504 786 3551 iustitiae,
812 3511 875 3542 aut
900 3515 1026 3552 agrum
1044 3515 1131 3551 pro-

83 3560 201 3606 prium
218 3563 364 3601 virtutis
386 3575 458 3602 non
474 3566 597 3611 hahet,
624 3577 707 3603 cum
723 3567 915 3613 aliquando
935 3566 1136 3609 habuisset,

86 3619 182 3656 unde
196 3632 270 3660 non
292 3624 384 3662 dixit
401 3626 647 3663 mercenarius
663 3632 736 3665 *aut
754 3626 918 3671 colonus,
947 3625 1006 3663 vel
1024 3625 1139 3672 inqui-

90 3681 186 3718 linus
211 3683 294 3728 etit,
313 3684 376 3722 sed
396 3687 498 3733 quasi
525 3689 763 3729 mercenarius
787 3693 820 3724 et
844 3686 989 3724 colonus
1016 3685 1067 3722 vel
1084 3685 1139 3722 in-

90 3740 245 3790 quitiam
268 3743 334 3788 ²15⁸
348 3745 424 3789 titi.
449 3745 491 3785 la
506 3749 654 3798 nostris,
665 3747 765 3790 enim
778 3748 947 3790 hahitare
964 3757 1055 3795 opus
1070 3747 1140 3787 ha-

1201 3015 1237 3050 in
1261 3014 1453 3052 Antiochia
1479 3018 1524 3054 ad
1543 3016 1687 3055 Judaeos
1708 3019 1851 3055 dicebat
1873 3032 1881 3055 t
1908 3020 1999 3056 Ecce
2028 3023 2262 3058 convertimur

1201 3076 1247 3111 ad
1262 3084 1390 3123 pentes,
1408 3079 1459 3113 sic
1476 3079 1566 3114 enim
1579 3081 1743 3126 proecepit
1758 3081 1855 3116 nobis
1865 3080 2038 3116 Dominus
2054 3082 2144 3128 (Act.
2164 3082 2259 3127 xiii),

1201 3137 1245 3173 de
1271 3138 1326 3174 his
1357 3140 1459 3175 nobis
1496 3141 1589 3175 servi
1613 3147 1649 3176 et
1670 3140 1807 3176 ancillae
1831 3141 2115 3186 conquirantur,
2143 3141 2178 3174 id
2199 3144 2255 3175 est

1202 3200 1261 3245 qui
1279 3209 1345 3245 per
1361 3201 1510 3237 verbum
1529 3202 1724 3244 docentur;
1744 3199 1838 3235 unde
1856 3205 1891 3234 et
1905 3209 1968 3235 0οε
1982 3199 2044 3244 qui
2057 3199 2261 3234 docuerunt

1206 3261 1370 3298 dominos
1400 3261 1603 3308 appellant,
1639 3261 1733 3307 quod
1758 3260 1983 3295 demonstrat
2012 3258 2049 3292 in
2070 3257 2259 3304 Philippis,

1204 3328 1327 3359 custos
1345 3323 1518 3365 carceris,
1543 3321 1603 3367 qui
1626 3321 1671 3356 ad
1693 3319 1841 3355 Paulum
1859 3324 1894 3354 et
1918 3317 2052 3363 Syllam
2084 3317 2228 3355 dicebat
2248 3330 2257 3355 ε

1204 3381 1362 3426 Domini,
1378 3383 1462 3429 quid
1482 3393 1535 3416 me
1550 3386 1684 3427 oportet
1705 3383 1821 3426 [acere
1840 3384 1878 3412 ut
1897 3377 2012 3412 salvus
2026 3377 2139 3422 fiam?
2164 3378 2258 3425 (Act.

1204 3443 1297 3490 xvi.)
1316 3442 1387 3478 Sed
1415 3447 1452 3477 et
1474 3441 1518 3476 de
1541 3439 1710 3481 advenis,
1734 3438 1811 3473 sive
1832 3443 1873 3472 ut
1903 3436 2151 3485 Septuaginta,
2173 3438 2259 3485 filiis

1204 3501 1458 3548 inquilinorum
1476 3501 1535 3546 qui
1559 3498 1825 3545 peregrinantur
1850 3498 1944 3544 apud
1967 3509 2044 3542 nos,
2070 3499 2261 3546 conquira-

1205 3572 1297 3598 mus.
1315 3559 1408 3596 Dicit
1428 3564 1545 3594 autem
1567 3557 1763 3604 inquilinos
1777 3557 1837 3593 hic
1853 3555 1996 3596 Judaeos
2011 3559 2073 3605 qui
2093 3560 2261 3597 habitant

1206 3622 1350 3669 quidem
1369 3621 1406 3656 in
1429 3619 1564 3655 lumine
1582 3623 1720 3662 nostro,
1740 3629 1813 3655 non
1832 3623 1955 3656 tamen
1969 3620 2003 3656 ei
2022 3620 2147 3657 volunt
2169 3630 2258 3658 ocu-

1207 3684 1261 3720 los
1276 3681 1408 3719 mentis
1425 3679 2258 3727 accommodare‚abscondentesejuslucemam

1206 3744 1274 3782 sub
1290 3741 1423 3782 modio.
1441 3740 1595 3789 Propter
1616 3740 1714 3790 quod
1737 3750 1810 3780 non
1827 3741 2041 3790 simpliciter
2063 3742 2256 3792 inquilinos
