2540 4016
645 171 846 180 ἡ

476 252 863 328 ΒΕΔΤῙ
913 251 1365 327 RABAN
1367 251 1415 325 1
1463 251 1879 327 MAURI

576 391 770 429 ABBATIS
793 356 1055 429 FULDENSIS
1080 391 1139 427 ET
1165 389 1424 428 MOGUNTINI
1448 388 1802 428 ARCHIEPISCOPI

333 513 1360 603 COMMENTARIORUM
1422 514 1534 598 IN
1599 512 2049 600 EXoDUM

791 673 933 714 LIBRI
962 672 1231 721 QUATUOR.
1265 672 1427 726 (ANNO
1455 672 1567 727 8314.)

973 844 1379 892 PRAEFATIO.

652 946 713 982 Ar)
737 945 1053 983 FRECULPHUM
1079 943 1412 982 LEXOVOENSEM
1439 944 1713 983 EP1SCOPUM.

135 1099 231 1135 Inter
259 1104 407 1136 caeteras
427 1099 633 1146 Scripturas
668 1110 758 1145 quas
776 1100 1045 1136 Pentateuchus
1060 1100 1150 1147 legis
1169 1103 1206 1143 A
1221 1104 1382 1146 sequente
1405 1108 1462 1133 eos
1477 1102 1576 1143 petra
1595 1107 1607 1132 .·
1630 1101 1728 1143 petra
1747 1101 1863 1132 autem
1881 1102 1956 1132 erat
1976 1095 2136 1134 Christus
2153 1098 2188 1146 (Ι
2203 1098 2286 1136 Cor.

89 1160 273 1204 continet,
306 1161 435 1196 merito
454 1160 545 1196 liber
579 1161 692 1197 Exodi
713 1162 868 1205 eminet,
899 1163 1026 1208 inquo
1059 1173 1150 1207 pene

89 1221 210 1256 omnia
226 1227 451 1257 sacramenta
472 1222 603 1267 quihus
619 1232 778 1268 praesens
805 1223 967 1259 Ecclesia
987 1223 1148 1259 institui-

92 1287 174 1324 tur,
214 1283 374 1318 nutritur
409 1288 445 1318 et
470 1283 619 1329 regitur,
655 1284 853 1330 figuraliter
885 1285 1148 1331 exprimuntur.

87 1342 178 1378 Nam
211 1344 259 1380 ibi
293 1355 357 1390 per
377 1345 602 1391 corporalem
622 1345 759 1380 exitum
792 1346 949 1381 liliorum
973 1346 1082 1383 lsrael
1107 1347 1151 1383 (le

87 1403 243 1451 AEgypto
267 1406 445 1450 terrestri,
471 1413 594 1442 noster
617 1406 735 1442 exitus
764 1407 807 1442 dc
839 1407 1015 1453 spirituali
1040 1407 1151 1455 AEgy-

87 1468 149 1509 pto
169 1464 462 1500 demonstratur:
484 1466 532 1501 ibi
553 1477 617 1512 per
638 1467 826 1502 transitum
848 1467 959 1503 maris
980 1467 1092 1503 Rubri
1114 1473 1151 1503 et

87 1522 287 1560 Pharaonis
314 1532 421 1571 atque
451 1526 704 1573 AEgyptiorum
745 1529 1045 1571 submersionem,
1083 1530 1148 1564 ba-

87 1586 212 1631 ptismi
240 1589 451 1634 mysterium
474 1596 511 1625 et
531 1591 770 1635 spiritualium
791 1591 948 1625 hostium
982 1592 1150 1627 interitus

87 1647 277 1694 figuratur.
314 1649 363 1684 lhi
385 1650 492 1695 typici
513 1651 592 1696 agni
623 1651 821 1686 immolatio
835 1679 844 1694 ,
866 1658 902 1687 et
919 1651 1068 1688 Paschae
1086 1663 1147 1689 ce-

86 1706 252 1752 lebratio,
289 1710 364 1745 veri
395 1709 487 1755 Agui
520 1711 726 1755 passionem
760 1723 802 1748 ac
823 1718 986 1748 nostram
1009 1716 1149 1750 redem-

86 1769 243 1813 ptionem
265 1769 462 1804 insinuant.
502 1770 553 1805 Ibi
573 1782 705 1806 manna
723 1773 767 1807 (le
798 1773 899 1808 coelis
918 1779 953 1809 et
975 1781 1079 1819 potus
1104 1777 1148 1812 de

85 1836 188 1876 petra
209 1831 327 1877 egenti
346 1832 477 1877 populo
506 1831 649 1875 dantur,
673 1838 711 1868 ut
733 1834 861 1869 doceat
879 1845 943 1870 nos
964 1836 1147 1872 coelestem

85 1901 211 1936 panem
230 1896 265 1928 et
282 1898 404 1938 potum
419 1893 500 1929 vitae
521 1894 741 1930 desiderare.
771 1895 821 1931 lbi
837 1901 1016 1941 praeccpta
1039 1902 1147 1943 atque

85 1951 214 1995 judicia
241 1953 370 1998 populo
391 1953 454 1988 Dei
481 1954 515 1988 in
536 1959 658 1990 monte
681 1955 885 1998 traduntur,
908 1961 948 1990 ut
964 1956 1146 1992 discamus

1223 1159 1274 1206 x).
1304 1159 1365 1194 Sic
1398 1156 1878 1203 etJoannesevangelista,
1914 1168 1995 1193 cum
2030 1158 2066 1193 in
2092 1158 2289 1206 Evangelio

1223 1231 1288 1258 suo
1304 1219 1529 1256 Dominicam
1548 1219 1752 1265 passionem
1776 1218 2020 1262 describeret,
2046 1220 2105 1255 ubi
2126 1220 2170 1256 ad
2186 1220 2287 1255 illum

1221 1282 1340 1318 locum
1376 1286 1588 1327 perventum
1622 1286 1705 1324 est,
1745 1291 1815 1327 quo
1839 1281 1876 1317 in
1912 1291 2020 1317 cruce
2054 1280 2287 1327 pendentium

1221 1342 1402 1377 latronum
1424 1352 1530 1377 crura
1552 1341 1822 1388 frangerentur,
1851 1343 1936 1378 hinc
1957 1343 2286 1379 testimonium-su-

1220 1414 1323 1439 mens
1344 1403 1395 1438 ait
1418 1416 1425 1438 ;
1454 1403 1508 1437 Ad
1531 1403 1652 1439 Jesum
1674 1409 1792 1438 autem
1818 1415 1896 1439 cum
1917 1405 2100 1447 venissent,
2135 1410 2171 1439 ut
2195 1404 2288 1438 vide-

1221 1471 1301 1499 runt
1334 1476 1412 1499 eum
1427 1465 1505 1509 jam
1539 1471 1716 1499 mortuum
1734 1493 1742 1508 ,
1772 1476 1843 1500 non
1863 1465 2040 1511 freycrunt
2062 1466 2138 1511 ejus
2167 1476 2287 1508 crura,

1219 1524 1279 1559 sed
1298 1535 1386 1559 unus
1405 1525 1556 1558 militum
1581 1524 1704 1560 lancea
1732 1524 1824 1560 latus
1849 1526 1923 1571 ejus
1953 1527 2103 1572 aperuit,
2127 1532 2157 1561 el
2179 1527 2289 1562 conti-

1220 1596 1288 1619 nuo
1310 1586 1416 1619 exivit
1452 1585 1598 1630 sanquis
1636 1591 1667 1619 et
1701 1597 1806 1631 aqua.
1840 1586 1885 1620 Et
1920 1586 2027 1631 paulo
2045 1592 2149 1632 post:
2173 1586 2288 1622 Facta

1219 1654 1312 1689 suut,
1334 1647 1466 1692 inquit,
1484 1648 1572 1690 lnrc,
1596 1652 1634 1682 rut
1655 1646 1838 1693 Scriptura
1867 1648 2099 1694 impleretur:
2140 1649 2188 1684 Os
2217 1660 2288 1684 non

1218 1710 1459 1744 comminuetis
1479 1721 1520 1745 ex
1534 1721 1586 1752 eo,
1610 1716 1679 1745 etc.
1702 1710 1953 1756 Quapropter,
1974 1711 2207 1747 dilectissime
2224 1722 2288 1747 an-

1218 1768 1371 1803 tistitum
1388 1768 1601 1814 Freculphe,
1622 1770 1764 1804 videtur
1784 1771 1871 1805 mihi
1887 1770 1993 1815 hujus
2013 1771 2095 1807 libri
2116 1782 2285 1808 neccssa-

1217 1831 1271 1866 ria
1302 1840 1382 1866 esse
1419 1831 1617 1873 meditatio,
1656 1831 1693 1866 in
1728 1841 1799 1877 quo
1834 1838 2143 1869 sacramentorum
2181 1839 2288 1879 atque

1217 1893 1476 1938 mysteriorum
1494 1894 1696 1929 coelestium
1718 1900 1819 1930 tanta
1836 1897 1891 1932 vis
1910 1898 2032 1933 existit
2049 1926 2058 1940 ,
2083 1904 2122 1934 ut
2140 1909 2212 1935 non
2229 1910 2287 1936 son

1219 1953 1292 1988 lum
1312 1953 1544 2000 evangelicis,
1578 1955 1641 1990 sed
1659 1955 1769 1991 etiam
1791 1956 1963 2003 legalibus
1985 1959 2029 1994 ad
2061 1959 2194 1996 Christi
2211 1969 2288 1996 cut>

85 2014 250 2058 supernis
268 2013 396 2059 subjici
417 2015 629 2061 disciplinis.
667 2016 718 2051 lbi
738 2018 959 2052 tabernaculi
978 2024 1145 2054 constru-
1164 2021 1195 2060 Β
1216 2021 1290 2050 tum
1307 2015 1461 2060 pleniter
1478 2015 1702 2052 instruamur
1718 2017 1986 2054 traditionibus.
2002 2019 2088 2055 Feci
2106 2021 2201 2055 enim
2218 2022 2287 2057 sic-

85 2075 155 2111 ctio
176 2081 283 2122 atque
302 2087 469 2113 vasorum
491 2076 567 2122 ejus
597 2079 703 2114 simul
721 2090 802 2114 cum
821 2079 918 2114 cultu
954 2086 990 2115 ct
1008 2080 1145 2116 sacrifi-

84 2136 149 2172 ciis
166 2137 243 2173 lieri
272 2138 439 2184 jubetur,
460 2144 500 2174 ut
520 2145 654 2175 sanctae
690 2140 860 2176 Ecclesiae
880 2140 1055 2177 mirabilis
1082 2153 1143 2178 or-

84 2202 204 2240 natus,
231 2204 268 2234 et
286 2199 524 2245 spiritualium
547 2201 806 2237 sacrificiorum
825 2203 915 2238 ritus
937 2203 972 2237 in
997 2203 1064 2238 hoe
1085 2203 1142 2238 in-

84 2258 260 2294 sinuetur.
302 2260 352 2295 lbi
388 2261 584 2306 spiritualis
615 2263 798 2299 unctionis
829 2269 863 2299 et
897 2265 1142 2311 thymiamatis

83 2319 315 2355 odoramenta
348 2321 589 2357 conficiuntur
603 2351 612 2366 ‚
648 2329 686 2358 ut
713 2325 948 2360 sanctificatio
984 2326 1144 2371 Spiritus

85 2379 199 2415 saneti
218 2384 253 2415 et
272 2381 476 2416 orationum
493 2393 679 2418 sacrarum
695 2385 907 2430 mysterium
926 2385 1031 2421 nobis
1045 2396 1144 2422 com-

83 2439 284 2474 mendetur.
320 2440 404 2476 Haec
423 2442 516 2477 enim
548 2443 667 2478 omnia
688 2454 759 2479 non
793 2445 907 2480 solum
929 2447 1141 2491 praeceden-

84 2498 173 2533 tium
192 2499 340 2535 Patrum
372 2502 477 2538 dictis
493 2503 542 2538 ita
569 2504 747 2549 explicata
769 2505 982 2548 invenimus,
1015 2516 1141 2541 verum

84 2557 242 2602 ipsorum
271 2562 517 2606 apostolorum
547 2564 740 2600 traditione
764 2576 806 2601 ac
828 2565 1028 2610 Scripturis
1062 2576 1142 2601 cer-

84 2618 224 2653 tissime
240 2622 479 2666 percepimus.
499 2623 589 2657 Nam
607 2624 739 2659 Paulus
759 2626 804 2659 ad
825 2625 1033 2661 Corinthios
1051 2627 1140 2661 scri-

83 2678 183 2721 bens,
207 2679 255 2714 ita
273 2681 322 2716 ait
340 2694 348 2716 ;
371 2682 464 2717 Nolo
478 2690 594 2718 (cutem
614 2696 671 2719 vos
689 2686 864 2730 ἰῃιῑονανε,
884 2687 1026 2731 fratres,
1047 2687 1140 2734 quod

82 2745 195 2784 patres
212 2741 320 2775 nostri
338 2752 454 2777 omnes
485 2743 547 2778 sub
582 2744 669 2779 nube
695 2745 852 2790 suerunt,
873 2752 903 2781 el
934 2758 1050 2782 omnes
1079 2759 1140 2793 per

81 2808 176 2832 mare
200 2799 414 2835 transierunt
431 2812 444 2843 ;
463 2808 495 2836 et
516 2813 632 2838 omnes
656 2806 691 2838 in
712 2804 832 2850 Moyse
857 2805 1022 2852 baptizati
1041 2814 1136 2851 sunl,

81 2858 116 2893 in
134 2859 221 2894 nube
251 2866 283 2895 et
301 2862 338 2896 in
359 2863 448 2897 mari
468 2872 480 2896 .·
515 2871 548 2898 et
576 2876 693 2900 omnes
718 2866 873 2901 eamdem
893 2878 1008 2902 escam
1035 2869 1139 2914 spiri-

1214 2081 1254 2110 ut
1288 2075 1323 2110 in
1346 2082 1407 2110 tua
1429 2076 1580 2121 epistola
1599 2077 1686 2111 mihi
1706 2077 1847 2124 jussisti
1870 2091 1877 2113 ε
1900 2086 1935 2114 et
1965 2079 2091 2126 collegi
2125 2081 2285 2126 undique

1214 2138 1259 2173 de
1278 2142 1484 2172 sanctorum
1503 2138 1652 2173 Patrum
1674 2139 1780 2175 dictis
1800 2140 1836 2175 in
1859 2151 1971 2176 unum
2005 2141 2190 2186 volumen,
2212 2143 2285 2178 sin-

1213 2199 1378 2245 gularum
1399 2200 1661 2235 sententiarum
1683 2200 1881 2237 solutiones
1899 2213 1908 2243 ;
1946 2207 1982 2238 et
2000 2202 2060 2237 ubi
2085 2203 2203 2239 minus
2220 2215 2282 2239 an-

1213 2260 1397 2304 tiquorum
1411 2260 1574 2295 invenire
1585 2261 1684 2305 potui
1704 2261 1998 2307 explanationes,
2021 2271 2165 2300 nostras
2180 2265 2284 2309 juxta

1212 2332 1338 2356 eorum
1358 2332 1486 2358 sensus
1506 2323 1796 2367 similitudinem,
1820 2331 1926 2370 prout
1946 2326 2065 2362 divina
2085 2327 2200 2373 gratia
2225 2338 2283 2363 me

1210 2393 1316 2429 posse
1342 2385 1548 2428 concessit,
1580 2385 1716 2421 inserui
1739 2388 1997 2432 expositiones
2037 2388 2137 2424 Unde
2158 2389 2283 2434 depre-

1211 2455 1274 2480 cor
1296 2451 1335 2481 ut
1357 2447 1386 2482 si
1405 2447 1612 2483 consectum
1639 2459 1729 2494 opus
1753 2449 1901 2495 dignum
1920 2450 2082 2493 duxeris,
2106 2457 2179 2485 tem
2211 2451 2282 2487 tuis

1212 2515 1320 2550 quam
1359 2506 1512 2542 aliorum
1546 2509 1762 2543 utilitatibus
1800 2509 1888 2544 illud
1922 2512 2200 2554 accommodes;
2246 2518 2281 2547 et

1211 2568 1452 2603 communiter
1473 2569 1673 2604 secundum
1694 2570 1886 2606 charitatis
1902 2572 2080 2617 regulam,
2101 2583 2181 2608 cum
2197 2583 2283 2618 pro-

1210 2628 1319 2662 ximis
1357 2628 1429 2663 tuis
1450 2629 1545 2663 utari
1577 2629 1672 2664 bono
1711 2630 1805 2674 quod
1842 2631 1906 2666 tibi
1940 2633 2105 2678 agnoscis
2129 2644 2279 2670 munere

1210 2688 1379 2723 collatum
1401 2698 1480 2724 esse
1498 2689 1631 2724 divino.
1666 2689 1717 2725 De
1735 2696 1867 2727 caetero
1889 2703 2032 2738 quoque
2051 2694 2204 2730 obsecro
2238 2700 2278 2730 ut

1208 2748 1443 2795 fragilitatem
1480 2760 1598 2785 meam
1624 2751 1851 2788 orationibus
1885 2753 2045 2798 adjuves,
2077 2755 2277 2801 deprecans

1210 2819 1402 2855 supernam
1443 2810 1671 2856 majestatem
1712 2818 1750 2848 ut
1775 2823 1834 2849 me
1866 2814 1901 2849 in
1936 2817 2126 2861 praesentis
2157 2817 2275 2863 pelagi

1209 2873 1424 2915 tempestate
1459 2870 1510 2905 ita
1533 2881 1596 2906 sua
1629 2873 1746 2919 gratia
1773 2875 1950 2921 gubernet
1977 2877 2133 2922 qualiter
2157 2879 2274 2914 mein

81 2918 206 2954 malem
228 2921 544 2967 manducaverunt,
566 2931 597 2960 et
616 2937 732 2962 omnes
750 2927 907 2962 eumdem
925 2935 1045 2974 potum
1061 2930 1134 2975 spi·
1154 2923 1184 2964 C
1205 2931 1375 2977 prresenti
1398 2932 1484 2975 vita,
1518 2932 1554 2967 in
1575 2943 1640 2969 suo
1661 2935 1812 2971 servitio
1841 2936 1967 2972 utilem
1983 2965 1992 2982 ,
2025 2944 2061 2974 et
2080 2939 2117 2974 in
2135 2938 2271 2981 sutura,

82 2979 241 3016 ritualem
257 2982 426 3019 biberunt.
452 2984 621 3022 Bibebanl
640 2994 756 3023 autem
786 2989 828 3024 de
845 2990 1022 3036 spirituali
1048 3001 1133 3026 con-

1207 2991 1386 3038 largitatis
1405 3003 1480 3028 suae
1496 3003 1564 3039 ope
1581 2995 1756 3030 concedat
1782 3006 1862 3033 esse
1881 2998 2040 3034 beatum.

1036 3148 1270 3190 INCIPIUN
1276 3151 1308 3190 T

517 3240 1215 3322 COMMENTARIA
1271 3249 1370 3326 IN
1427 3251 1858 3331 EXODUM.

902 3437 1107 3491 LIBER
1154 3439 1433 3493 PRIMUS.

79 3494 124 3561 «ζα,

87 3579 244 3644 :mg
421 3589 574 3629 mur
587 3592 781 3632 Pmuuu.

126 3756 467 3829 Hoffmann
482 3771 640 3830 &iorum
655 3774 783 3823 Israel,
802 3778 863 3826 qui
878 3779 1026 3826 inqu-esti
1040 3788 1122 3818 sunt

289 3823 476 3881 rmum.
501 3823 648 3878 cvm'

1197 3601 1393 3649 AEqyptum
1408 3613 1488 3638 cum
1503 3602 1629 3638 Jacob.
1660 3601 1800 3650 Singuli
1817 3615 1898 3642 cum
1924 3606 2085 3646 domibus
2104 3611 2179 3647 mie
2199 3611 2258 3650 in-

82 3633 311 3746 Q·
334 3661 450 3702 ’,ναι
475 3666 514 3703 5„
538 3666 747 3723 AEyynwm,
766 3675 799 3706 eg
826 3671 1030 3719 fatigatione
1057 3686 1127 3723 qua
1142 3674 1180 3714 D
1196 3663 1368 3698 troierunt
1387 3674 1399 3699 .·
1418 3662 1539 3700 Ruben
1550 3691 1560 3707 ‚
1597 3663 1740 3700 Simeon
1751 3692 1762 3709 ,
1797 3664 1894 3711 Levi,
1923 3667 2054 3713 Iudas,
2088 3669 2255 3720 Imenar,

35 3750 38 3758 ²
230 3739 234 3742 .
303 3710 478 3754 taxabam
493 3712 655 3760 AEqypm
666 3715 862 3754 Israelitas.
1197 3722 1358 3760 Zabulon
1372 3729 1405 3760 et
1419 3723 1622 3772 BenjamIn,
1633 3726 1713 3762 Dan
1730 3733 1764 3763 et
1777 3727 2020 3776 Neptunium,
2036 3731 2116 3770 Gau
2124 3739 2158 3771 et
2165 3735 2256 3773 Aser

1198 3783 1331 3832 (Exod.
1352 3783 1392 3833 ι).
1421 3784 1515 3831 Quid
1530 3795 1617 3834 ergo
1649 3786 1710 3824 isti
1741 3788 1911 3828 undecim
1940 3791 2004 3829 mii
2023 3791 2135 3833 Jacob
2151 3820 2164 3840 ,
2188 3795 2252 3844 qui

1934 3851 1956 3892 1
