2540 4016
0 171 2 175 -
46 156 94 194 ss
691 148 1028 189 counnnrAmA
1052 148 1100 187 ιΝ
1124 122 1335 188 Exoonu.
1365 170 1414 178 -
1437 151 1528 189 mn.
1553 152 1583 188 1.
2178 156 2228 193 ει,

48 237 178 277 simam
209 234 416 272 facultatem
434 241 543 279 quam
561 230 710 266 daturus
733 233 830 272 erat,
861 234 900 265 et
926 238 992 275 per
1007 227 1098 264 duos
1116 229 1151 268 A
1169 237 1250 263 rare
1281 237 1367 274 ergo
1390 227 1565 264 Dominus
1589 227 1816 265 Pharaonem
1851 230 1997 276 dicitur,
2029 244 2102 271 non
2130 235 2229 282 quod

49 301 107 349 agi
125 299 282 336 voluisse
297 297 392 344 quod
410 299 447 332 et
462 303 528 340 per
548 296 801 346 unum-posset
819 290 849 327 si
869 290 1095 327 credidisset.

49 362 318 401 Verumtamen,
336 357 462 393 eadem
480 354 592 390 verba
609 353 731 389 omnia
755 352 965 398 diligentius
979 351 1099 388 consi-

49 422 187 464 derata,
196 430 268 456 non
285 415 488 463 significant
504 416 636 450 iratum
650 414 842 450 Dominum
858 423 924 458 pro
940 412 1100 448 vindicta

50 484 191 520 dedisse
215 479 348 515 Aaron.
384 476 444 513 Sic
480 476 576 512 enim
594 475 708 511 dicit:
729 474 856 510 Nonne
883 485 959 510 ecce
979 474 1099 509 Aaron

49 543 159 589 frater
177 546 256 576 tuus
277 538 425 580 Levites,
456 539 528 573 scio
555 538 637 583 quia
657 535 818 582 eloquens
844 541 919 579 est,
939 534 1100 581 loquetur

47 604 121 651 ipse
136 602 153 637 ?
170 599 307 644 Quibus
332 598 451 634 verbis
479 597 681 633 ostenditur
702 597 796 632 Deus
816 596 1022 642 increpasse
1037 605 1100 641 po-

49 666 119 701 tius
137 673 219 699 eum
235 662 296 708 qui
314 661 458 697 timeret
477 661 544 702 ire,
564 660 660 706 quod
676 660 752 705 ipse
773 665 868 695 esset
888 659 1006 695 minus
1025 659 1101 694 ido-

46 733 148 766 neus,
169 732 250 758 cum
275 722 425 757 baberet
444 720 594 756 fratrem
618 730 682 765 per
700 730 806 765 quem
832 725 953 765 posset
969 719 1014 755 ad
1033 729 1100 764 po-

44 783 170 829 pulum
191 782 288 827 loqui
305 781 399 827 qnod
419 781 544 820 vellet:
566 781 746 826 quomodo
764 785 840 815 erat
862 780 936 825 ipse
957 779 1102 825 gracilis

43 843 145 879 vocis
169 847 204 878 et
232 842 363 888 linguae
385 841 554 876 tardioris
569 867 578 883 ‚
615 850 821 885 quanquam
840 840 882 875 de
897 841 970 875 Deo
986 846 1102 875 totum

45 914 192 949 sperare
212 903 372 938 deberet.
393 902 528 938 Deinde
546 901 671 936 eadem
688 901 764 945 ipsa
784 911 864 946 quae
888 901 995 946 paulo
1018 907 1102 938 ante

45 965 280 1010 promiserat;
311 968 347 998 et
378 968 611 1008 posteaquam
640 963 753 997 iratus
769 967 845 1005 est,
868 962 969 997 dicit.
997 963 1103 998 Dixe-

46 1032 102 1060 rat
119 1026 215 1061 enim
228 1037 236 1059 ε
248 1025 323 1070 qu
334 1035 392 1059 ero
411 1024 516 1058 inore
531 1030 614 1058 tuo:
628 1022 865 1069 doceboquete
881 1023 963 1069 quid
980 1021 1103 1069 loqua-

45 1088 116 1129 ris,·
135 1088 211 1123 sive
230 1086 324 1122 utin
349 1086 429 1121 aliis
446 1085 713 1130 exemplaribus
738 1084 998 1130 habetur,qu
1021 1095 1101 1130 ape-

1167 290 1243 336 ipse
1256 301 1339 326 enm
1357 290 1558 326 durabilem
1574 295 1611 326 et
1627 290 1891 327 inobedientem
1910 292 2032 337 faciat,
2053 297 2117 332 sed
2133 298 2231 344 quod

1168 350 1372 386 induratum
1402 360 1450 386 ne
1479 360 1562 386 eum
1594 351 1764 397 corrigat,
1787 349 1888 395 iusto
1916 351 2052 398 judicio
2071 355 2228 394 derelin-

1167 417 1267 459 quat.
1285 411 1475 457 Sequitur:
1493 412 1662 459 Dicesque
1672 413 1717 448 ad
1733 424 1826 457 eum,
1838 412 1873 448 H
1876 424 1925 450 oec
1934 413 2018 450 dicit
2031 414 2203 453 Dominus
2216 430 2227 454 .-

1168 474 1284 511 Filius
1305 487 1401 518 meus
1431 477 1684 523 primogenitus
1701 477 1831 513 Israel.
1866 478 1952 514 Dixi
1979 477 2042 514 tibi
2057 487 2069 512 .·
2085 477 2230 514 Dimitte

1167 535 1279 581 filium
1309 547 1424 571 meum
1452 542 1491 572 ut
1522 538 1651 572 serviat
1681 538 1767 574 milti
1791 551 1802 575 .-
1830 544 1864 574 et
1890 538 2033 575 noluisti
2061 538 2233 575 dimittere

1167 608 1258 633 eum.
1282 597 1373 632 Ecce
1391 608 1452 643 eqo
1472 598 1682 643 interficiam
1699 598 1812 644 filium
1833 605 1932 635 tuum
1946 600 2231 646 primoqenitum.

1167 658 1299 693 Filium
1321 657 1601 704 primogenitum
1619 659 1729 695 Israel
1749 666 1855 696 vocat
1872 672 1880 695 ε
1910 661 1995 706 quia
2020 660 2055 695 in
2074 660 2232 706 patriar-

1169 719 1244 755 chis
1261 720 1402 765 primus
1425 719 1560 755 electus
1584 725 1653 763 est,
1672 721 1717 756 ad
1735 722 1841 757 unius
1860 722 1923 757 Dei
1945 722 2051 758 fidem
2078 727 2116 757 et
2135 721 2231 757 noti-

1168 780 1255 815 tiam
1277 790 1318 815 ac
1337 780 1451 826 legem
1470 780 1600 817 litterae
1618 782 1918 827 praecipiendam
1940 788 2067 828 postea
2087 781 2231 826 quidem

1168 851 1232 886 per
1246 841 1480 887 Evangelium
1499 849 1623 888 gentes
1642 843 1685 878 ad
1707 843 1814 878 sidem
1835 843 1970 880 Christi
1990 843 2232 880 convocandae

1170 907 1285 938 erant.
1308 901 1463 947 Cumque
1484 910 1592 939 essent
1615 904 1649 939 in
1670 905 1790 940 itinere
1807 906 1844 940 in
1860 905 2064 948 diversorio,
2082 905 2233 940 occurrit

1169 963 1199 997 ei
1220 963 1396 1005 dominus,
1423 969 1454 998 et
1476 963 1608 999 volebat
1629 966 1786 1000 occidere
1812 977 1902 1001 eum.
1931 966 2024 1001 Tulit
2050 965 2144 1000 illico
2170 965 2234 1001 Se-

1169 1023 1279 1069 phora
1303 1024 1544 1058 acutissimam
1568 1031 1716 1070 petram,
1733 1031 1764 1059 et
1781 1026 1999 1060 circumcidit
2024 1026 2234 1071 praputium

1170 1083 1236 1129 filii
1261 1085 1331 1127 sui,
1365 1085 1542 1131 tetiqitquc
1568 1085 1670 1132 pedes
1702 1085 1800 1130 ejus,
1823 1091 1855 1120 et
1876 1086 1956 1120 ait:
1977 1084 2131 1131 Sponsus
2151 1096 2235 1120 san-

45 1150 133 1184 riam
165 1160 202 1183 os
237 1155 350 1190 tuum,
378 1153 410 1182 et
430 1148 602 1182 instruam
634 1152 679 1181 te.
722 1145 824 1181 Nunc
845 1150 966 1180 antem
998 1145 1098 1187 dicit,
1120 1130 1151 1169 B
1173 1145 1318 1190 quinum
1335 1151 1371 1180 tu
1391 1146 1476 1180 nzilaei
1495 1157 1542 1188 es,
1567 1153 1597 1181 et
1621 1147 1752 1181 dimisit
1781 1158 1858 1182 eum
1874 1153 2055 1193 postquam
2075 1146 2230 1182 dixerat.

45 1209 118 1256 Ego
137 1219 199 1245 ero
220 1209 256 1244 in
277 1219 340 1244 ore
361 1214 442 1252 tuo,
468 1213 504 1244 et
527 1209 562 1243 in
589 1218 652 1243 ore
669 1207 791 1243 illius:
812 1207 908 1250 sive,
939 1208 1099 1252 apetiam

44 1278 86 1306 os
100 1275 196 1304 tuum
215 1275 250 1305 et
267 1279 307 1305 os
325 1270 416 1316 ejus,
432 1275 469 1306 et
484 1270 659 1305 instruam
675 1279 739 1305 vos
754 1280 834 1314 quae
848 1269 1002 1305 faciatis.
1030 1268 1102 1304 Sed

45 1330 223 1376 quomodo
240 1330 378 1366 addidit
397 1336 433 1366 et
454 1330 620 1376 loquetur
645 1331 721 1375 ipse
752 1330 815 1365 tibi
843 1331 886 1366 ad
913 1330 1098 1376 populum,

45 1392 186 1427 videtur
214 1393 287 1428 oris
318 1393 456 1439 apertio
486 1393 674 1438 praestita,
712 1399 859 1438 propter
892 1394 987 1439 quod
1016 1393 1102 1429 dicit

46 1453 198 1499 Moyses,
218 1454 346 1500 linguae
364 1464 402 1489 se
421 1454 602 1489 tardioris.
631 1453 681 1489 Dc
699 1455 799 1490 vocis
815 1460 934 1489 autem
958 1454 1101 1500 gracili-

49 1518 135 1555 tate,
158 1512 247 1547 nibil
266 1513 300 1548 ei
315 1520 490 1559 praestare
513 1514 689 1550 Dominus
711 1514 842 1556 voluit,
872 1514 934 1549 scd
954 1519 1103 1559 propter

48 1574 117 1609 boc
135 1573 352 1617 adjutorium
375 1573 498 1610 fratris
529 1574 718 1619 adjunxit,
746 1576 805 1619 qni
833 1580 952 1619 posset
980 1585 1022 1609 ea
1050 1574 1102 1610 uti

47 1634 134 1670 voce
150 1644 230 1680 qnae
244 1635 375 1680 populo
388 1635 550 1671 docendo
566 1635 756 1671 sufficeret.
775 1635 876 1678 Quod
894 1640 1014 1671 autem
1035 1635 1099 1679 ait,

48 1701 79 1730 et
111 1695 209 1730 dabis
235 1696 336 1732 verba
362 1707 438 1731 mea
468 1697 503 1732 in
521 1707 558 1731 os
579 1697 668 1742 ejus,
698 1696 855 1732 ostendit
875 1697 970 1743 quod
990 1707 1033 1732 ea
1050 1697 1104 1732 lo-

46 1756 189 1802 quendo
204 1762 300 1793 esset
317 1757 479 1793 daturus.
506 1757 595 1793 Nam
611 1758 641 1793 si
660 1759 908 1794 tantummodo
926 1759 1103 1795 audiendo

47 1818 140 1853 sicut
163 1817 315 1864 populo,
337 1818 373 1853 in
404 1828 509 1854 aures
541 1819 690 1855 diceret.
719 1820 855 1855 Deinde
880 1821 975 1866 quod
995 1822 1103 1866 paulo

47 1884 126 1925 post
143 1879 205 1922 ait,
225 1884 262 1914 ct
279 1879 446 1925 loquetur
462 1880 538 1926 ipse
556 1880 619 1915 tibi
637 1881 680 1916 ad
694 1881 879 1927 populum,
893 1887 929 1916 et
943 1881 1018 1927 ipse
1033 1881 1103 1917 erit

50 1946 146 1977 tuum
179 1952 232 1984 os,
256 1947 291 1977 et
310 1941 370 1977 hic
402 1941 634 1986 subauditur,
676 1943 721 1978 ad
746 1943 930 1989 populum.
956 1944 1102 1979 Etcum

48 2003 147 2046 dicit,
166 2003 230 2038 tibi
247 2003 413 2048 loquetur
429 2004 473 2039 ad
488 2004 672 2050 populum,
690 2005 779 2040 satis
797 2004 932 2040 indicat
949 2005 984 2040 in
1005 2005 1103 2052 Moy-

1173 1205 1330 1252 Sponsus
1360 1210 1571 1253 sanguinum
1602 1214 1638 1243 tu
1667 1208 1751 1243 mihi
1775 1220 1833 1252 es,
1859 1210 1899 1244 ob
1919 1208 2230 1244 circumcisionem.

1170 1267 1269 1303 Dii-it
1293 1275 1408 1304 autem
1428 1269 1600 1305 Dominus
1632 1270 1678 1305 ad
1692 1270 1841 1307 Aaron:
1870 1269 1962 1306 Varie
1992 1271 2027 1306 in
2052 1281 2233 1305 occursum

1171 1326 1285 1371 Moysi
1307 1330 1343 1364 in
1372 1330 1520 1364 deserto.
1545 1329 1614 1373 Qui
1630 1331 1780 1376 perrexit
1807 1331 1838 1366 ei
1857 1331 1993 1366 obvia-m
2022 1332 2059 1366 in
2085 1337 2234 1366 montem

1170 1390 1248 1432 Dei,
1280 1396 1310 1425 et
1326 1389 1502 1426 osculatus
1531 1397 1581 1426 est
1613 1403 1704 1426 eum.
1733 1391 1804 1439 (Ex
1822 1390 2048 1438 Auqustino.)
2070 1391 2232 1426 Primum

1172 1451 1357 1496 quaeritur,
1391 1461 1498 1496 quem
1532 1451 1676 1487 volebat
1712 1453 1861 1499 angelus
1895 1453 2086 1489 occidere:
2114 1458 2233 1488 utrum

1171 1513 1333 1559 Moysen,
1367 1514 1451 1559 quia
1482 1514 1617 1549 dictum
1650 1519 1706 1550 est
1728 1527 1736 1549 :
1758 1513 1926 1551 Occurrit
1957 1515 1990 1550 ei
2018 1514 2167 1561 angelus
2198 1519 2234 1549 et

1171 1575 1354 1620 quaerebat
1381 1585 1462 1610 eum
1490 1575 1670 1611 occidere.
1705 1575 1796 1610 Nam
1824 1576 1882 1611 cui
1901 1575 2087 1621 putabitur
2108 1585 2236 1611 occur-

1171 1637 1272 1678 risse,
1298 1636 1366 1671 nisi
1396 1635 1447 1671 illi
1472 1636 1533 1681 qui
1560 1636 1731 1672 universo
1756 1646 1904 1672 suorum
1929 1636 2118 1672 comitatui
2141 1645 2233 1682 prae-

1170 1697 1263 1738 buit,
1283 1702 1318 1732 ct
1339 1707 1360 1731 a
1378 1707 1448 1742 quo
1474 1697 1595 1733 caeteri
1619 1697 1867 1733 ducebantur?
1893 1708 1938 1733 an
1958 1707 2111 1743 puerum
2137 1707 2235 1743 quae-

1172 1759 1275 1794 rebat
1298 1757 1475 1800 occidere,
1495 1758 1552 1793 cui
1581 1763 1698 1794 mater
1724 1759 2017 1795 circumcidendo
2047 1758 2233 1795 subvenit:

1171 1824 1211 1854 ut
1237 1820 1283 1855 ob
1309 1820 1379 1854 hoc
1404 1819 1626 1865 intelligatur
1656 1819 1823 1855 occidere
1854 1820 2012 1856 voluisse
2045 1819 2234 1862 infantem,

1171 1882 1255 1927 quia
1283 1892 1355 1917 non
1375 1887 1454 1917 erat
1480 1882 1730 1924 circumcisus,
1759 1889 1868 1928 atque
1898 1882 1949 1918 ita
1980 1882 2122 1918 sancire
2140 1892 2235 1927 prax-

1171 1949 1316 1990 ceptum
1352 1943 1641 1980 circumcisionis
1679 1945 1874 1980 severitate
1905 1944 2098 1979 vindictae?
2135 1944 2237 1987 Quod

1171 2003 1201 2039 si
1222 2003 1274 2038 ita
1295 2008 1363 2046 est,
1385 2003 1561 2039 incertum
1582 2008 1638 2039 est
1653 2003 1767 2049 prius,
1790 2004 1834 2039 de
1854 2014 1925 2049 quo
1944 2004 2109 2039 dixerat:
2130 2002 2217 2046 Qua:

49 2075 87 2100 se
120 2065 364 2111 principatum
380 2092 389 2108 ,
430 2066 465 2101 in
504 2065 622 2101 Aaron
673 2067 928 2102 ministerium.
965 2068 1101 2104 Deinde
1120 2062 1149 2104 C
1172 2062 1267 2097 76ὒαὶ
1291 2073 1369 2097 eum
1393 2063 1564 2106 occidere,
1594 2063 1678 2108 (luia
1699 2063 1934 2110 ignorabatur
1953 2073 2073 2109 (luem,
2096 2063 2165 2098 nisi
2191 2074 2235 2099 ex

49 2125 144 2171 quod
160 2125 232 2160 ait:
258 2124 310 2160 Tu
331 2132 446 2161 autem
464 2126 516 2161 illi
531 2127 599 2162 eris
609 2138 687 2173 qnae
709 2128 754 2162 ad
772 2127 883 2163 Deum
900 2156 909 2171 ‚
932 2139 1103 2174 inagnum

48 2185 109 2221 hic
128 2185 293 2222 fortassis
323 2189 622 2232 perscrutandum
639 2195 694 2225 est
717 2196 999 2232 sacramentum,
1020 2201 1103 2226 cnm

48 2247 86 2283 in
107 2248 164 2283 his
186 2248 337 2294 liguram
362 2256 501 2296 gereret
528 2251 627 2287 velut
659 2252 798 2288 medius
819 2251 974 2299 Moyses,
1009 2253 1104 2288 intcr

49 2307 161 2343 Deum
195 2315 231 2344 et
261 2309 396 2353 Aaron,
431 2316 467 2346 et
493 2312 632 2347 medius
647 2312 766 2348 Aaron
784 2314 879 2349 inter
900 2313 1047 2361 Moysen
1067 2320 1104 2350 et

50 2368 230 2415 populum.
258 2369 370 2416 Igitur
387 2373 482 2417 quod
503 2372 588 2408 dicit
613 2373 753 2420 Moyses
773 2385 811 2411 se
833 2385 903 2410 non
929 2385 1008 2411 csse
1030 2376 1104 2412 elo-

50 2435 219 2475 quentem
252 2431 297 2467 ab
326 2432 404 2467 heri
437 2438 473 2468 et
503 2434 785 2478 nudiustertius,
807 2447 851 2472 ex
872 2446 943 2482 qno
962 2437 1104 2472 locutus

49 2495 105 2525 est
124 2492 168 2526 ad
184 2491 283 2527 illum
300 2492 489 2537 Dominus,
505 2495 566 2530 sed
582 2497 751 2533 tardioris
773 2503 879 2543 atque
899 2499 1105 2544 impeditio-

51 2549 101 2585 ris
118 2550 248 2596 linguae
270 2561 350 2588 esse
366 2580 376 2596 ,
411 2555 569 2590 ostendit
595 2557 691 2602 quod
717 2567 843 2593 omnes
876 2559 1040 2594 homines
1068 2559 1104 2594 in

51 2612 319 2656 comparatione
350 2615 461 2650 divini
474 2616 597 2660 verbi,
623 2628 693 2652 non
712 2618 826 2653 solum
843 2619 1103 2664 ineloquentes,

52 2673 115 2709 sed
141 2678 178 2708 et
203 2674 291 2709 muti
312 2676 461 2720 putandi
492 2682 586 2712 sunt.
614 2677 734 2713 Donec
757 2680 851 2714 enim
880 2679 1019 2726 Moyses
1039 2679 1106 2716 suit

51 2732 88 2768 in
104 2732 283 2780 AEgypt0:
306 2745 376 2771 non
409 2737 550 2772 tardum
578 2748 616 2774 se
640 2738 759 2785 lingua
788 2741 991 2786 profitetur.
1017 2741 1106 2778 Erat

51 2794 145 2830 enim
165 2794 346 2842 AEgyptiis
363 2796 567 2843 eloquentia
589 2799 894 2845 incomparabilis.
909 2801 976 2837 Ubi
996 2803 1105 2848 coepit

52 2857 175 2892 audire
190 2867 315 2894 vocem
331 2858 408 2900 Dei,
429 2865 514 2907 tunc
530 2861 644 2897 sensit
656 2872 694 2898 se
712 2863 854 2898 tardum
868 2873 948 2899 esse
966 2863 1101 2910 lingua.

53 2916 123 2953 Sed
142 2918 225 2963 quia
256 2918 292 2955 in
325 2919 361 2955 id
386 2920 616 2967 proficiebat,
650 2928 689 2958 ut
709 2931 921 2970 agnosceret
941 2927 1105 2973 semetip-

52 2987 144 3021 sum,
161 2979 291 3015 merito
305 2989 326 3015 a
343 2979 512 3026 Domino,
528 2983 687 3019 audivit:
704 2983 781 3031 qu
813 2996 871 3020 ero
892 2987 929 3021 in
954 2998 1012 3023 ore
1027 2994 1100 3024 tuo.
1122 2965 1157 3004 D

446 3056 597 3094 CAPUT
622 3058 710 3095 Vlll.

51 3112 104 3150 De
129 3116 320 3152 reversione
335 3116 451 3164 Moysi
474 3118 734 3173 imAEqyptum,
760 3128 792 3157 et
815 3122 931 3168 anqeli
957 3134 1102 3160 occursu

512 3177 550 3201 m
568 3177 637 3202 υια.

51 3253 54 3258 .
100 3223 193 3261 Tulit
208 3225 346 3272 Moyses
363 3237 509 3263 uxorem
530 3234 563 3263 et
577 3228 670 3274 filios
687 3242 785 3274 suos,
809 3238 841 3267 et
858 3231 1023 3278 imposuit
1047 3244 1105 3268 eos

25 3292 156 3357 r‘uper
172 3287 338 3323 asinum.-
362 3299 585 3336 reversusque
607 3296 658 3326 est
680 3291 937 3338 inAEqyptum,
962 3299 1106 3339 portans

43 3360 50 3395 J
68 3384 70 3386 ,
116 3357 186 3383 am
201 3347 267 3384 Dei
286 3349 323 3384 in
341 3359 450 3385 manu
468 3361 546 3386 sua.
565 3350 730 3398 Dixitque
747 3353 779 3387 ei
797 3352 969 3389 Dominus
995 3364 1108 3389 rever-

130 3405 139 3414 ⁴
151 3406 420 3455 inAEqyptum:
442 3409 542 3454 Vide,
559 3417 599 3447 ut
619 3413 737 3448 omnia
755 3418 890 3449 ostenta
909 3425 986 3460 quae
1005 3415 1108 3460 posui

159 3476 162 3477 ’
180 3493 201 3514 ,;
232 3474 308 3515 tua,
330 3470 444 3517 sacius
468 3483 588 3508 coram
605 3472 807 3510 Pharaone.
830 3473 908 3520 qu
932 3474 1106 3511 indurabo

106 3530 110 3535 “
128 3538 173 3583 {¹3²
194 3535 282 3574 ,at
301 3541 372 3568 non
393 3531 541 3569 dimittet
561 3533 731 3581 poputum
759 3533 890 3582 (Exod.
915 3533 981 3583 lv).
1013 3534 1109 3580 Quo-

64 3621 96 3634 ,
159 3587 162 3591 ’
230 3606 255 3634 ,¹¹
279 3591 344 3630 hie
357 3591 531 3630 Dominus
546 3593 649 3639 dicit,
667 3593 850 3631 lnduraho
875 3606 936 3631 cor
960 3595 1053 3643 ejus,
1071 3600 1108 3633 et

180 3647 200 3656 ”
215 3650 246 3703 ζ,
266 3665 296 3687 :n
318 3653 515 3702 populum,
538 3664 622 3691 cum
641 3654 838 3702 Apostolus
861 3656 982 3695 taliter
1001 3657 1046 3694 de
1062 3666 1106 3694 eo

342 3712 462 3776 -Qssui
479 3713 552 3752 uult
571 3725 689 3752 omnes
706 3715 863 3754 homines
883 3715 998 3754 ulvas
1010 3717 1103 3764 fieri,

423 3796 446 3813 .›
553 3786 731 3826 porosum
749 3775 787 3826 (1
800 3775 971 3827 Tim-120?
991 3778 1106 3817 Indu·

1172 2125 1481 2170 consequentibus
1509 2124 1724 2170 reperiatur.
1755 2125 1844 2160 Mira
1867 2134 1954 2161 sane
1972 2124 2107 2160 locutio
2127 2130 2163 2160 et
2182 2125 2236 2160 in-

1171 2187 1322 2230 usitata,
1342 2191 1381 2221 ut
1400 2187 1501 2233 prius
1519 2187 1671 2231 diceret,
1692 2188 1843 2222 occurrit
1860 2188 1891 2223 ei
1916 2193 1948 2222 et
1961 2187 2137 2234 quoerebat
2157 2198 2236 2222 eum

1172 2249 1344 2292 occidere,
1365 2250 1409 2285 de
1427 2259 1497 2295 quo
1517 2249 1608 2285 nihil
1629 2255 1711 2286 ante
1736 2242 1890 2286 dixerat.
1934 2250 2003 2287 Sed
2025 2251 2108 2287 talis
2126 2255 2181 2286 cst
2200 2250 2238 2287 in

1170 2309 1309 2356 psalmo
1327 2321 1334 2344 :
1354 2308 1604 2345 Fundamenta
1625 2311 1701 2357 ejus
1718 2311 1756 2346 in
1774 2311 1948 2347 montibus
1974 2313 2106 2347 sanctis
2124 2323 2135 2348 .·
2155 2312 2238 2347 dili-

1172 2372 1220 2417 qit
1239 2370 1410 2406 Dominus
1435 2378 1555 2418 portas
1571 2370 1656 2406 Sion
1669 2370 1819 2418 (Psalm.
1844 2372 2006 2419 Lxxxvi).
2034 2373 2120 2408 Inde
2139 2372 2237 2407 enim

1172 2433 1335 2479 psalmus
1361 2433 1513 2478 incipit:
1540 2443 1610 2469 ncc
1640 2433 1774 2478 aliquid
1797 2434 1841 2468 de
1865 2433 1925 2468 illo
1950 2434 2007 2468 vel
2029 2434 2071 2469 de
2098 2433 2156 2468 illa
2183 2432 2226 2467 di-

1174 2499 1306 2535 xerat,
1342 2492 1444 2536 cujus
1477 2493 1713 2528 fundamenta
1750 2489 1901 2538 intelligi
1935 2493 2048 2528 voluit
2084 2493 2229 2530 dicens:

1172 2554 1422 2589 Fundamenta
1457 2552 1536 2598 ejus
1569 2554 1604 2588 in
1634 2553 1817 2589 montibus
1854 2554 2001 2590 sanctis.
2048 2553 2118 2590 Sed
2154 2555 2237 2600 quia

1174 2615 1337 2660 sequitur
1368 2613 1484 2659 diligit
1501 2614 1675 2649 Dominus
1708 2619 1832 2660 portas
1863 2613 1966 2656 Sion,
1985 2625 2072 2661 ergo
2105 2615 2234 2651 sunda-

1173 2679 1295 2710 menta
1313 2669 1368 2710 vel
1387 2673 1530 2709 Domini
1548 2673 1604 2709 vel
1622 2673 1724 2717 Sion,
1745 2679 1782 2710 et
1801 2674 1845 2709 ad
1863 2674 2062 2711 faciliorem
2089 2686 2235 2713 sensum

1174 2738 1289 2785 magis
1309 2737 1410 2780 Sion,
1451 2742 1491 2772 ut
1525 2736 1761 2773 fundamenta
1793 2737 1952 2773 civitatis
1984 2738 2234 2784 accipiantur:

1174 2801 1226 2837 sic
1258 2805 1294 2836 et
1327 2800 1387 2835 hic
1417 2798 1580 2834 nondum
1612 2799 1797 2834 nominato
1828 2798 1966 2834 infante
1995 2799 2130 2835 dictum
2157 2804 2235 2835 est:

1175 2861 1338 2898 Occurrit
1370 2862 1415 2904 ei,
1446 2866 1476 2896 et
1506 2860 1684 2907 quaerebat
1712 2871 1791 2896 eum
1818 2861 1996 2915 occidere;
2030 2866 2072 2896 ut
2104 2861 2238 2907 dequo

1174 2924 1329 2967 dixerat,
1350 2924 1386 2959 in
1408 2922 1712 2968 consequentibus
1729 2932 1990 2968 agnoscamus;
2027 2933 2235 2969 quanquam

1174 2991 1211 3022 et
1228 2987 1258 3022 si
1279 2986 1323 3022 de
1338 2985 1459 3032 Moyse
1486 2985 1652 3031 accipere
1677 2985 1869 3031 quisquam
1889 2984 2056 3027 voluerit,
2079 2994 2151 3020 non
2183 2988 2238 3020 est

1173 3056 1392 3094 magnopere
1412 3045 1667 3082 resistendum.
1692 3044 1783 3081 Illud
1799 3045 1921 3091 potius
1940 3044 2036 3091 quod
2056 3044 2235 3091 sequitur,

1174 3108 1204 3144 si
1231 3108 1310 3143 steri
1338 3112 1470 3154 potest,
1499 3106 1720 3153 intelligatur
1743 3106 1830 3151 quid
1856 3106 1924 3142 sibi
1946 3105 2046 3149 velit,
2071 3105 2153 3141 ideo
2178 3115 2237 3140 rc-

1176 3168 1330 3205 cessisse
1352 3167 1519 3214 angelum
1538 3167 1584 3204 ab
1604 3165 1859 3203 interfectione
1883 3165 2076 3212 cujuslibet
2096 3175 2234 3207 eornm,

1172 3229 1257 3276 quia
1276 3228 1368 3264 dixit
1393 3226 1547 3263 mulier:
1566 3225 1724 3274 Sponsus
1739 3227 1952 3272 sanquinum
1975 3230 2014 3260 tu
2033 3223 2118 3258 milti
2136 3233 2171 3258 es
2189 3222 2236 3258 ob

1173 3289 1502 3332 circumcisionem,
1532 3288 1610 3325 sive
1637 3287 1742 3334 juxta
1770 3287 1841 3322 alia
1866 3283 2102 3330 exemplaria,
2134 3280 2236 3318 Stetit

1172 3351 1316 3398 sanquis
1340 3349 1617 3386 circumcisionis
1646 3348 1808 3393 infantis.
1854 3346 1934 3381 Non
1965 3343 2060 3380 enim
2094 3342 2144 3378 ait
2179 3352 2236 3378 re-

1177 3413 1288 3450 cessit
1307 3412 1353 3448 ab
1371 3422 1415 3448 eo
1425 3416 1575 3458 propter
1594 3409 1689 3455 quod
1705 3405 1932 3444 circumcidit
1955 3403 2148 3447 insaniem
2171 3403 2235 3440 sed

1178 3474 1264 3520 quia
1282 3473 1385 3510 stetit
1409 3471 1556 3518 sanguis
1576 3466 1884 3509 circumcisionis3
1909 3475 1982 3502 non
2001 3465 2086 3512 quia
2107 3475 2235 3501 cucur-

1177 3534 1239 3577 rit,
1267 3533 1331 3570 sed
1357 3533 1441 3578 quia
1468 3531 1571 3568 stetit
1593 3537 1738 3575 magn0‚
1768 3528 1807 3565 ni
1835 3526 1956 3572 fallor,
1993 3531 2232 3565 sacramento.

1179 3592 1384 3629 Secundum
1410 3589 1599 3626 historiam
1623 3598 1711 3625 vero
1730 3593 1848 3626 mater
1867 3588 2011 3638 gentilis
2037 3587 2235 3643 novitatem

1178 3653 1231 3690 rei
1250 3651 1448 3695 admirans,
1468 3650 1591 3698 ignara
1605 3650 1778 3698 praecepti
1796 3651 1892 3698 quod
1908 3649 2095 3688 Abraham
2109 3649 2235 3686 datum

1178 3718 1233 3752 est
1256 3711 1547 3756 circumcisione,
1579 3711 1627 3748 ad
1649 3710 1802 3765 Moysen
1822 3710 1945 3764 potssg
1968 3709 2054 3754 diei,
2074 3708 2235 3779 δέωμαι

1173 3775 1387 3824 sanguinum
1399 3778 1439 3814 tu
1451 3773 1545 3812 mitti
1555 3782 1620 3811 es:
1639 3781 1694 3820 ae
1688 3771 1731 3821 si
1747 3771 1903 3829 diceret„
1919 3770 2012 3831 ritus
2014 3769 2146 3831 ‘gatis
2156 3773 2236 3830 ,gun
