2540 4016
301 210 347 249 ¹5

756 202 797 238 B.
823 197 994 238 RABANl
1019 194 1167 235 mum
1190 187 1407 232 Altum.
1429 189 1640 230 uocum.
1663 188 1857 230 OPERUM
1877 187 2001 226 PARS
2022 187 2052 224 1.

2430 186 2478 225 {6

299 286 376 334 ejus
399 283 449 320 ait
467 291 483 320 .·
505 281 558 318 De
582 278 776 327 infantibus
807 276 1036 314 Hebroeorum
1060 278 1124 309 est.
1160 269 1228 307 Gai
1251 279 1354 306 soror
1371 265 1525 312 Adidit.
1549 265 1640 303 Filia
1655 270 1779 303 autem
1804 261 2007 301 Plaaraonis
2029 259 2194 298 Ecclesia
2217 263 2275 298 est
2301 266 2349 298 ex
2364 260 2485 308 genti-

298 330 412 392 μδ,
437 341 515 387 vis,
533 341 666 388 inquit,
679 346 719 375 m
733 338 872 381 vadam,
889 342 920 372 et
939 344 1055 371 vocem
1074 331 1137 368 tibi
1163 329 1353 367 Hebroeam

297 403 495 445 mulierem,
511 413 590 451 quoe
608 401 742 438 nutrire
765 398 874 446 possit
899 393 1140 442 infantulum?
1160 390 1354 440 Respondit

297 467 344 509 ei,
366 463 478 501 Vade.
495 461 658 499 Perrexit
682 458 813 508 puella,
827 463 859 493 et
879 455 1011 492 vocavit
1028 459 1178 490 matrem
1191 451 1282 499 ejus.
1298 450 1353 486 Ad

297 536 403 574 quam
426 524 543 561 locuta
558 522 634 568 filia
651 518 851 556 Pharaonis
872 526 884 551 .·
906 515 1046 562 Accipe,
1063 514 1127 557 ait,
1142 523 1290 560 puerum
1306 511 1355 546 is·

297 594 372 624 tum
401 593 435 622 et
468 584 564 621 nutri
593 581 680 618 mim·
697 589 709 614 .·
728 591 790 627 eqo
810 579 872 614 tibi
890 577 982 613 dabo
1019 574 1213 612 mercedem
1240 580 1351 609 tuam.

297 646 458 693 Suscepit
480 643 607 680 mulier
624 648 656 678 et
677 641 822 676 nutrivit
849 648 1013 686 puerum,
1034 635 1263 682 adultumque
1281 640 1355 669 tra-

295 708 384 744 didit
403 706 489 752 filioe
503 703 841 749 Pharaoni-§mitem
875 699 938 735 illa
965 698 1143 745 adoptarit
1171 697 1207 732 in
1239 695 1354 731 locum

293 768 373 813 filii,
393 766 592 813 vocavitque
611 774 735 800 nomen
754 763 831 809 ejus
844 760 998 807 Moyses,
1025 759 1143 794 dicens
1162 766 1174 791 .·
1195 756 1287 799 Quia
1312 754 1355 790 de

294 840 386 875 aqua
405 826 470 863 tuli
484 837 563 862 eum
579 824 711 872 (Exod.
732 822 788 870 n).
806 821 898 858 Hinc
914 820 1010 867 apud
1023 818 1219 864 Josephum
1235 815 1355 851 taliter

294 890 470 936 ¹scriptum
503 886 695 934 reperitur.
727 883 890 920 Metuens
923 885 1043 916 autem
1083 876 1279 919 Ami-amis,
1309 885 1355 911 ne

294 956 420 996 captus
440 947 547 994 regiae
582 946 646 982 irae
666 943 933 985 succumberet,
956 947 993 976 et
1026 940 1103 985 ipse
1141 947 1223 974 cum
1243 946 1355 982 puero

293 1012 489 1059 deperiret,
511 1015 548 1046 et
563 1009 628 1045 Dei
653 1006 920 1054 providentiam
939 1001 1160 1044 excluderet,
1179 999 1356 1036 delibera-

291 1076 343 1111 vit
354 1074 475 1120 potius
491 1073 562 1108 hoc
580 1070 687 1106 modo
704 1068 804 1115 pueri
820 1066 1012 1103 consulere
1027 1063 1147 1107 saluti,
1164 1062 1355 1109 providen-

294 1137 455 1181 tiamque
469 1132 604 1169 latendi
638 1132 733 1167 hanc
750 1139 831 1166 esse
859 1127 1045 1164 indicavit.
1067 1126 1139 1162 Vas
1159 1123 1352 1160 rotundum

1421 325 1492 366 bus
1511 331 1732 375 congregata
1745 353 1756 372 ,
1780 335 1863 373 quae
1892 323 2058 372 quamvis
2087 332 2184 360 nunc
2211 331 2300 359 vero
2327 320 2486 368 gaudeat

1421 394 1587 437 parente,
1622 387 1694 424 hoe
1725 390 1782 424 est
1814 385 1891 423 Deo
1920 385 2047 428 Patre,
2070 389 2196 421 tamen
2233 387 2340 420 antea
2372 381 2483 421 alium

1423 449 1568 498 quando
1586 448 1690 486 idolis
1716 446 1912 491 serviebat,
1940 451 2066 483 secuta
2084 450 2141 482 est
2158 449 2298 491 patrem
2317 453 2328 479 ε
2352 442 2398 480 de
2410 452 2484 492 quo

1421 519 1488 557 per
1507 509 1667 547 divinam
1680 518 1809 545 vocem
1831 507 1870 544 in
1895 507 2034 554 psalmo
2051 506 2099 544 ad
2126 506 2244 553 ipsam
2259 505 2395 542 dictum
2411 508 2481 542 est.

1422 570 1532 614 Audi,
1552 569 1643 616 filia,
1661 574 1695 606 et
1722 568 1815 615 vide,
1838 574 1871 605 et
1886 567 2019 605 inclina
2036 577 2159 604 aurem
2177 572 2290 611 tuam,
2307 572 2340 603 et
2359 565 2481 603 oblivi-

1423 643 1519 669 scere
1533 631 1701 679 populum
1715 637 1830 675 tuum,
1843 636 1876 667 et
1885 630 2030 666 domum
2042 629 2155 677 patris
2171 629 2223 665 tui
2236 627 2351 677 (Paul.
2368 627 2481 676 κων).

1423 691 1509 729 naec
1528 701 1615 739 ergo
1627 691 1740 728 exivit
1755 691 1802 727 de
1813 690 1920 727 domo
1935 690 2066 737 patris,
2084 694 2121 726 et
2131 689 2234 726 venit
2250 688 2429 736 baptizari
2443 693 2484 724 ut

1423 753 1609 789 lavaretur
1629 762 1650 787 a
1672 750 1845 798 peccatis,
1866 760 1947 797 quae
1974 754 2210 787 contraxerat
2234 749 2271 786 in
2291 750 2400 787 domo
2422 760 2485 797 pa-

1423 815 1491 851 tris
1505 814 1575 858 sui,
1598 813 1818 858 veniensque
1839 811 1884 848 ad
1915 810 2135 857 baptismum
2160 811 2322 858 suscepit
2335 811 2451 859 legem
2473 823 2481 846 z

1425 884 1504 921 quae
1524 880 1647 910 tamen
1663 873 1723 908 lex
1751 872 1847 907 intra
1879 870 2055 907 fiscellam
2080 875 2168 906 tunc
2186 875 2267 906 erat
2287 871 2484 918 scirpeam,

1423 946 1469 971 ex
1486 934 1610 971 multis
1626 932 1795 980 virgultis
1814 933 1890 968 sive
1909 942 1952 967 cx
1970 941 2108 979 papyro
2121 936 2308 975 contexta,
2325 942 2369 969 ac
2382 933 2484 968 linita

1423 995 1504 1041 pice
1520 1001 1556 1031 et
1571 994 1748 1030 bitumine
1770 1005 1779 1028 z
1799 993 1886 1040 quia
1905 992 2038 1029 vilibus
2052 992 2179 1038 utique
2195 997 2232 1029 et
2252 993 2486 1029 terrestribus

1424 1055 1632 1092 ludaeorum
1661 1055 1830 1091 sordebat
1867 1060 1969 1100 septa
1992 1053 2265 1096 traditionibus,
2298 1064 2487 1100 usquequo

1425 1118 1587 1155 Ecclesia
1610 1122 1758 1164 ruperat
1775 1117 1875 1152 illam
1893 1117 1938 1153 de
1957 1115 2192 1163 palustribus,
2220 1121 2258 1152 et
2274 1115 2381 1152 luteis
2397 1116 2488 1153 locis

294 1207 339 1231 cx
355 1194 491 1231 vimine
522 1190 782 1237 complicitum,
819 1188 918 1224 velut
951 1185 1079 1222 alveoli
1105 1183 1355 1230 magnitudine
1374 1189 1407 1228 Β
1425 1178 1625 1215 carnalium
1644 1189 1829 1222 sensuum,
1855 1183 1892 1213 et
1912 1178 2007 1214 intra
2040 1178 2226 1224 sapientiae
2245 1187 2341 1214 veroe
2370 1178 2484 1221 aulas,

291 1260 557 1305 praepararunt,
580 1253 676 1300 qnod
695 1250 873 1288 sufficeret
902 1254 942 1284 ut
973 1246 1092 1284 infans
1120 1245 1169 1282 ibi
1196 1245 1354 1292 spatiose

292 1318 427 1366 jaceret
456 1328 466 1352 ε
495 1314 624 1352 deinde
660 1317 843 1347 unxerunt
870 1309 956 1345 illud
985 1307 1176 1344 bitumine.
1218 1305 1355 1341 Natura

293 1387 447 1424 namque
466 1373 654 1412 bituminis
671 1378 741 1415 est,
762 1378 800 1406 nt
817 1371 852 1405 in
874 1368 1106 1405 viminalibus
1122 1366 1280 1402 vasculis
1296 1375 1354 1401 ac-

293 1448 434 1475 cessum
452 1435 583 1483 posita,
617 1437 795 1469 coerceat.
824 1429 901 1465 lllic
920 1439 1006 1476 crgo
1027 1428 1213 1464 mittentes
1237 1424 1355 1460 insan-

293 1506 363 1535 tcm
380 1504 416 1535 et
432 1497 529 1533 circa
558 1494 705 1530 fluvium
722 1497 912 1538 ponentes,
934 1491 1012 1536 eJus
1032 1489 1186 1525 salutem
1202 1488 1278 1523 Deo
1296 1497 1355 1522 re-

294 1562 487 1606 liquerunt.
523 1555 745 1592 Thermotiie
780 1554 889 1599 igitur
922 1557 1002 1587 crat
1033 1550 1105 1586 filia
1137 1550 1247 1596 regis.
1271 1549 1355 1585 llaec

293 1623 378 1657 dum
398 1619 540 1656 luderet
563 1618 662 1653 circa
692 1615 793 1650 littus
829 1614 1002 1656 fluminiS,
1022 1613 1162 1659 portari
1195 1622 1216 1646 a
1246 1611 1354 1646 ssuvio

294 1683 379 1718 illud
405 1691 471 1717 vas
491 1678 731 1724 conspiciens,
760 1676 930 1723 praecepit
947 1680 988 1711 ut
1006 1675 1052 1710 ad
1072 1685 1110 1711 se
1140 1674 1201 1710 ille
1225 1673 1352 1709 alveus

294 1747 513 1789 portaretur.
546 1738 782 1775 Venientibus
803 1742 923 1772 autem
943 1736 1004 1781 qui
1036 1734 1083 1770 ad
1107 1735 1177 1770 hoe
1210 1734 1356 1770 fuerant

291 1801 463 1838 destinati
483 1810 564 1837 cum
595 1798 709 1841 alveo,
737 1797 864 1832 videns
896 1795 1083 1838 infantem,
1107 1794 1212 1830 valde
1231 1794 1355 1840 gavisa

291 1869 348 1899 est
377 1867 525 1909 propter
547 1858 835 1906 magnitudinem
863 1862 900 1892 et
932 1856 1091 1902 speciem
1124 1855 1217 1901 ejus.
1237 1855 1355 1891 Tanto

291 1924 386 1960 enim
413 1922 532 1960 studio
551 1921 648 1958 Deus
665 1920 762 1955 circa
778 1918 924 1964 Moysen
946 1927 1033 1953 usus
1053 1921 1125 1959 est,
1144 1922 1184 1951 ut
1203 1916 1247 1951 ab
1267 1915 1355 1960 ipsis

291 1985 353 2030 qui
371 1988 518 2030 propter
533 1981 612 2026 ejus
645 1979 872 2015 nativitatem
890 1978 1128 2014 decreverant
1146 1976 1355 2012 interimere

293 2053 400 2081 omne
415 2050 527 2089 genus
542 2038 792 2080 Hebraeorum,
811 2037 982 2073 alimento
1001 2043 1133 2072 eteura
1149 2034 1278 2081 dignus
1293 2034 1356 2070 ha-

1425 1246 1462 1276 et
1485 1240 1620 1287 regalia
1659 1245 1754 1276 tecta
1786 1239 2026 1275 consciverat.
2052 1239 2136 1275 llaec
2165 1238 2356 1275 infantiam
2384 1248 2487 1275 suam

1425 1305 1519 1352 apud
1540 1315 1625 1341 suos
1646 1304 1821 1350 transegit
1848 1315 1857 1339 ε
1886 1304 1981 1350 apud
2014 1303 2096 1339 illos
2125 1302 2276 1346 seilicet,
2299 1302 2359 1348 qui
2381 1301 2488 1348 spiri-

1423 1366 1568 1403 tualiter
1587 1376 1665 1402 eam
1682 1365 1883 1411 intelligere
1898 1364 2109 1401 nesciebant
2127 1364 2279 1411 parvula
2298 1369 2334 1400 et
2350 1363 2489 1400 lactan-

1425 1427 1513 1463 tium
1530 1427 1621 1463 tiens
1646 1427 1763 1463 cibus.
1787 1425 1878 1462 Cum
1906 1435 1995 1462 vero
2018 1425 2063 1461 ad
2082 1425 2284 1461 Ecclesiam
2316 1425 2430 1467 venit,
2451 1428 2487 1460 et

1423 1498 1489 1534 per
1505 1498 1583 1525 eam
1605 1489 1675 1523 rite
1698 1487 1883 1524 intellecta
1897 1492 1964 1529 est,
1987 1487 2117 1523 sortior
2137 1486 2305 1523 efficitur.
2328 1486 2402 1534 (Ex
2417 1486 2488 1522 Isi-

1424 1548 1543 1597 doro.)
1567 1550 1660 1592 Quid
1678 1550 1789 1596 igitur
1807 1555 1876 1592 est,
1901 1550 1997 1596 qnod
2022 1549 2229 1586 mercedem
2247 1549 2389 1594 accepit
2411 1548 2486 1593 illa,

1425 1619 1506 1656 quae
1524 1619 1676 1656 puerum
1701 1610 1899 1651 nutriebat,
1919 1619 1940 1644 a
1958 1609 2031 1644 filia
2050 1608 2269 1651 Pharaonis,
2286 1608 2357 1644 nisi
2389 1607 2486 1654 quod

1427 1672 1619 1719 Synagoga
1647 1670 1742 1717 apud
1760 1681 1868 1717 qnam
1899 1671 1959 1706 lex
1981 1676 2066 1706 nata
2099 1675 2136 1706 et
2170 1670 2308 1706 nutrita
2326 1676 2420 1713 erat,
2441 1670 2488 1706 ab

1424 1735 1587 1771 Ecclesia
1620 1734 1728 1770 istam
1754 1733 1959 1769 mercedem
1979 1733 2132 1778 accepit,
2154 1737 2194 1768 ut
2217 1732 2276 1768 illa
2301 1732 2394 1769 idola
2413 1742 2487 1768 non

1425 1796 1575 1838 coleret,
1588 1795 1717 1831 videns
1733 1803 1796 1830 eos
1824 1794 1886 1839 qui
1915 1803 1960 1829 ex
1985 1792 2154 1839 gentibus
2174 1792 2416 1835 crediderant,
2438 1792 2489 1828 ita

1425 1864 1620 1892 conversos
1654 1854 1699 1890 ad
1735 1853 1943 1896 Dominum,
1965 1858 2005 1887 ut
2033 1853 2177 1898 penitus
2200 1857 2415 1898 respuerent
2436 1852 2486 1888 si-

1425 1916 1600 1959 mulacra,
1623 1920 1660 1950 et
1675 1914 1768 1950 ultra
1791 1924 1862 1950 non
1884 1913 2058 1956 colerent,
2078 1913 2155 1960 ipsa
2173 1923 2318 1960 quoque
2334 1913 2485 1950 ‹locere-

1425 1983 1484 2013 tur
1499 1977 1715 2012 erubescere
1731 1975 1824 2011 idola
1847 1975 1979 2011 colere.
2003 1974 2129 2018 Aliter,
2148 1974 2289 2022 Moyses
2305 1974 2351 2011 ad
2371 1976 2485 2022 ripam

1425 2037 1584 2073 fluminis
1617 2037 1802 2083 expositus
1830 2040 2027 2082 reperitur,
2059 2046 2143 2072 cum
2176 2035 2351 2073 Dominus
2380 2035 2482 2082 cujus

292 2105 454 2141 beretur.
470 2101 655 2148 Jussitque
667 2100 854 2135 mulierem
872 2098 1003 2134 adduci
1018 2096 1240 2133 Thermothe
1259 2095 1355 2141 regis
1374 2095 1404 2137 C
1427 2098 1567 2146 Moyses
1588 2103 1711 2144 typum
1732 2097 1910 2140 induerat,
1931 2097 1975 2133 ad
2001 2097 2135 2133 flumen
2152 2096 2288 2133 lavacri
2300 2102 2337 2133 et
2354 2107 2486 2143 aquam

293 2166 379 2209 tilia,
398 2176 478 2212 quae
487 2165 588 2201 daret
607 2162 736 2199 infanti
756 2162 966 2198 mamillam.
982 2161 1062 2205 Quo
1071 2171 1141 2197 non
1162 2159 1356 2196 accedente

294 2230 339 2265 ad
363 2229 458 2265 illius
481 2228 607 2270 ubera,
631 2227 694 2262 sed
712 2226 883 2267 evitante,
903 2230 940 2260 et
969 2224 1039 2260 hoc
1061 2223 1098 2259 in
1135 2222 1260 2259 multis
1276 2232 1356 2257 mu-

294 2282 442 2325 lieribus
477 2287 644 2330 faciente,
677 2286 790 2322 Maria
821 2286 995 2322 assistens
1019 2284 1076 2320 his
1097 2294 1177 2330 quae
1206 2283 1355 2326 fiebant,

294 2361 364 2386 non
381 2352 484 2396 quasi
502 2349 686 2385 videretur
703 2357 749 2384 ex
764 2347 932 2394 operibus
946 2346 980 2382 ei
998 2346 1093 2381 inter
1110 2345 1200 2382 alios
1220 2351 1355 2388 astare,

293 2415 343 2450 ait
365 2426 373 2448 z
395 2413 560 2456 Frustra,
576 2423 598 2449 0
613 2413 750 2458 regina,
771 2411 837 2447 has
851 2410 1022 2447 mulieres
1037 2410 1082 2445 ad
1093 2409 1356 2445 nutrimentum

294 2474 441 2510 infantis
458 2474 580 2516 vocas,
600 2483 680 2519 quae
704 2472 840 2508 nullam
858 2472 904 2508 ad
924 2481 1006 2507 eum
1024 2470 1278 2516 cognationem
1293 2468 1357 2504 ha-

294 2535 390 2570 bent.
413 2533 451 2569 Si
476 2542 564 2569 vero
577 2532 771 2579 quamdam
791 2531 1052 2568 Hebraicarum
1082 2530 1273 2566 mulierum
1293 2528 1357 2564 ad-

295 2593 376 2629 duci
395 2592 625 2639 praeceperis,
641 2597 729 2638 puto
755 2597 928 2637 tanquam
961 2590 1176 2627 contribulis
1192 2600 1266 2626 suae
1292 2599 1357 2636 po·

297 2653 383 2689 terit
399 2653 513 2689 ubera
527 2652 704 2698 accipere.
723 2651 887 2698 Cumque
895 2657 1086 2697 putaretur
1095 2651 1188 2687 bene
1205 2651 1355 2694 dixisse,

295 2713 508 2760 jussithanc
530 2713 596 2755 ire,
616 2718 657 2748 ut
677 2712 835 2759 aliquam
856 2721 937 2758 quae
956 2711 1094 2747 lactare
1119 2722 1203 2748 eum
1234 2716 1359 2758 posset

296 2777 502 2814 adduceret.
535 2775 599 2812 llla
624 2784 711 2811 vero
741 2778 892 2820 accepta
924 2772 1131 2818 hujusmodi
1163 2779 1356 2819 potestate,

295 2848 443 2875 reversa
463 2842 519 2874 est
537 2845 648 2882 agens
673 2839 826 2871 matrem
844 2833 935 2870 nulli
956 2833 1152 2880 cognitam,
1167 2832 1359 2879 infansque

298 2903 400 2946 grate
418 2895 684 2944 quodammodo
712 2893 791 2940 ejus
820 2893 975 2931 accessit
1002 2894 1049 2930 ad
1066 2894 1195 2937 ubera,
1214 2899 1252 2930 et
1270 2903 1358 2940 sup-

298 2959 455 3006 plicante
477 2957 615 3004 regina,
639 2955 875 2993 commissum
894 2959 952 2991 est
979 2954 1013 2990 ei
1038 2963 1121 2991 cum
1150 2954 1250 2991 omni
1277 2953 1358 2991 dili-

1423 2159 1668 2206 baptismatis,
1698 2169 1719 2194 a
1751 2159 1985 2195 credentibus
2018 2158 2213 2195 invenitur.
2235 2157 2406 2195 Plorabat
2428 2160 2486 2195 in-

1425 2222 1516 2265 fans,
1538 2222 1622 2268 quia
1647 2221 1814 2258 Christus
1830 2220 1967 2257 veteris
1997 2220 2154 2257 hominis
2185 2230 2293 2266 quem
2321 2220 2488 2257 induerat

1424 2287 1575 2327 peccata
1594 2280 1761 2317 deflebat.
1777 2280 1879 2317 Unde
1892 2280 1988 2316 etad
2011 2280 2301 2316 resuscitandum
2309 2279 2487 2317 Lazarum

1424 2342 1523 2378 flevit
1541 2341 1750 2378 ludaeorum
1771 2341 1963 2388 deplorans
1982 2340 2184 2388 perfidiam.
2211 2341 2303 2378 Filia
2328 2342 2489 2379 Pharao-

1425 2407 1483 2442 nis
1507 2406 1731 2442 descendens
1749 2406 1795 2441 ad
1822 2404 2005 2441 lavacrum
2022 2404 2182 2441 fluminis
2205 2404 2350 2452 collegit
2372 2405 2489 2442 insan-

1431 2473 1505 2503 tem
1530 2479 1537 2502 z
1555 2465 1717 2502 Ecclesia
1736 2476 1781 2502 ex
1801 2465 1967 2512 gentihus
1990 2465 2125 2502 lavacri
2139 2465 2310 2502 salutaris
2329 2467 2488 2502 sanctiti-

1425 2529 1605 2565 cationem
1625 2528 1835 2565 desiderans
1849 2554 1858 2571 ,
1887 2526 2023 2573 excipit
2042 2526 2228 2563 Christum
2254 2537 2275 2563 a
2297 2526 2488 2575 Synagoga

1425 2595 1542 2626 matre
1561 2588 1700 2625 carnali
1726 2587 1918 2635 expulsum
1951 2587 2054 2634 quasi
2086 2587 2275 2631 infantem,
2302 2587 2387 2633 quia
2403 2593 2488 2624 tunc

1425 2649 1601 2696 parvulus
1618 2647 1818 2690 videbatur,
1842 2657 1926 2684 cum
1950 2647 1988 2683 in
2006 2647 2153 2684 homine
2179 2652 2406 2684 cerneretur.
2431 2646 2488 2683 ln-

1425 2711 1525 2748 venit
1539 2710 1601 2747 illa
1621 2709 1769 2756 Moysen
1788 2709 1971 2746 inclusum
1989 2709 2028 2744 in
2047 2708 2195 2746 vasculo
2211 2708 2307 2755 quod
2336 2717 2383 2744 ex
2395 2707 2488 2744 mul-

1426 2772 1474 2809 tis
1486 2770 1690 2818 agrestibus
1701 2769 1852 2816 virgulis
1867 2769 1908 2805 at
1933 2781 1942 2804 :
1968 2768 2109 2805 invenit
2117 2767 2304 2805 Christum
2322 2768 2486 2807 Ecclesia

1427 2831 1655 2869 reconditum
1672 2830 1710 2866 in
1727 2829 1896 2866 cordibus
1911 2834 2135 2873 sanctorum,
2153 2828 2215 2875 qui
2240 2829 2278 2865 in
2306 2829 2486 2867 unitatem

1427 2891 1484 2928 sui
1502 2890 1679 2934 contexti,
1698 2894 1735 2926 et
1753 2889 1950 2926 multorum
1977 2888 2132 2925 fratrum
2152 2888 2341 2933 memhris,
2357 2900 2484 2928 omnes

1426 2952 1465 2988 in
1479 2950 1626 2989 Christo
1642 2959 1754 2986 unum
1771 2959 1903 2996 corpus
1921 2947 2040 2986 effecti
2058 2954 2156 2992 sunt,
2175 2954 2214 2987 et
2237 2959 2320 2987 eum
2341 2950 2486 2998 religio·
2506 2948 2512 2959 '
2535 2951 2540 2988 1}

298 3018 417 3067 gentia
436 3018 540 3065 pueri
568 3017 833 3054 nutrimentum
853 3027 863 3051 :
881 3014 942 3052 cui
966 3015 1165 3052 secundum
1185 3020 1356 3052 eventum
1372 2994 1410 3035 Ῑ)
1427 3021 1469 3049 sa
1486 3010 1742 3050 observatione
1758 3010 2001 3057 suscipientes
2013 3013 2175 3047 tuentur.

298 3087 437 3118 rernm.
453 3087 583 3115 nomen
599 3075 808 3123 impositum
831 3081 901 3119 est,
919 3084 963 3112 eo
980 3074 1077 3122 quod
1093 3075 1138 3112 de
1153 3074 1302 3112 flumine
1309 3075 1359 3113 sit

299 3137 476 3175 salvatus.
497 3136 639 3184 Aquam
648 3135 747 3171 enim
759 3145 835 3170 mos
845 3133 1007 3181 AEgyptii
1022 3138 1208 3178 vocantes,
1223 3134 1254 3170 is
1269 3144 1357 3172 vero

299 3197 459 3236 salvatus
473 3223 484 3242 ,
515 3200 775 3244 componentes
813 3194 935 3240 itaque
973 3194 1051 3231 haec
1080 3204 1128 3231 ex
1167 3194 1356 3239 ambobus,

299 3257 444 3306 Moyses
456 3257 494 3295 ei
505 3266 640 3294 nomen
654 3257 918 3304 imposuerunt,
929 3254 968 3292 id
981 3259 1050 3299 est,
1068 3264 1112 3291 ex
1134 3263 1229 3302 aqua
1241 3254 1360 3292 salva-

300 3324 374 3357 tus.
389 3319 566 3356 Parente·
579 3317 712 3366 Moysi,
732 3325 888 3365 quorum
906 3314 1016 3353 fldem
1033 3320 1074 3353 et
1090 3322 1203 3363 opera
1220 3315 1280 3352 lex
1294 3326 1360 3352 na-

300 3377 431 3416 tantis
453 3378 669 3423 decorabat,
700 3376 920 3425 patriamne
948 3381 1054 3421 παι,
1083 3386 1107 3413 ι
1134 3376 1269 3424 qulbus
1280 3377 1362 3424 'ipse

301 3436 445 3486 loyce·
456 3443 497 3475 et
508 3436 564 3476 itti
574 3436 910 3486 quitquam
920 3439 1158 3485 aeceperunt,
1166 3436 1247 3475 nott
1258 3440 1357 3475 aaut.

301 3494 437 3542 Tribus
453 3507 542 3547 ergo
554 3499 743 3537 auibus
752 3497 953 3548 man
968 3497 1361 3545 milhmin-

303 3557 598 3617 ψοωῑϋω,
613 3551 701 3605 eum
718 3558 782 3601 1⁸1
800 3554 1360 3618 msto-mpetum·
1377 3583 1390 3601 .

299 3715 347 3742 ”,
443 3718 450 3724 ··
476 3719 494 3726 ·’
558 3711 831 3761 §qt-We?
882 3721 885 3723 -
920 3716 1000 3726 ,1¹22
1036 3720 1081 3747 ᾗ.
1116 3735 1125 3739 ν

1427 3148 1481 3186 De
1494 3147 1632 3196 Home,
1648 3145 1822 3203 quomodo
1834 3083 2236 3202 ffilrlgulgwmm
2255 3146 2484 3204 ⁰11eran

1474 3193 1947 3303 ιᾝέἑῒμφ..
1801 3197 1836 3230 ⁶⁸
1851 3191 1937 3240 '‘⁹‘'
1949 3202 2121 3292 *0222
2136 3193 2486 3305 ‘ffissfflmm
2529 3231 2532 3233 ’

1426 3316 1475 3355 aa
1497 3315 1626 3364 fratres
1651 3320 1761 3359 me,
1781 3313 1872 3351 nuit
1898 3313 2122 3363 affiictionem
2136 3324 2260 3356 eona
2286 3282 2505 3356 t'umfs

1426 3376 1639 3427 mma-
1651 3373 1908 3424 ‚amm
1922 3373 2111 3423 qunan
2125 3374 2172 3413 aa
2183 3368 2350 3429 affl
2427 3375 2436 3379 ¹
2486 3347 2505 3425 f

1406 3437 1601 3493 mune
1628 3455 1672 3498 ς.
1727 3488 1729 3490 ,
1756 3472 1758 3474 »
2147 3443 2337 3518 ,233
2368 3439 2387 3476 -·
2426 3429 2486 3495 fc

1532 3540 1536 3541 ⁷
1546 3542 1552 3548 ⁸
1563 3525 1576 3541 b
1657 3533 1684 3553 κ
1706 3527 1819 3557 0²3³wass
1864 3523 1870 3535 ⁴

1507 3559 1510 3562 ¹
1536 3564 1539 3567 .
1610 3555 1627 3566 ,Ι
1681 3569 1684 3572 ¹
