2540 4016
106 154 176 193 109

741 143 1081 186 conttENTAmA
1105 144 1155 182 ΙΝ
1177 144 1390 184 monuit.
1413 163 1463 176 -··
1482 146 1573 184 ΗΒ.
1598 147 1660 184 ΙΙΙ.

2226 155 2334 197 nos*

106 231 173 268 lios
189 235 222 267 et
239 229 356 277 filias,
382 227 509 266 mulier
536 230 570 263 et
589 223 691 262 liberi
705 223 783 270 ejtts
801 227 905 258 erunt
926 220 1061 257 domini
1074 221 1131 257 sui
1150 231 1164 257 .·
1183 226 1218 267 Α
1234 231 1306 258 non
1320 219 1456 267 fecerit,
1483 220 1682 267 egredietur
1702 222 1813 269 qratia
1833 225 1962 273 absque
1979 229 2143 275 pecunia,
2165 235 2205 269 et
2222 241 2296 271 εω-

107 293 179 339 ipse
197 303 275 329 vero
290 291 378 328 exiet
392 298 470 326 cum
485 286 610 324 vestita
627 295 705 321 suo.
722 283 836 321 Servo
850 287 972 330 empto
994 282 1164 320 dominus

106 352 168 389 dat
202 361 362 394 uxorem,
386 358 470 386 cum
500 347 718 394 praedicator
739 346 905 393 quisque,
939 354 1023 381 eum
1056 354 1164 391 quem

104 415 183 462 jure
210 411 445 460 omnipotenti
469 410 543 447 Deo
575 409 853 456 mancipaverit,
885 408 990 444 bonae
1028 407 1165 443 actioni

107 475 300 523 conjungit.
327 471 418 509 Nam
444 476 483 509 et
506 471 763 518 praedicatores
794 469 930 506 domini
958 474 1161 505 vocantur:

106 539 199 575 sicut
230 535 360 571 Elisaeo
379 534 562 580 prophetae
587 532 633 569 de
651 531 889 578 praedicatore
915 540 982 567 suo
999 530 1162 567 diciturz

107 596 184 634 Scis
201 594 294 642 quod
321 594 495 629 Dominus
523 599 606 629 titus
624 591 770 628 tollatur
788 602 810 627 a
835 597 867 627 te
887 589 958 639 (IV
988 589 1075 637 Req.
1096 589 1164 636 11)?

105 658 204 695 U-xor
222 666 309 693 vero
340 656 435 693 servi
465 656 577 702 empti
610 660 688 691 tum
719 654 812 691 filios
843 659 878 690 et
907 653 1001 691 filias
1030 653 1162 700 pariet,

103 721 247 769 quando
267 720 301 756 ei
317 719 412 756 bona
439 719 533 756 actio
561 718 674 755 fortes
698 718 755 755 vel
777 724 923 754 teneros
940 717 1081 753 fructus
1098 725 1162 763 ge-

102 789 218 818 nerat.
256 780 328 817 Sed
361 781 490 816 mulier
522 790 602 826 quae
628 791 648 816 a
668 780 815 816 domino
834 780 918 815 data
937 783 1015 821 est,
1044 777 1164 814 eidem

102 842 247 878 domino
278 852 359 878 cum
387 841 470 878 liliis
500 845 675 878 remanet.
703 840 782 887 lpse
810 849 897 876 vero
928 849 1055 875 servus
1087 840 1164 875 exit

102 914 184 940 cum
202 903 335 939 vestitu
355 913 421 939 suo
439 914 446 937 :
467 902 551 948 quia
568 903 662 937 bona
682 901 776 936 actio
795 899 853 935 vel
874 899 1038 945 ejusdem
1058 899 1163 934 bonae

103 963 255 999 actionis
286 962 440 1005 fructus,
477 960 726 1008 praedicatoris
761 959 928 996 mercede
958 963 1159 1004 reputatur.

100 1025 180 1071 lpse
201 1034 301 1068 vero,
319 1024 354 1059 in
376 1022 547 1059 desiderii
569 1022 624 1058 sui
649 1021 849 1057 intentione
867 1019 1081 1067 perdurans,
1097 1029 1162 1065 per

102 1095 297 1132 supernam
319 1083 474 1130 gratiam
504 1083 549 1119 ad
580 1081 921 1128 contemplationem
946 1081 1040 1117 liber
1058 1090 1162 1127 egre-

1234 286 1326 319 tera.
1347 281 1387 318 Si
1403 281 1486 328 quis
1503 281 1784 329 autem„inquit,
1801 283 2004 324 vendiderit
2018 289 2130 328 filiam
2137 301 2240 330 suam
2258 293 2298 331 in

1232 342 1421 387 famulam,
1438 342 1476 379 id
1489 347 1562 386 est,
1580 347 1623 380 ut
1647 342 1696 380 sit
1719 341 1858 381 famula
1875 355 1987 391 quam
2009 350 2154 392 οἱκιτίαν
2175 353 2296 394 Graeci

1231 407 1386 447 vocant,
1413 412 1487 439 non
1506 402 1620 441 abibit
1638 403 1691 441 ita
1708 409 1750 440 ut
1775 405 1950 443 recedunt
1977 408 2118 447 ancillae
2134 424 2144 448 z
2163 413 2299 454 intelli-

1231 462 1390 510 gendum
1406 467 1476 508 est,
1497 473 1571 501 non
1595 463 1649 501 sic
1665 465 1812 503 recedet
1831 467 2014 514 quomodo
2038 472 2213 511 recedunt
2232 486 2297 513 an-

1231 522 1325 560 cillae
1347 522 1511 561 Hebraeae
1526 529 1610 571 post
1640 534 1705 562 sex
1726 536 1855 564 annos.
1882 527 1973 565 Eam
1992 529 2126 578 quippe
2153 540 2299 580 oportet

1231 582 1271 621 in
1288 583 1464 622 feminam
1494 585 1686 624 Hebraeam
1717 587 1836 636 legem
1867 589 1990 627 datam
2018 586 2187 640 intelligi,
2216 605 2298 642 quae

1231 651 1376 683 servata
1400 646 1438 682 in
1455 646 1631 685 maribus.
1663 647 1737 685 Cur
1756 659 1844 698 ergo
1862 650 1932 688 ista
1955 650 2008 688 ita
2031 654 2190 699 recedet,
2226 656 2298 693 nisi

1230 707 1317 755 quia
1333 707 1370 744 in
1391 707 1452 744 illo
1479 707 1656 746 famulatu
1679 710 1894 757 intelligitur
1918 712 2124 759 humiliata,
2152 717 2249 763 quod
2264 717 2300 754 ei

1230 778 1271 806 se
1291 769 1460 807 dominus
1483 769 1696 808 miscuerit?
1716 771 1792 809 Hoc
1817 773 1951 821 quippe
1973 775 2011 811 in
2040 778 2301 823 consequenti-

1230 830 1298 867 bus
1330 837 1515 878 utcunque
1552 832 1733 871 clarescit.
1768 834 1942 883 Sequitur
1976 838 2075 875 enim
2109 843 2146 875 et
2178 839 2266 876 dicit
2287 851 2298 877 t

1233 892 1337 936 Quod
1352 894 1382 929 si
1398 905 1468 930 non
1481 894 1655 940 placuerit
1670 896 1813 934 domino
1829 909 1894 934 suo
1906 925 1916 942 ‚
1938 899 2023 946 quia
2043 911 2116 937 non
2137 902 2301 938 annomi-

1231 954 1330 988 nabit
1343 965 1434 997 eam,
1447 954 1483 991 id
1498 961 1566 999 est,
1584 966 1657 992 non
1675 966 1757 994 eam
1773 957 1862 996 fecit
1876 970 2041 1004 uxorem,
2062 962 2304 999 remunerabit

1229 1022 1324 1056 eam,
1343 1013 1414 1049 hoc
1427 1019 1482 1050 est
1499 1016 1597 1060 quod
1619 1026 1728 1062 supra
1747 1019 1852 1063 dixit,
1886 1030 1960 1056 non
1979 1021 2093 1058 abibit
2112 1022 2162 1060 ita
2180 1029 2221 1060 ut
2242 1034 2303 1061 re·

1230 1074 1366 1110 cedunt
1397 1074 1551 1112 ancillae.
1576 1074 1685 1113 Jussa
1716 1083 1774 1114 est
1804 1080 1938 1126 quippe
1969 1082 2108 1128 aliquid
2135 1085 2303 1132 accipere

101 1147 210 1183 ditur.
231 1145 333 1189 Quod
354 1147 384 1181 si
405 1145 534 1180 dixerit
549 1155 668 1180 servus
682 1156 694 1179 .·
711 1143 829 1190 Diligo
848 1142 1029 1178 dominum
1048 1152 1166 1178 meum
1184 1142 1217 1182 Β
1235 1143 1303 1181 P1'0
1322 1143 1365 1170 80
1382 1135 1480 1181 quod
1500 1135 1690 1172 humiliata
1709 1143 1766 1174 est
1786 1150 1793 1174 ε
1813 1139 1899 1186 quia
1927 1150 2000 1176 non
2018 1141 2052 1177 ei
2076 1151 2116 1178 se
2139 1143 2190 1180 ita
2211 1145 2303 1181 mis-

99 1214 131 1244 el
150 1217 295 1243 ttxorem
316 1213 347 1242 et
368 1206 495 1241 liberos
514 1214 525 1240 .·
546 1217 615 1241 ηοη
637 1204 799 1251 eqrediar
816 1202 905 1238 liber
928 1201 1045 1250 (Rom.
1063 1201 1160 1250 viu).

101 1269 235 1305 Servus
255 1268 441 1304 dominum
460 1277 566 1304 suum
593 1266 724 1312 diligit,
748 1263 893 1310 quando
911 1262 1162 1309 praedicatoris

99 1331 211 1367 verba
248 1330 402 1366 sollicita
450 1334 571 1364 mente
606 1326 775 1363 custodit.
820 1325 977 1362 Uxorem
1018 1333 1163 1370 quoque

100 1401 226 1427 amans
252 1396 288 1427 et
316 1391 450 1426 liberos
467 1389 557 1425 liber
581 1387 703 1435 egredi
726 1391 882 1429 recusat,
905 1385 1051 1431 quando
1072 1384 1163 1420 acti-

98 1463 181 1489 vam
200 1453 310 1488 vitam
327 1451 476 1498 ejusque
495 1450 634 1485 fructus
653 1449 819 1495 diligens,
841 1447 1000 1483 transire
1018 1446 1064 1482 ad
1080 1455 1164 1482 con-

100 1513 344 1559 templativam
368 1521 440 1547 non
464 1510 567 1546 vult:
592 1509 677 1555 quia
706 1509 800 1544 bona
829 1518 869 1543 se
890 1517 1001 1553 opera
1029 1506 1165 1542 babere

99 1574 137 1610 in
156 1573 349 1609 mInisterii
373 1572 428 1608 sui
447 1571 621 1607 servitute
643 1570 892 1610 considerans,
920 1568 964 1603 ad
985 1566 1164 1603 libertatis

102 1634 263 1680 quietem
290 1633 410 1668 renuit
437 1631 608 1666 transire.
644 1629 714 1666 Sed
748 1629 874 1674 offerat
898 1639 978 1663 eum
1000 1627 1164 1662 dominus

100 1697 185 1739 diis,
218 1702 248 1730 et
267 1693 459 1741 applicetur
493 1692 538 1727 ad
564 1691 692 1726 ostium
721 1697 752 1725 et
784 1696 899 1736 postes
921 1696 983 1724 :et
1013 1688 1165 1735 perforet

102 1768 223 1794 aurem
254 1757 330 1802 ejus
357 1753 498 1797 subula,
522 1759 559 1788 ut
585 1753 628 1788 sit
657 1753 687 1787 ei
708 1762 824 1787 servus
853 1752 890 1787 in
917 1750 1099 1786 soeculum.
1132 1750 1165 1786 Is

99 1819 197 1855 enim
214 1817 273 1863 qui
293 1817 330 1851 in
349 1815 466 1851 activa
494 1814 670 1859 disposuit
702 1814 776 1848 vita
808 1813 1023 1858 perdurare,
1057 1823 1078 1847 a
1096 1813 1166 1848 Do-

99 1878 198 1915 mino
230 1876 300 1913 diis
331 1875 495 1917 offertur,
521 1874 665 1919 quando
685 1884 706 1908 a
725 1873 963 1919 praedicatore
983 1883 1048 1909 suo
1071 1873 1166 1908 anti-

98 1948 254 1985 quorum
275 1937 424 1972 Patrum
439 1936 546 1972 dictis
566 1935 739 1971 imbuitur
753 1935 815 1980 qui
835 1934 938 1971 nobis
953 1933 989 1970 in
1009 1934 1068 1971 via
1087 1944 1166 1970 om—

99 1998 294 2045 nipotentis
335 1997 478 2033 Domini
516 1995 724 2032 sacerdotes
765 1995 932 2037 i'uerunt;
972 2000 1082 2041 atque
1117 1995 1163 2031 ad

1232 1194 1323 1239 cuit,
1344 1201 1385 1232 ut
1400 1195 1538 1233 faceret
1553 1208 1720 1242 uxorem,
1737 1198 1773 1235 id
1794 1204 1866 1244 est,
1882 1206 1923 1236 ut
1937 1202 2194 1239 annominaret
2221 1214 2304 1241 eam

1232 1258 1315 1294 sibi.
1335 1257 1438 1301 Quod
1457 1259 1487 1295 si
1506 1258 1580 1305 filio
1598 1261 1878 1298 annominaverit
1896 1274 1988 1307 eam,
2015 1264 2210 1301 secundum
2223 1265 2305 1312 jus-

1231 1322 1464 1367 tificationem
1482 1322 1640 1368 filiarum
1662 1323 1767 1370 saciet
1792 1325 1836 1360 ei.
1865 1324 1933 1362 Hic
1956 1325 2034 1372 Jam
2052 1336 2229 1373 apparere
2248 1328 2305 1364 in-

1231 1382 1331 1429 cipit,
1353 1384 1660 1429 quemadmodum
1688 1395 1795 1431 supra
1818 1386 1968 1430 dixerit,
1996 1387 2080 1433 quia
2100 1398 2173 1425 non
2187 1398 2305 1426 anno-

1232 1443 1400 1479 minavit.
1422 1444 1514 1480 Nam
1531 1445 1619 1491 quid
1638 1451 1694 1481 est
1711 1445 1808 1483 aliud
1821 1473 1830 1490 ,
1860 1447 1891 1483 si
1910 1447 1984 1484 filio
2012 1449 2306 1488 annominaverit

1231 1514 1326 1547 eam,
1365 1505 1435 1541 nisi
1464 1505 1538 1542 silio
1556 1506 1748 1543 confixerit
1768 1518 1850 1544 eam
1873 1519 2045 1554 uxorem,
2077 1511 2306 1558 quandoqui-

1232 1565 1316 1602 dem
1348 1566 1449 1609 dicit,
1480 1568 1674 1603 secundum
1695 1568 1990 1615 justificationem
2014 1571 2174 1617 siliarum
2198 1573 2306 1620 saciet

1231 1628 1263 1663 ei
1283 1637 1295 1662 .-
1317 1627 1354 1663 id
1374 1632 1442 1671 est,
1471 1634 1513 1663 ut
1529 1629 1582 1664 sic
1598 1630 1718 1665 tradat
1734 1636 1907 1676 tanquam
1938 1632 2065 1677 filiam,
2095 1634 2217 1671 dotem
2233 1635 2306 1672 sci-

1231 1687 1318 1725 licet
1337 1699 1522 1736 apponens
1551 1691 1598 1726 ei.
1627 1692 1764 1728 Deinde
1782 1692 1944 1740 adiungit
1966 1706 1975 1729 ε
1996 1693 2099 1738 Quod
2130 1697 2162 1732 si
2195 1696 2306 1734 aliam

1233 1751 1382 1797 accipiat
1403 1752 1450 1794 ei,
1479 1753 1515 1788 id
1538 1758 1607 1797 est,
1629 1764 1701 1789 non
1722 1754 1831 1790 istam
1849 1754 2036 1802 deputavit
2059 1767 2213 1795 uxorem
2229 1758 2305 1797 filio

1232 1822 1314 1856 suo,
1333 1813 1397 1849 sed
1414 1814 1447 1850 ei
1465 1814 1576 1850 aliam
1595 1815 1762 1862 accipiet,
1783 1827 1864 1863 quae
1884 1827 1975 1864 opus
1995 1824 2093 1863 sunt,
2113 1825 2151 1856 et
2163 1826 2305 1859 vestem

1232 1875 1550 1911 conversationem
1575 1875 1654 1921 ejus
1674 1886 1746 1913 non
1779 1876 1964 1914 fraudabit
1993 1879 2041 1915 ei.
2079 1878 2197 1917 Simili
2223 1881 2306 1930 lege

1232 1945 1314 1981 quac
1345 1941 1568 1981 competunt,
1600 1938 1780 1982 quomodo
1810 1939 1946 1975 mansit
1976 1950 2069 1976 uxor
2104 1940 2179 1978 filio
2209 1940 2304 1988 ejus,

1232 1997 1538 2042 quemadmodum
1557 1999 1589 2034 ei
1611 1999 1714 2035 daret
1737 2000 1767 2036 si
1791 2011 1872 2037 eam
1890 2001 1939 2037 ibi
1968 2012 2040 2038 non
2069 2005 2305 2044 annominas-

98 2061 231 2098 ostium
251 2065 287 2095 et
306 2064 428 2105 postes
448 2057 674 2094 tabernaculi
695 2056 853 2100 ducitur,
874 2062 914 2092 ut
934 2057 978 2093 de
997 2057 1163 2104 ingressu
1182 2047 1211 2089 C
1233 2061 1302 2100 set,
1325 2062 1362 2093 et
1382 2063 1505 2094 tamen
1537 2060 1811 2097 concumbendo
1842 2062 2084 2099 humiliasset.
2115 2064 2154 2102 Si
2185 2073 2305 2104 autem

99 2123 223 2159 aeterni
238 2121 462 2158 tabernaculi
491 2120 626 2166 aliquid
643 2120 780 2163 audiat,
810 2125 847 2156 et
867 2119 1046 2155 tremendi
1064 2118 1163 2164 judi-

101 2183 148 2219 cii
163 2184 256 2219 diem
270 2183 449 2220 subtiliter
467 2190 653 2231 agnoscat,
682 2193 728 2219 ne
746 2192 811 2229 per
831 2183 926 2218 bona
947 2192 1056 2228 opera
1083 2192 1164 2228 quae

102 2245 201 2288 facit,
220 2245 363 2290 placere
392 2245 599 2281 hominibus
618 2249 776 2291 appetat.
808 2243 942 2290 Sicque
959 2244 1059 2279 auris
1087 2243 1166 2290 ejus

102 2305 229 2341 subula
261 2304 466 2351 perforatur
482 2332 492 2349 ,
532 2305 618 2341 dum
651 2315 756 2341 mens
789 2304 885 2340 illius
922 2303 1065 2340 timoris
1100 2303 1165 2339 Dei

103 2366 299 2403 subtilitate
334 2367 536 2413 percutitur
554 2377 564 2402 t
584 2372 621 2403 et
651 2366 750 2403 verbi
772 2366 940 2402 acumine
974 2366 1162 2409 transfixa,

101 2438 165 2474 per
178 2438 284 2465 omne
303 2429 399 2474 quod
418 2429 503 2476 agit,
539 2429 681 2465 noverit
708 2429 914 2475 ingressum
944 2429 1046 2474 regni
1067 2438 1163 2464 sem-

101 2498 167 2536 per
185 2489 382 2532 attendere‚
402 2494 439 2525 et
461 2490 565 2535 quasi
584 2489 630 2525 ab
647 2489 741 2525 ostio
761 2494 798 2525 et
817 2495 920 2536 poste
938 2488 1166 2525 tabernaculi

101 2550 322 2596 perforatam
341 2561 464 2588 aurem
485 2557 645 2598 portare,
671 2552 734 2598 qui
754 2551 824 2588 erit
846 2562 973 2588 servus
997 2552 1033 2587 in
1054 2561 1167 2587 saecu-

103 2610 192 2654 lum,
211 2617 252 2646 ut
270 2622 350 2648 esse
367 2618 450 2658 post
469 2614 639 2649 saeculum
654 2614 749 2649 liber
777 2614 905 2659 possit.
937 2613 976 2648 ln
992 2613 1165 2648 saeculum

105 2670 203 2707 enim
223 2680 347 2706 servus
370 2677 440 2714 est,
474 2673 535 2718 qui
555 2683 620 2718 per
644 2673 801 2708 activam
827 2673 939 2708 vitam
958 2673 1166 2709 hominibus

106 2732 244 2768 servire
260 2732 448 2778 disposuit,
469 2738 508 2768 ut
524 2738 606 2778 post
623 2743 783 2779 praesens
801 2733 973 2770 saeculum
989 2735 1034 2770 ad
1054 2734 1165 2771 liber-

106 2796 218 2828 tatem
234 2802 358 2828 veram
386 2792 504 2828 valeat
533 2794 735 2838 pervenire.
761 2793 811 2830 De
831 2804 902 2840 qua
921 2803 985 2840 per
1012 2794 1165 2831 Paulum

107 2852 238 2889 dicitur
257 2865 265 2888 :
283 2852 376 2896 Quia
389 2859 421 2888 et
440 2854 517 2900 ipsa
541 2860 703 2889 creatura
721 2853 927 2890 liberabitur
954 2867 976 2890 a
1001 2856 1164 2891 servitute

106 2915 353 2961 corruptionis,
373 2914 410 2950 in
427 2914 619 2950 libertatem
635 2914 757 2961 ylorioe
780 2914 938 2961 filiorum
956 2915 1034 2951 Dei.
1063 2915 1164 2951 Tunc

106 2975 203 3012 enim
221 2986 308 3012 vera
340 2976 378 3012 in
404 2976 508 3012 nobis
539 2976 687 3012 libertas
714 2975 797 3019 erit,
832 2986 915 3012 cum
947 2976 992 3012 ad
1011 2976 1163 3023 gloriam

107 3034 261 3072 filiorum
278 3036 342 3072 Dei
369 3037 511 3083 adoptio
543 3042 664 3072 nostra
696 3037 914 3083 pervenerit.
945 3036 1048 3073 Nunc
1077 3046 1164 3073 vero

107 3107 179 3134 non
199 3098 316 3135 solum
339 3099 459 3135 activa
486 3099 523 3135 in
551 3099 723 3136 servitute
753 3104 821 3143 est,
857 3100 919 3135 sed
943 3100 1053 3136 etiam
1077 3111 1165 3136 con-

109 3158 292 3205 templatio
308 3170 379 3205 qua
396 3170 506 3207 super
526 3171 592 3196 nos
615 3160 791 3205 rapimur,
827 3159 1034 3196 libertatem
1059 3171 1163 3196 men-

109 3219 157 3256 tis
174 3230 247 3256 non
263 3220 413 3264 obtinet,
432 3222 494 3257 sed
516 3220 694 3265 imitatur,
716 3220 801 3267 quia
826 3220 887 3257 illa
913 3221 1015 3266 quies
1035 3221 1164 3258 intima

109 3279 148 3318 in
165 3282 353 3329 aenigmate
371 3283 526 3319 videtur.

158 3344 200 3383 Si
228 3347 306 3394 quis
334 3346 526 3383 vendiderit
556 3345 668 3392 filiam
695 3356 796 3381 suam
820 3346 858 3382 in
883 3345 1067 3391 famulam,
1097 3356 1168 3382 non

112 3405 306 3453 eqredae'etur
331 3407 421 3446 sieut
446 3405 586 3443 ancillae
608 3407 704 3442 exire
726 3412 951 3442 consuerant.
980 3405 1019 3442 Si
1045 3405 1169 3452 displi-

93 3466 224 3501 ‘uerit
252 3465 362 3502 oculis
377 3462 509 3502 domini
535 3466 591 3502 cui
617 3466 749 3502 tradita
775 3466 843 3512 fuit
862 3466 1034 3509 ,dimittet
1056 3475 1135 3501 eam
1152 3476 1166 3503 .·

114 3524 240 3573 populo
253 3533 368 3562 autem
383 3521 499 3563 abeno
513 3526 680 3563 vendendi
701 3537 771 3562 non
792 3526 929 3562 ltabebit
945 3530 1164 3572 potestatam,

111 3580 153 3621 ὓ
175 3587 339 3634 spreverit
366 3599 457 3625 eam.
492 3588 559 3626 Sin
588 3595 706 3625 autem
737 3588 813 3635 filio
848 3599 912 3624 suo
943 3588 1167 3634 desponderit

96 3636 208 3690 'ihu
226 3646 331 3693 jum
354 3659 485 3686 morem
498 3647 655 3695 finarum
681 3650 785 3697 saciet
809 3649 876 3685 aa.
899 3648 1002 3693 Quod
1025 3649 1054 3684 ει·
1076 3649 1166 3685 atte-

110 3693 256 3746 'mvi
269 3709 453 3756 acceperit,
475 3709 664 3758 providebit
682 3710 808 3758 puellae
830 3711 990 3758 nuptias,
1005 3715 1038 3746 et
1063 3711 1168 3747 vesti-

122 3753 242 3805 m
253 3765 458 3818 mim
471 3770 653 3821 puatotttoe
671 3781 741 3810 mm
758 3771 912 3824 nequivit.
945 3770 985 3809 sa
1001 3771 1071 3809 ata
1096 3772 1167 3809 ma

1234 2119 1304 2154 tria
1322 2119 1396 2154 ltoec
1430 2131 1501 2156 non
1530 2120 1651 2166 fecerit
1679 2122 1723 2164 ei,
1750 2122 1857 2158 exibit
1878 2124 2001 2169 qratia.
2027 2123 2103 2162 Hoc
2134 2125 2305 2175 intelligi-

1236 2187 1307 2224 tur,
1339 2182 1369 2218 si
1388 2193 1469 2218 eam
1490 2183 1566 2230 ipse
1587 2184 1783 2221 concubitu
1803 2195 1875 2222 non
1902 2185 2161 2232 humiliaverit,
2186 2199 2305 2236 neque

1235 2242 1309 2279 filio
1329 2254 1395 2280 suo
1422 2244 1666 2291 conjunxerit,
1692 2254 1810 2293 neque
1830 2247 1939 2284 aliam
1958 2248 2033 2285 filio
2052 2259 2118 2286 suo
2139 2251 2303 2296 ductam,

1235 2305 1345 2341 istam
1363 2306 1524 2352 eJecerit‚
1547 2307 1662 2344 abibit
1683 2308 1821 2355 gratis:
1844 2309 1881 2346 id
1899 2314 1967 2352 est,
1988 2309 2142 2347 sufficiet
2165 2312 2201 2348 ei
2230 2322 2305 2350 non

1235 2365 1352 2402 teneri
1371 2365 1407 2402 in
1436 2366 1626 2402 servitute.
1648 2366 1774 2404 Abibit
1797 2369 1895 2404 enim
1921 2369 2011 2405 nihil
2039 2371 2237 2416 accipiens,
2264 2376 2304 2409 ut

1235 2437 1362 2463 servus
1381 2427 1569 2463 Hebraeus.
1602 2427 1680 2463 Non
1701 2428 1798 2464 enim
1817 2429 1902 2466 licet
1921 2430 2075 2467 Domino
2093 2429 2172 2475 ejus
2189 2441 2302 2478 copu—

1236 2486 1424 2522 lareillam
1445 2487 1525 2523 viro
1549 2497 1620 2523 non
1645 2487 1810 2531 Hebraeo,
1832 2498 1941 2534 quam
1961 2501 2034 2526 non
2058 2491 2144 2527 licet
2169 2497 2306 2530 exterae

1235 2546 1333 2592 genti
1352 2546 1460 2582 tradi.
1485 2546 1525 2582 Si
1546 2553 1662 2582 autem
1684 2557 1781 2583 servo
1801 2547 1963 2585 Hoebroeo
1981 2561 2059 2586 eam
2073 2551 2303 2599 copulaverit,

1236 2607 1305 2642 hoc
1329 2605 1453 2651 utique
1482 2605 1694 2652 intelligitur
1719 2608 1814 2653 quod
1844 2618 1929 2645 cum
1959 2620 2005 2647 eo
2035 2612 2149 2659 gratis
2174 2613 2302 2659 exibit,

1235 2676 1466 2712 nequaquam
1497 2677 1518 2703 a
1543 2667 1676 2704 marito
1711 2673 1892 2715 separata.
1922 2670 2072 2718 Mystice
2099 2679 2236 2718 autem,
2271 2675 2304 2714 si

1235 2728 1317 2774 quis
1334 2729 1500 2764 devotam
1518 2729 1781 2776 subiectionem
1799 2741 1908 2778 quam
1934 2733 2052 2771 bonus
2071 2735 2217 2774 animus
2234 2748 2301 2785 ge·

1234 2789 1325 2832 nuit,
1345 2789 1494 2826 cuilibet
1506 2789 1647 2827 doctori
1665 2791 1708 2826 ad
1730 2792 1972 2830 obediendum
1999 2795 2204 2840 tradiderit,
2226 2808 2300 2835 non

1234 2853 1290 2884 est
1307 2859 1467 2894 aequum,
1482 2856 1523 2886 ut
1543 2856 1663 2896 spreta
1680 2852 1725 2888 ab
1746 2852 1808 2889 iilo
1822 2853 1878 2889 vel
1895 2854 2059 2899 confusa,
2081 2856 2273 2903 abjiciatur
2289 2870 2299 2895 :

1234 2908 1298 2945 sed
1314 2909 1389 2945 sive
1406 2909 1475 2946 sibi
1496 2910 1549 2947 vel
1571 2910 1725 2957 probato
1743 2912 1920 2960 discipulo
1941 2915 2071 2962 jungat
2086 2917 2133 2952 ad
2149 2926 2301 2955 consor-

1237 2970 1327 3006 tium
1341 2971 1556 3018 disciplinae,
1581 2973 1611 3009 si
1627 2974 1696 3010 hoc
1711 2974 1871 3022 elegerit,
1893 2976 1948 3013 vel
1969 2977 2040 3014 alio
2059 2978 2199 3015 doctori
2216 2991 2300 3018 eum

1235 3033 1476 3076 commendet,
1502 3034 1540 3069 in
1567 3033 1669 3080 cujus
1696 3036 1868 3073 societate
1898 3038 2076 3083 prolicere
2104 3041 2232 3086 possit,
2265 3046 2303 3079 et

1235 3092 1314 3139 ipse
1340 3093 1515 3130 benevola
1538 3100 1660 3132 mente
1687 3106 1772 3132 eum
1792 3107 1875 3133 cum
1891 3098 2020 3135 solatio
2042 3108 2300 3148 prosequatur,

1236 3164 1304 3191 nec
1317 3165 1472 3191 vacuum
1495 3156 1686 3194 dilectione
1706 3168 1727 3194 a
1746 3168 1784 3195 se
1811 3160 1961 3197 credere
1983 3162 2184 3208 permittat.
2216 3162 2300 3199 Hae-

1236 3217 1350 3254 retico
1364 3223 1485 3254 autem
1503 3219 1641 3256 homini
1658 3220 1715 3257 vel
1731 3221 1979 3266 schismatico,
2005 3222 2066 3268 qui
2085 3222 2226 3259 alienus
2243 3229 2301 3261 est

1235 3287 1259 3313 a
1271 3278 1335 3314 Dei
1350 3279 1496 3325 populo,
1520 3291 1593 3317 non
1619 3281 1730 3318 habet
1753 3286 1971 3328 potestatem
1988 3281 2089 3318 illum
2107 3280 2297 3329 tradendi;

1236 3339 1301 3375 sed
1321 3339 1352 3376 si
1372 3340 1452 3386 ipse
1469 3341 1631 3377 laborem
1659 3342 1704 3378 de
1729 3351 1773 3378 eo
1791 3342 1917 3379 subire
1942 3341 2115 3386 noluerit,
2140 3341 2297 3381 liberum

1233 3403 1406 3439 recedere
1425 3404 1598 3449 patiatur,
1618 3409 1660 3439 ut
1681 3404 1750 3441 sibi
1765 3405 1980 3450 magistrum
2000 3410 2110 3450 quem
2127 3405 2216 3443 velit
2232 3406 2300 3444 eli-

1234 3469 1308 3508 gat.
1343 3462 1383 3499 Si
1401 3463 1479 3510 qui·
1513 3463 1723 3510 percusserit
1752 3462 1904 3509 aliquem
1921 3468 1955 3499 et
1985 3469 2146 3502 mortuus
2173 3465 2296 3512 suem,

1236 3528 1348 3558 morte
1361 3524 1547 3560 monam.
1573 3522 1644 3565 Qut
1666 3527 1782 3557 autem
1797 3521 1935 3568 Mene,
1962 3524 2023 3560 sed
2034 3524 2133 3563 But
2147 3526 2298 3564 tradidit

1238 3581 1275 3617 in
1291 3593 1416 3618 mantis
1435 3582 1525 3628 εἰπε,
1552 3581 1643 3618 dabo
1661 3582 1724 3618 tibi
1738 3581 1854 3620 locam
1867 3584 1908 3620 in
1931 3594 2033 3632 quem
2052 3585 2298 3633 sapiat-Quat-

1238 3642 1333 3678 ritur
1354 3643 1416 3679 bic
1431 3642 1614 3688 quomodo
1631 3642 1767 3680 dictum
1780 3650 1852 3690 eet,
1872 3644 1912 3682 Si
1928 3652 2047 3683 amn
2071 3646 2216 3692 mens,
2232 3647 2297 3686 ml

1237 3702 1334 3738 Deus
1351 3702 1497 3740 tradidit
1512 3703 1552 3738 in
1567 3712 1692 3740 totam
1705 3703 1783 3751 eju
1801 3713 1815 3742 .·
1832 3706 1945 3752 quant·
1952 3711 1992 3744 et
2004 3706 2038 3744 ni
2054 3706 2297 3747 tiemoni-

1237 3767 1344 3813 derit,
1379 3775 1455 3806 non
1486 3772 1610 3826 posset
1640 3765 1821 3819 occidere,
1840 3768 1912 3810 nini
1943 3769 2040 3812 Dus
2065 3770 2228 3814 tum
2254 3771 2296 3818 in
