2540 4016
269 187 360 224 1145

714 179 755 214 Β.
783 176 953 214 RABANI
979 175 1126 216 MAURI
1150 173 1364 213 ARCHIEP.
1391 172 1597 214 MOGUNT.
1625 175 1815 215 OPERUM
1836 175 1957 214 PARS
1980 177 2009 214 1.

2452 0 2493 70 'i

2341 149 2476 225 κη’

269 270 338 304 tur,
363 260 447 307 quia
466 257 534 304 ipsi
551 256 613 303 qui
629 264 760 301 corpus
775 264 879 294 suun
897 253 1076 300 castigant
1091 258 1128 290 et
1145 253 1316 289 cohibent
1332 248 1370 289 A
1384 259 1449 286 vos
1460 277 1471 294 ,
1488 255 1528 286 ut
1547 252 1609 297 qui
1626 262 1721 288 nunc
1739 252 1834 298 capti
1859 257 1943 288 sunt
1963 253 2008 288 ab
2029 261 2155 290 errore
2172 258 2209 291 et
2226 253 2341 300 vitiis,
2351 257 2444 299 ,inm

266 336 285 360 a
304 320 473 370 peccatis,
498 328 540 354 ac
558 318 656 365 juste
679 316 844 361 judicant
864 314 1050 360 proximos
1072 323 1171 356 suos,
1195 313 1320 349 incen-

265 386 423 428 duntque
453 381 491 417 in
519 380 579 416 via
611 377 788 419 veritatis,
815 382 914 413 recte
949 375 1128 412 credendo
1159 380 1196 411 et
1227 375 1320 411 bene

264 443 457 492 operando,
486 440 678 478 Dominum
699 439 951 475 universorum
975 437 1043 473 rite
1068 442 1104 473 et
1120 436 1320 474 rationabi-

262 508 344 544 liter
373 504 533 540 laudant.
559 501 628 546 Qui
658 500 755 537 enim
779 499 940 546 peccatis
962 498 1184 541 deserviunt,
1209 498 1316 544 digne

261 569 451 606 Dominum
468 565 614 602 laudare
628 573 699 600 non
714 566 879 609 possunt,
898 560 993 596 unde
1006 571 1072 606 per
1090 559 1318 606 psalmistam

261 630 391 667 dicitur
409 641 416 663 :
434 626 534 662 Beati
551 622 768 660 immaculati
779 623 815 658 in
829 622 898 664 via,
916 621 975 667 qui
995 619 1176 655 ambulant
1188 620 1226 654 in
1244 618 1316 665 [eye

258 689 415 726 Domini.
437 686 539 722 Beati
556 685 615 731 qui
634 687 840 719 scrutantur
854 681 1052 717 testimonia
1074 680 1150 726 ejus
1163 707 1173 723 ,
1192 680 1229 714 in
1245 684 1316 713 toto

259 748 362 786 corde
388 746 571 793 exquirunt
596 754 674 779 eum
695 741 816 790 (Psat.
838 739 988 788 cxvln).
1019 739 1097 776 Non
1128 739 1224 775 enim
1253 737 1315 784 qui

258 813 453 856 operantur
484 805 711 850 iniquitatem
744 803 782 838 in
811 801 880 837 viis
912 800 988 845 ejus
1023 799 1311 835 ambulaverunt.

258 870 304 904 Et
324 868 409 903 alibi
437 867 610 912 scriptum
633 868 688 900 est
712 875 720 898 :
742 861 826 897 Non
846 866 897 897 est
920 859 1066 906 pulchra
1093 858 1250 894 laudatio
1278 858 1314 893 in

258 941 316 964 ore
339 928 529 975 peccatoris
548 925 674 973 (Eccti.
695 923 750 970 Π).

306 988 371 1024 Ubi
394 988 506 1024 collisi
531 993 610 1022 sunt
640 996 784 1029 currus,
814 989 845 1019 et
870 982 1020 1018 hostium
1044 987 1094 1018 est
1120 982 1312 1027 suffocatus

256 1051 441 1093 exercitus,
467 1050 514 1085 ibi
531 1054 722 1083 narrantur
732 1047 881 1092 justitiae
901 1044 1056 1086 Domini,
1078 1048 1108 1078 et
1131 1042 1311 1078 clementia

254 1110 413 1155 infortes
434 1108 560 1143 Israel.
581 1107 661 1149 Ubi,
682 1105 797 1151 inquit
813 1132 821 1147 ,
845 1104 956 1139 cottisi
974 1109 1053 1138 sunt
1082 1113 1218 1144 currus,
1241 1102 1310 1137 hoc

1388 310 1496 354 eruti,
1515 312 1680 349 veritatis
1703 317 1739 349 et
1752 311 1902 357 justitiae
1929 312 2064 359 captivi
2089 312 2190 350 fiant.
2208 315 2272 352 Ille
2296 326 2382 365 ergo
2398 320 2463 359 (b.

1387 369 1550 407 hostibus
1568 372 1816 417 captivitatem
1832 373 1901 408 rite
1919 373 2049 418 capiet,
2067 373 2130 419 qui
2146 375 2305 414 coelestis
2318 378 2446 418 «Patris
2473 388 2482 396 ’

1386 440 1599 476 responsum
1618 437 1656 468 et
1675 433 1844 468 decorem
1867 438 1977 470 rectae
2001 433 2084 470 fidei
2108 445 2152 471 ac
2167 435 2341 474 virtutum
2370 450 2445 477 ser-

1385 492 1534 528 vaverit.
1556 492 1600 527 Et
1622 497 1706 527 nota
1727 493 1823 538 quod
1848 493 1950 538 prius
1967 503 2116 541 surgere
2135 496 2313 543 Debbora,
2339 505 2376 536 et
2393 501 2446 538 lo-

1385 552 1447 598 qui
1467 553 1670 596 canticum,
1698 553 1826 589 deinde
1844 553 1986 590 Barach
2007 565 2172 603 surgere,
2188 563 2225 595 et
2242 560 2445 607 apprehen·
2517 603 2527 611 δ

1385 614 1470 650 dere
1488 614 1648 659 captivos
1667 614 1926 660 adhortantur;
1956 618 2039 663 quia
2059 619 2214 665 primum
2235 621 2333 667 justo
2349 623 2445 669 judi·
2470 639 2474 642 ·

1385 673 1441 709 cio
1460 673 1525 708 Dei
1541 672 1676 710 factum
1693 682 1768 719 est,
1787 677 1892 723 juxta
1913 677 2014 714 Pauli
2034 690 2174 725 vocem,
2195 688 2236 718 ut
2255 684 2442 729 plenitudo

1385 735 1545 781 gentium
1574 737 1749 773 vaticinio
1782 739 2041 785 prophetarum
2068 743 2237 787 credens,
2267 746 2312 781 ad
2335 745 2444 782 fidem

1384 795 1519 832 Christi
1548 797 1715 842 intraret,
1751 804 1787 834 et
1822 800 1874 836 sic
1904 801 2020 837 omnis
2049 803 2159 840 Israel
2188 805 2309 841 salvus
2340 807 2446 843 fieret

1385 857 1502 904 (Rom.
1522 859 1587 907 xl).
1623 860 1683 896 Sic
1700 871 1786 908 ergo
1806 867 1843 898 et
1866 863 1904 898 iu
1927 863 1996 899 hoc
2025 869 2187 912 tempore
2207 867 2368 914 reliquiae
2392 879 2448 906 se-

1384 918 1540 953 cundum
1559 919 1771 957 electionem
1798 923 1923 968 gratiae
1949 924 2057 960 salvae
2084 925 2190 962 factae
2217 934 2319 972 sunt;
2349 931 2445 967 unde

1381 979 1545 1024 sequitur
1566 994 1572 1015 :
1595 981 1709 1017 Salva?
1727 983 1830 1028 fnctoe
1845 990 1927 1020 sunt
1942 985 2099 1032 reliquiae
2118 988 2251 1034 populi,
2271 990 2443 1027 Dominus

1381 1042 1418 1075 in
1432 1042 1581 1086 sortibus
1595 1043 1784 1079 dimicavit.
1803 1045 2086 1082 Persistcntibus
2101 1058 2186 1094 ergo
2203 1050 2239 1084 in
2256 1049 2326 1086 fide
2339 1050 2442 1086 Chri-

1382 1099 1426 1134 sti
1461 1101 1644 1146 apostolis,
1682 1107 1718 1137 et
1751 1104 2048 1149 praedicatoribus
2085 1107 2282 1153 Evangelii,
2320 1111 2437 1147 minas

255 1175 323 1212 est,
337 1170 537 1204 daemonum
558 1166 765 1203 confractus
782 1170 837 1200 est
853 1168 1080 1210 potentatus;
1107 1167 1138 1197 et
1159 1162 1308 1196 hostium
1329 1145 1361 1185 Β
1382 1168 1491 1208 atque
1514 1173 1643 1208 poenas
1667 1171 1942 1210 persecutorum
1971 1177 2035 1212 per
2061 1169 2272 1214 patientiam
2295 1172 2442 1208 vincen-

254 1238 305 1266 est
318 1231 510 1276 suffocatus
529 1228 713 1269 exercitus,
735 1226 975 1272 malignorum
996 1225 1188 1270 spirituum
1207 1223 1309 1259 vide-

253 1291 338 1326 licet
364 1297 590 1334 compressus
618 1291 674 1321 est
698 1285 883 1320 tumultus.
913 1283 968 1318 Ibi
990 1289 1183 1318 narrantur
1201 1283 1311 1328 justi-

254 1351 312 1385 tioe
340 1348 493 1389 Domini,
517 1352 548 1381 et
579 1345 761 1379 clementia
786 1345 822 1378 in
850 1344 957 1388 fortes
987 1342 1122 1384 Israel,
1153 1342 1236 1387 quia
1261 1343 1310 1376 ibi

251 1408 440 1455 patefactae
469 1411 553 1442 sunt
574 1405 725 1452 justitiae
745 1404 908 1446 Domini,
928 1403 989 1438 uhi
1007 1402 1159 1438 victoria
1185 1402 1228 1437 de
1247 1402 1311 1437 ho-

252 1469 367 1507 stibus
386 1468 514 1504 collata
529 1472 584 1503 est
600 1466 744 1502 famulis
760 1465 915 1507 Christi;
938 1464 987 1500 ibi
1006 1470 1040 1500 et
1062 1463 1253 1499 clementia
1273 1462 1310 1498 in

252 1529 362 1565 sortes
390 1528 498 1564 lsrael
521 1532 691 1563 narratur
706 1554 715 1570 ,
737 1527 798 1562 ubi
826 1526 949 1562 fideles
971 1525 1222 1561 misericordia
1242 1524 1309 1560 Dei

253 1592 361 1637 adjuti
394 1601 472 1627 esse
498 1589 788 1626 manifestantur.
817 1588 943 1624 Merito
962 1597 1048 1633 ergo
1076 1591 1161 1621 tune
1188 1585 1311 1620 interi-

252 1659 310 1689 tus
336 1653 494 1689 hostium
526 1652 743 1698 praedicatur
760 1677 768 1693 ‚
789 1650 930 1695 quando
960 1648 1124 1692 voluptas
1154 1645 1311 1681 carnalis

252 1714 481 1760 opprimitur,
499 1713 639 1758 justitia
658 1712 695 1747 i'n
717 1711 853 1756 judicio
874 1713 1052 1751 servatur,
1074 1713 1110 1743 et
1131 1705 1310 1742 rectitudo

251 1776 335 1812 fidei
360 1787 441 1812 eum
467 1775 571 1811 bonis
595 1773 763 1819 operibus
793 1770 1005 1808 custoditur.
1037 1768 1140 1805 Unde
1161 1765 1310 1812 subjun-

250 1843 382 1885 guntur
407 1850 414 1871 :
444 1836 539 1871 Tunc
564 1833 740 1870 descendit
762 1831 910 1879 populus
936 1830 1078 1865 Domini
1107 1829 1152 1864 ad
1173 1834 1309 1874 portas,

251 1905 281 1934 ct
311 1897 459 1933 obtinuit
478 1895 727 1942 principatum.
754 1893 823 1928 Per
847 1890 1026 1937 justitiam
1054 1899 1139 1936 ergo
1158 1888 1309 1934 populus

250 1958 394 1995 Domini
406 1963 529 2004 portas
538 1956 696 1992 hostium
712 1955 843 2000 capiet,
856 1959 892 1990 et
902 1953 1041 1989 obtinet
1050 1950 1308 1996 prIncipatum,

251 2021 333 2066 quia
352 2018 439 2055 illud
463 2017 682 2054 sacrificium
703 2015 855 2052 Domino
879 2012 1101 2059 acceptabile
1123 2017 1191 2054 est,
1216 2010 1312 2057 quod

251 2083 287 2118 in
316 2082 454 2126 Justitia
486 2079 634 2115 offertur
667 2083 704 2113 et
735 2077 917 2122 aequitate.
957 2074 1153 2120 Propterea
1185 2072 1271 2108 dicit
1297 2082 1306 2106 :

251 2141 346 2176 Justi
367 2140 554 2184 confortati
573 2144 653 2172 sunt
674 2138 710 2171 in
731 2135 858 2171 Israel.
884 2135 923 2169 In
946 2133 1024 2168 aliis
1049 2133 1195 2178 quidem
1219 2142 1307 2177 gcu-

252 2203 349 2238 tibus
366 2201 427 2247 qui
442 2198 604 2244 corporis
621 2197 751 2232 robore
771 2195 939 2230 fortiores
959 2198 1055 2234 sunt,
1076 2192 1126 2226 illi
1143 2195 1309 2236 potentes

252 2263 421 2299 dicuutur
440 2261 476 2296 in
497 2258 640 2305 przeli03
660 2258 697 2292 in
719 2255 828 2292 Israel
842 2264 928 2290 vero
948 2251 1191 2298 quijustiores
1212 2255 1305 2292 sunt,

252 2325 320 2369 ipsi
348 2321 569 2368 potentiores
601 2318 769 2353 dicuntur
801 2316 837 2350 in
878 2314 1002 2356 bellis3
1037 2312 1121 2356 quia
1144 2311 1308 2355 justitia,

252 2382 392 2420 etiamsi
418 2380 555 2415 viribus
580 2378 723 2414 infirma
750 2375 810 2418 sit,
843 2375 976 2417 vincit;
999 2371 1175 2417 injustitia
1207 2380 1308 2414 vcro,

252 2443 395 2481 etiamsi
413 2441 546 2478 multos
564 2444 600 2476 et
617 2438 755 2474 validos
774 2438 1061 2483 propugnatores
1079 2433 1227 2475 habeat,
1252 2441 1311 2468 su-

252 2510 410 2553 peratur.
440 2499 501 2538 Sic
530 2501 639 2548 igitur
658 2500 694 2535 in
720 2500 787 2534 hac
811 2502 916 2544 gente
942 2500 1081 2538 nostra,
1113 2493 1149 2529 id
1176 2498 1243 2536 est,
1274 2492 1311 2529 in

253 2568 383 2616 populo
404 2566 489 2610 Dei,
521 2570 583 2600 aut
610 2574 676 2610 per
705 2561 886 2608 justitiam
906 2566 1130 2605 superamus,
1154 2562 1215 2594 aut
1246 2566 1312 2604 per

253 2630 467 2677 injustitiam
487 2626 680 2662 vincimur.

304 2689 429 2734 Surge,
449 2698 566 2732 surge,
584 2684 758 2727 Debbora,
773 2694 876 2730 surqe
893 2687 925 2718 et
936 2682 1100 2728 conquire
1121 2681 1309 2716 canticum.

253 2750 448 2797 Prophetia
488 2749 630 2795 quaudo
670 2746 858 2792 exsurgit?
889 2743 1055 2780 Profecto
1079 2744 1116 2779 in
1154 2744 1311 2778 adventu

255 2813 409 2855 Christi,
430 2809 574 2856 quando
605 2807 797 2853 implentur
819 2806 939 2842 omnia
965 2815 1044 2850 quae
1072 2805 1116 2840 dc
1142 2803 1218 2848 eJus
1250 2804 1312 2839 ad-

254 2879 365 2910 ventu
383 2872 518 2918 scripta
536 2875 637 2912 sunt,
661 2875 698 2906 et
724 2878 796 2904 non
818 2867 934 2903 solum
954 2867 1028 2912 ipsa
1053 2866 1227 2912 exsurgit,
1248 2865 1312 2901 sed

1379 1223 1491 1266 tibus,
1515 1224 1659 1259 Domini
1680 1225 1795 1260 virtus
1815 1226 1984 1269 innotuit,
2014 1232 2050 1262 et
2070 1227 2153 1263 inde
2173 1239 2245 1264 non
2265 1232 2370 1275 pauci
2396 1243 2441 1267 ex

1379 1283 1529 1319 Judaico
1557 1285 1687 1329 populo
1720 1286 1763 1320 ad
1785 1285 1891 1320 fidem
1919 1286 2055 1322 Christi
2084 1295 2342 1326 convenerunt.
2368 1291 2441 1329 Nec

1379 1352 1451 1377 non
1490 1347 1525 1377 et
1556 1343 1716 1387 quotidie
1753 1344 1862 1390 aliqui
1893 1355 1936 1381 ex
1964 1345 2034 1383 illis
2060 1355 2341 1395 convertuntur,
2378 1354 2441 1389 sed

1378 1401 1552 1446 perfectio
1573 1403 1818 1440 conversionis
1839 1415 1962 1441 eorum
1971 1412 2053 1451 post
2072 1408 2330 1454 plenitudinem
2351 1422 2439 1458 gen-

1378 1462 1467 1496 tium
1486 1461 1748 1498 subintrantem
1769 1464 1804 1500 in
1824 1464 1895 1502 line
1911 1469 2169 1505 reservabitur.

1426 1523 1483 1558 Ea:
1508 1523 1677 1569 Ephraim
1701 1525 1824 1562 delevit
1851 1539 1907 1562 cos
1932 1529 1969 1563 in
1992 1529 2148 1566 Amalec.
2174 1530 2244 1568 Per
2268 1532 2440 1578 Ephraim

1379 1584 1488 1630 igitur
1506 1592 1595 1621 natu
1615 1586 1814 1630 minorem,
1844 1590 1900 1625 cui
1927 1589 2039 1626 Jacob
2059 1592 2264 1637 patriarcha
2287 1594 2438 1630 benedi-

1380 1653 1496 1690 cente,
1535 1648 1768 1695 primogeniti
1795 1651 1923 1687 collata
1952 1658 2008 1688 est
2041 1653 2212 1699 dignitaS,
2247 1654 2363 1693 fidelis
2395 1667 2440 1692 ex

1379 1708 1585 1744 nationibus
1603 1710 1755 1755 populus
1775 1711 2003 1758 designatur,
2032 1714 2068 1749 in
2089 1713 2223 1750 Christi
2247 1716 2362 1761 gratia
2376 1716 2438 1762 ju-

1379 1769 1460 1804 nior
1474 1775 1649 1816 tempore,
1669 1773 1733 1807 scd
1752 1772 1868 1817 maior
1888 1773 1972 1818 lide,
1995 1775 2039 1810 ad
2058 1785 2164 1821 quem
2180 1781 2309 1812 cuncta
2324 1776 2441 1814 Israe-

1378 1831 1468 1867 litici
1490 1833 1610 1879 populi
1628 1834 1743 1880 gratia
1764 1836 1941 1871 transivit.
1963 1835 2030 1872 Hic
2052 1846 2138 1883 ergo
2160 1838 2284 1873 hostes
2303 1837 2439 1874 delevit

1378 1892 1414 1927 in
1427 1891 1588 1937 Amalec,
1618 1895 1701 1940 quia
1715 1905 1780 1941 per
1805 1896 1919 1931 zelum
1936 1897 1999 1933 Dei
2021 1902 2057 1933 et
2075 1898 2157 1933 fidei
2173 1898 2437 1943 fortitudinem,

1380 1952 1621 1998 malignorum
1644 1956 1849 2000 spirituum,
1879 1957 1940 2002 qui
1966 1958 2162 1994 humanam
2183 1969 2325 2005 semper
2344 1959 2439 1995 desi-

1382 2012 1509 2048 derant
1524 2016 1736 2060 perniciem,
1757 2028 1905 2061 pravam
1923 2020 2189 2064 suggestionem
2206 2030 2225 2054 a
2244 2025 2438 2065 conspectu

1380 2075 1498 2111 cordis
1518 2076 1572 2111 sui
1599 2076 1717 2113 delere
1736 2078 1893 2112 student.
1925 2078 1971 2112 Et
1990 2085 2065 2124 post
2086 2090 2165 2113 eum
2190 2090 2232 2114 eas
2251 2079 2437 2123 Benjamin

1377 2137 1414 2171 in
1438 2137 1583 2182 populos
1607 2143 1709 2181 tuos,
1738 2150 1756 2173 ο
1795 2138 1972 2174 Amalech.
1993 2139 2061 2175 Per
2077 2139 2277 2185 Benjamin,
2305 2141 2365 2186 qui
2393 2151 2438 2177 ex.

1378 2197 1452 2232 filio
1477 2197 1610 2233 doloris
1646 2198 1682 2233 in
1711 2198 1826 2233 filium
1861 2199 2019 2234 dexterae
2042 2209 2170 2235 versus
2191 2205 2246 2236 est
2263 2227 2273 2244 ,
2305 2199 2438 2237 Paulus

1379 2256 1562 2302 apostolus
1589 2257 1812 2303 designatur,
1839 2259 1898 2305 qui
1921 2259 1968 2295 de
1982 2266 2213 2305 persecutore
2231 2261 2267 2296 in
2295 2267 2438 2308 aposto-

1378 2317 1451 2352 lum
1474 2318 1662 2354 vocatione
1688 2319 1751 2355 Dei
1773 2326 1921 2366 repente
1942 2326 2114 2365 mutatus,
2147 2332 2211 2358 vas
2247 2323 2436 2359 electionis

1379 2376 1523 2413 Christo
1541 2378 1690 2415 effectus
1716 2385 1770 2415 cst
1799 2380 1891 2427 (Act.
1914 2381 1964 2427 ix)
1990 2395 1996 2416 :
2020 2383 2096 2428 ipse
2115 2383 2210 2418 enim
2238 2393 2276 2419 se
2300 2393 2345 2419 ex
2368 2384 2436 2419 hac

1379 2438 1476 2474 tribu
1501 2438 1611 2474 fuisse
1639 2445 1810 2483 testatur,
1851 2441 1913 2476 sed
1939 2441 1998 2476 hic
2028 2443 2072 2478 ad
2090 2442 2238 2488 populos
2264 2443 2435 2479 Amalech

1379 2498 1551 2535 delendos
1575 2504 1665 2535 nutu
1684 2500 1805 2536 divino
1831 2500 2029 2538 destinatus
2049 2509 2124 2546 est,
2146 2504 2230 2549 quia
2247 2514 2312 2551 per
2339 2506 2436 2541 hunc

1379 2560 1416 2595 in
1435 2561 1601 2607 gentibus
1622 2562 1781 2597 maxime
1800 2566 1836 2598 et
1857 2563 2061 2600 idololatria
2080 2569 2116 2600 et
2142 2565 2280 2602 delusio
2301 2568 2437 2604 erroris

1380 2621 1549 2658 diabolici
1570 2622 1755 2660 destructa
1776 2628 1845 2659 est.

1426 2682 1479 2718 De
1508 2683 1648 2719 Macltir
1672 2686 1845 2732 principes
1868 2686 2120 2724 descenderunt
2141 2695 2174 2724 et
2193 2690 2236 2725 de
2261 2688 2434 2734 Zabulon,

1378 2744 1438 2789 qui
1457 2745 1646 2782 exercitum
1670 2746 1835 2782 ducerent
1865 2747 1910 2782 nd
1943 2748 2155 2786 bellandum.
2189 2750 2341 2793 Machir,
2372 2751 2435 2798 qui

1380 2804 1637 2850 interpretatur
1663 2807 1841 2851 restituet,
1866 2809 1942 2844 sive
1966 2810 2192 2854 venundavit,
2215 2817 2251 2846 et
2277 2816 2332 2847 est
2360 2813 2437 2858 pri-

1381 2868 1583 2912 mogenitus
1616 2868 1781 2905 Manasse
1812 2871 2042 2917 primogeniti
2075 2871 2221 2918 Joseph‚
2257 2873 2437 2919 significat

256 2941 294 2972 et
307 2934 457 2980 populos
480 2932 631 2968 suscitat
651 2930 696 2966 ad
714 2929 955 2971 credendum,
978 2928 1046 2963 hoc
1066 2932 1121 2962 est
1142 2927 1238 2962 enim
1261 2926 1312 2962 lo-
1329 2931 1365 2972 1)
1382 2928 1552 2973 populum
1569 2929 1726 2974 priorem
1745 2931 1787 2966 de
1807 2941 1878 2977 quo
1898 2933 2091 2978 principes,
2111 2934 2180 2969 hoc
2197 2938 2264 2975 est,
2284 2935 2438 2979 apostoli

256 2995 318 3041 qui
335 2994 528 3033 canticum,
548 2996 588 3026 ut
601 2991 740 3026 cunctis
759 2989 893 3025 Christi
910 2989 1077 3034 gentibus
1095 2988 1313 3032 praedicetur

257 3051 503 3098 Evangelium.
528 3050 655 3095 Surge,
688 3048 841 3091 Baracn,
866 3055 897 3083 et
927 3049 1142 3094 apprehende
1161 3050 1313 3096 captivos

259 3123 350 3157 tuos,
372 3113 424 3159 fili
449 3110 629 3146 Abinoem.
649 3108 864 3145 Praedictum
883 3115 937 3144 est
964 3110 1058 3154 quod
1080 3109 1232 3153 Barach,
1252 3110 1314 3156 qui

259 3178 521 3221 interpretatur
547 3170 755 3213 coruscatio,
780 3169 1000 3216 significaret
1018 3171 1176 3216 priorem
1199 3181 1313 3217 popu-

259 3240 349 3281 lum,
369 3236 429 3282 qui
446 3235 492 3271 ad
505 3235 614 3270 breve
627 3238 769 3278 tempus
783 3232 821 3268 iu
835 3232 923 3278 legis
944 3231 1134 3277 splendore
1147 3242 1317 3268 corusca-

261 3299 329 3343 vit,
354 3297 417 3334 sed
444 3305 515 3332 non
537 3295 597 3330 diu
615 3292 834 3339 permansit,
867 3301 936 3328 nec
961 3292 1168 3328 continuum
1199 3292 1317 3337 potuit

264 3358 355 3394 lucis
390 3355 555 3392 obtinere
585 3353 775 3399 fulgorem.
820 3350 893 3388 Sed
926 3361 1022 3387 nunc
1056 3351 1132 3397 ipse
1168 3362 1317 3398 surgere

263 3419 475 3455 exhortatur
492 3416 537 3450 ad
551 3412 894 3459 apprehendendum
909 3412 1072 3459 captivos
1090 3422 1188 3456 suos,
1206 3413 1318 3449 idem-

264 3489 334 3527 que
351 3477 447 3513 lilius
465 3475 604 3511 Abinoc
619 3484 698 3510 esse
719 3479 965 3517 memoratur;
984 3473 1124 3518 Abinoe
1138 3474 1235 3510 enim
1253 3485 1318 3520 pa—

266 3541 328 3577 tris
348 3538 547 3585 responsio,
577 3536 635 3573 vel
663 3536 774 3583 patris
804 3536 872 3572 mei
898 3536 1016 3579 decor,
1044 3536 1316 3581 interpretatur.

265 3601 358 3647 Quid
387 3604 443 3636 est
469 3607 554 3644 ergo
579 3597 675 3644 quod
703 3597 842 3633 Barach
869 3597 915 3632 ad
944 3596 1320 3643 comprehendendum

269 3662 431 3707 captivos
455 3659 640 3702 incitatur,
664 3657 737 3696 nisi
763 3659 859 3704 quod
884 3657 1037 3705 populus
1059 3656 1229 3694 Iudaicus
1256 3667 1321 3704 per

267 3721 378 3758 libros
405 3721 496 3768 legis
522 3731 565 3757 ac
582 3719 841 3767 prophetarum
866 3719 911 3755 ad
935 3718 1044 3755 fidem
1071 3718 1203 3755 Christi
1235 3729 1321 3756 con-

258 3771 363 3831 {verti
381 3782 613 3819 admonetur?
634 3780 711 3819 Hoc
729 3785 784 3819 est
801 3781 897 3819 enim
918 3780 1189 3827 apprehendere
1203 3780 1318 3828 capti-

1382 2994 1418 3025 et
1443 2989 1609 3025 doctores
1635 2991 1828 3036 primitiva}
1862 2993 2032 3030 Ecclesiae
2063 2994 2341 3039 descenderunt,
2375 2997 2437 3042 qui

1383 3049 1581 3086 fidelissimi
1596 3052 1831 3096 pecuniarum
1852 3053 1995 3091 Domini
2015 3056 2200 3101 trapezitae
2224 3057 2434 3102 existentes,

1383 3111 1587 3146 naturalem
1608 3111 1722 3158 legem
1744 3118 1780 3148 et
1801 3123 1941 3150 morum
1969 3115 2186 3160 probitatem
2199 3143 2209 3159 ‚
2247 3126 2326 3163 quae
2344 3126 2438 3163 pene

1383 3181 1448 3217 per
1474 3172 1691 3209 oblivionem
1713 3179 1820 3220 atquc
1851 3176 2060 3211 abusionem
2085 3177 2122 3212 in
2141 3177 2346 3214 hominibus
2374 3179 2440 3215 ob-

1385 3231 1552 3267 litteratae
1566 3238 1664 3275 sunt,
1682 3243 1747 3278 per
1760 3234 2004 3278 evangelicam
2023 3234 2314 3278 praedicationem
2331 3237 2439 3272 resti-

1385 3292 1535 3328 tuebant
1550 3297 1659 3337 atque
1673 3293 1906 3337 innovabant,
1928 3299 1964 3329 et
1982 3294 2152 3339 spiritalis
2169 3295 2305 3332 militiae
2325 3296 2435 3335 duces

1386 3350 1520 3394 effecti,
1543 3352 1666 3388 hostes
1685 3351 1827 3388 fortiter
1849 3352 2092 3389 debellabant.
2116 3353 2290 3391 Similiter
2312 3362 2347 3393 et
2366 3358 2436 3394 Za-

1386 3413 1511 3456 bulon,
1531 3413 1593 3458 qui
1611 3412 1868 3458 interpretatur
1886 3413 2126 3450 habitaculum
2145 3416 2376 3462 fortitudinis,
2401 3423 2438 3455 et

1388 3472 1566 3519 significat
1603 3471 1802 3508 Ecclesiam
1843 3471 1887 3507 de
1922 3474 2088 3520 gentibus
2120 3475 2356 3513 fortissimam
2391 3478 2438 3514 ad

1391 3543 1534 3570 omnem
1556 3533 1784 3570 tolerantiam
1813 3533 2004 3580 passionis,
2026 3535 2135 3573 duces
2161 3536 2198 3572 in
2219 3536 2344 3582 praelio
2367 3537 2438 3575 Do-

1390 3595 1480 3630 mini
1497 3594 1541 3630 de
1558 3604 1597 3630 se
1615 3593 1727 3637 dedit,
1742 3592 1825 3639 quia
1838 3594 2091 3639 praedicatores
2107 3595 2289 3643 Evangelii
2306 3601 2343 3632 et
2363 3607 2427 3644 spe

1390 3656 1570 3694 culatores
1590 3655 1705 3702 plebis
1727 3654 1790 3691 Dei
1810 3665 1855 3692 ex
1873 3665 1912 3692 se
1933 3656 2052 3700 misit,
2071 3657 2132 3703 qui
2147 3657 2304 3695 hostium
2320 3663 2440 3699 castra

1389 3716 1532 3755 sortiter
1546 3721 1788 3761 contererent,
1810 3723 1846 3754 et
1865 3717 1998 3756 milites
2015 3717 2150 3756 Christi
2166 3718 2298 3758 illaesos
2317 3714 2439 3759 eusto-

1389 3777 1520 3815 dirent.
2409 3794 2413 3800 ·
