2540 4016
78 114 149 154 545

1229 18 1280 58 Q

686 114 1022 154 EXPOSITIONES
1046 110 1092 152 ιΝ
1116 113 1380 153 anmcun.
1407 136 1454 144 -
1477 96 1564 156 Lm.
1590 118 1635 157 11.
1840 99 1853 111 ’
1987 98 2027 134 ⁹

2169 123 2240 165 546

77 193 228 228 nitatem
258 191 389 229 Christi
408 201 475 228 nec
505 190 765 227 humanitatem
784 194 929 236 negent,
949 199 1015 225 nec
1033 199 1120 226 con-
1138 190 1173 229 A
1189 189 1371 226 abstinere
1383 192 1567 236 praecepit,
1589 192 1654 229 sed
1667 193 1811 239 quando
1828 195 1873 232 ad
1904 197 2175 239 tabernaculum
2194 207 2245 240 te-

76 251 269 295 tradicant,
281 252 366 298 quia
381 250 477 287 Deus
493 259 538 285 cx
552 249 625 285 Deo
645 254 682 284 et
700 249 848 285 verbum
867 254 982 285 estex
1001 247 1119 292 Patre,

75 313 146 349 hoc
164 318 219 350 est
237 313 331 348 enim
350 311 508 359 cydarim
527 320 599 346 non
618 309 761 346 auferre
776 320 796 345 a
812 310 941 355 capite,
956 309 1123 345 videlieet

74 384 147 410 non
158 374 293 410 nudare
306 371 519 418 intelligibili
529 372 660 418 cydare
671 371 733 407 sed
743 381 809 406 nec
819 370 1122 416 dispensationem

74 437 226 468 renuant
242 436 303 467 aut
317 431 576 478 blasphement.
590 430 658 474 Qui
675 430 770 465 enim
787 429 921 466 Christi
937 429 1123 476 dispensa-

74 492 208 528 tionem
221 491 456 537 blasphemat,
469 490 730 527 sacerdotalem
743 490 876 536 rumpit
886 489 1027 533 stolam,
1038 490 1121 536 quia

72 563 197 589 omnes
227 552 370 597 quidem
406 551 570 587 homines
593 551 654 596 qui
687 551 724 586 in
741 550 926 586 Christum
961 550 1123 586 credide-

72 618 168 655 runt,
186 611 298 647 multo
318 611 432 657 magis
462 615 581 646 autem
598 610 819 653 sacerdotes,
841 615 924 646 sunt
944 610 1005 656 qui
1020 609 1122 646 Chri-

71 678 167 709 stum
199 672 405 714 induerunt,
434 672 608 717 siquidem
635 672 828 718 quicunque
844 671 881 706 in
902 671 1039 707 Christo
1063 671 1123 706 ba-

68 733 192 780 ptizati
229 743 362 775 sumus,
385 732 560 768 Christum
596 733 774 767 induimus
809 731 902 778 (Gat.
937 731 1007 778 111).
1039 730 1122 766 Haec

70 795 216 836 agentes
236 790 442 826 sacerdotes
463 800 530 825 nec
550 790 749 825 morientu'r
769 799 838 824 nec
853 788 1122 834 congregationi

69 850 340 897 superindicunt
356 850 460 886 iram.
483 849 762 894 Praepositorum
784 849 880 883 enim
899 847 985 882 vitia
1006 846 1119 882 offen-

70 910 225 946 diculum
258 915 340 945 sunt
360 909 542 954 subJectis.
568 908 612 942 Et
642 907 755 943 multo
788 906 902 951 magis
933 906 1119 942 doctorum

70 972 252 1017 discipulis
271 980 395 1006 eorum
418 969 479 1004 irae
498 968 560 1003 Dei
579 967 670 1003 fiunt
689 967 845 1009 occasio,
865 973 1010 1013 propter
1026 967 1119 1012 quod

68 1038 104 1067 et
123 1041 264 1066 omnem
276 1030 419 1065 domum
438 1028 559 1070 lsrael,
581 1038 724 1063 omnem
735 1028 900 1064 videlicet
920 1028 1119 1064 Ecclesiam

1196 249 1367 292 stimonii,
1387 254 1450 285 aut
1474 250 1654 286 aci-altare
1683 253 1923 298 ascendimus,
1952 256 1988 292 id
2008 267 2078 302 est,
2097 263 2242 306 quando

1195 309 1433 356 quodcunque
1449 310 1690 346 ministerium
1705 312 1877 349 doctrinae
1896 314 2053 352 coelestis
2071 322 2248 369 contingi-

1193 379 1294 413 mus;
1327 371 1519 407 ministerii
1539 371 1635 407 enim
1667 371 1780 408 altare
1810 373 1924 420 figura
1946 379 2016 418 est,
2034 376 2248 416 tabernacu-

1193 427 1267 464 lum
1300 434 1420 465 autem
1450 431 1648 466 testimonii
1679 431 1858 478 significat
1887 433 2089 470 coelestium
2125 446 2247 474 rerum

1194 491 1515 527 contrectationes:
1544 491 1646 528 Unde
1663 497 1701 528 et
1720 492 1910 530 Timotheo
1942 494 2075 531 Paulus
2108 496 2246 534 scribe-
2294 515 2301 526 ·

1193 549 1280 586 bat:
1306 549 1394 585 Vino
1421 551 1558 586 modico
1575 557 1672 587 utere
1702 559 1842 599 propter
1866 555 2084 591 stomachum
2102 563 2199 594 tuum
2217 567 2250 597 et

1194 609 1387 656 frequentes
1410 615 1488 646 tuas
1517 610 1752 656 infirmitates.
1771 612 1840 657 Qui
1871 619 1992 650 autem
2019 615 2162 651 modico
2178 615 2249 651 uti-

1194 675 1266 712 tur,
1283 669 1343 705 hic
1364 674 1524 715 tempore
1542 670 1735 707 ministerii
1755 672 1921 709 videlicet
1939 679 1975 709 et
2004 674 2177 711 doctrinae
2203 675 2249 713 ab

1193 731 1290 766 omni
1302 730 1496 766 vinolentia
1507 737 1544 767 et
1559 732 1736 769 ebrietate
1751 744 1788 770 se
1802 733 1970 771 abstinet.
1992 734 2166 772 Similiter
2183 746 2248 772 au-

1195 796 1266 826 tem
1285 796 1320 826 et
1351 792 1558 828 sacerdotes
1578 793 1615 828 bi
1630 794 1691 838 qui
1712 795 1858 830 student
1889 795 2004 842 legem
2023 798 2246 843 custodiunt,

1192 856 1339 896 propter
1351 852 1446 897 quod
1466 862 1537 888 non
1557 852 1672 888 solum
1690 854 1827 898 Aaron,
1845 856 1907 891 sed
1924 862 1961 892 et
1982 857 2066 894 filiis
2080 858 2172 904 ejus,
2189 869 2248 895 su-

1192 909 1356 945 blimiora
1374 911 1544 947 videlicet
1561 913 1712 958 adeptis,
1730 916 1939 951 mandatum
1954 917 2022 954 hoc
2048 919 2169 954 tradit.
2193 918 2250 956 Si-

1192 969 1291 1004 milia
1312 976 1432 1006 autem
1452 972 1508 1007 his
1529 979 1566 1008 et
1582 974 1714 1011 Paulus
1728 977 1772 1011 ad
1785 977 1960 1022 Ephesios
1974 980 2120 1026 scripsit
2139 993 2147 1015 :
2171 980 2248 1018 Νο-

1193 1027 1252 1063 lite
1273 1029 1440 1065 inebriari
1458 1031 1549 1074 vino,
1569 1034 1605 1067 in
1635 1044 1702 1079 quo
1719 1040 1769 1069 est
1788 1034 1953 1080 luxuria,
1974 1039 2034 1073 sed
2055 1041 2166 1085 mayis
2183 1041 2251 1077 im-

66 1091 234 1136 plangcre
263 1089 467 1125 incendium
494 1099 565 1134 quo
589 1088 726 1124 incensi
756 1095 839 1124 sunt
871 1099 891 1124 a
912 1087 985 1124 Deo
1019 1089 1117 1131 vult,
1139 1089 1170 1128 B
1189 1088 1491 1137 pleaminispiritu
1527 1091 1572 1139 (1⁴
1573 1093 1671 1139 plzes
1688 1094 1749 1141 v);
1768 1096 1932 1132 hebetem
1948 1107 2080 1143 quippe
2091 1099 2249 1137 ebrietas

70 1152 154 1196 quia
174 1152 343 1186 damnum
362 1150 530 1186 Ecclesiae
564 1151 668 1186 unius
687 1151 840 1186 membri
872 1156 908 1186 et
932 1149 1121 1195 cujuslibet

65 1221 172 1246 casus
186 1216 252 1253 est,
266 1211 521 1257 quantomagis
539 1211 724 1247 doctorum
736 1216 771 1246 et
788 1211 1015 1246 sacerdotum
1035 1221 1118 1257 per-

64 1271 166 1307 ditio.
202 1271 264 1307 llis
297 1272 344 1307 ita
378 1282 418 1307 se
458 1271 672 1307 habentibus
702 1272 789 1307 illud
812 1272 923 1317 quaeri
956 1277 1117 1317 oportet,

63 1332 243 1378 quomodo
263 1342 343 1368 cum
364 1342 428 1377 per
458 1333 721 1378 praecedentem
741 1333 963 1368 sanctionem
983 1338 1119 1378 septem

63 1392 159 1428 solos
178 1391 254 1428 dies
272 1403 342 1428 non
358 1393 481 1438 egredi
501 1393 544 1428 de
567 1393 800 1429 tabernaculo
819 1393 1015 1429 testimonii
1033 1403 1120 1438 prae-

65 1452 231 1496 cepisset,
246 1452 302 1487 his
315 1452 502 1496 completis
521 1452 612 1498 (haec
633 1453 778 1489 enimin
797 1461 923 1489 octava
944 1453 1001 1488 die
1011 1464 1122 1499 agun-

67 1510 154 1556 tur),
174 1521 298 1546 rursus
319 1512 370 1547 eis
391 1511 530 1558 Moyses
548 1513 717 1557 praecepit
733 1512 776 1548 de
791 1513 884 1548 ostio
899 1513 1121 1549 tabernaculi

65 1581 137 1606 non
152 1570 292 1616 egredi;
315 1581 386 1606 non
406 1581 491 1616 ergo
508 1573 691 1607 contraria
709 1573 776 1608 sibi
799 1573 927 1617 sancit,
949 1574 1011 1609 sed
1041 1584 1120 1608 ma-

63 1630 233 1666 nifestum
252 1637 306 1667 est
336 1633 431 1677 quod
461 1633 569 1668 alium
595 1634 654 1669 hic
687 1634 739 1669 eis
761 1644 946 1680 egressum
967 1636 1049 1671 ostii
1068 1641 1120 1670 ta-

63 1690 247 1726 bernaculi
273 1692 468 1727 testimonii
485 1693 654 1738 praecepit
679 1694 861 1730 custodire
879 1722 888 1738 ,
920 1705 1003 1729 nam
1022 1694 1120 1731 addi-

64 1749 128 1793 dit,
148 1756 186 1784 ut
220 1761 288 1786 non
312 1751 535 1793 moriamini;
572 1753 672 1797 atqui
694 1754 770 1789 haec
798 1764 870 1789 non
896 1754 1042 1799 scripsit
1083 1754 1118 1789 in

62 1811 325 1857 superioribus;
340 1822 424 1858 ergo
445 1813 691 1849 additamento
706 1814 1000 1850 comminationis
1021 1815 1118 1850 aliud

63 1872 245 1923 quidpiam
264 1883 302 1909 se
318 1874 479 1910 sanxisse
497 1875 726 1921 significavit.
743 1874 834 1919 Quia
856 1876 951 1911 enim
970 1880 1011 1911 ut
1036 1875 1118 1921 igne

61 1933 187 1970 alienae
207 1935 377 1971 doctrinae
400 1935 592 1972 offerentes
610 1937 752 1982 quidem
779 1937 987 1973 sacerdotes
1001 1936 1118 1982 perie-

61 1999 171 2038 runt,
202 1995 280 2032 aliis
316 2006 388 2031 non
424 1997 523 2032 exire
557 1996 706 2042 Januam
731 1997 917 2041 scientiae,
949 1997 1163 2041 videlicetC
1184 2009 1248 2047 per
1282 2010 1430 2036 manum
1474 2000 1572 2036 dicit.

61 2054 195 2093 Christi
216 2056 419 2093 traditionis
448 2055 525 2102 ejus
552 2067 616 2103 per
633 2067 676 2094 ea
694 2068 774 2103 quae
792 2058 887 2094 dicta
913 2063 997 2094 sunt
1026 2067 1117 2104 prae-

63 2117 169 2163 cepit,
188 2117 223 2152 id
241 2122 295 2154 est
311 2128 383 2154 non
404 2119 603 2165 transgredi
620 2129 699 2154 eam
714 2129 823 2165 quam
843 2119 919 2165 ipse
934 2119 1118 2155 mandavit

62 2176 369 2223 praedicationem,
380 2171 443 2214 Sed
458 2178 559 2223 sequi
574 2178 801 2214 Dominicum
815 2184 1037 2225 praeceptum
1052 2190 1117 2225 per

63 2238 209 2281 omnia;
238 2238 290 2274 sic
323 2238 418 2274 enim
448 2239 693 2284 unusquisque
721 2249 793 2274 non
828 2240 1017 2275 morietur.
1039 2239 1114 2276 Hoc

62 2299 308 2336 sacerdotibus
333 2301 503 2346 praecepit
534 2301 663 2346 quibus
682 2307 721 2337 ut
754 2302 936 2348 magistris
969 2307 1004 2337 et
1026 2312 1118 2348 prae-

62 2360 282 2398 dicatoribus
307 2362 407 2397 verbi
427 2362 668 2397 ministerium
682 2372 727 2397 ex
753 2364 847 2398 dono
867 2361 1022 2408 Spiritus
1039 2373 1117 2398 cre·

62 2422 175 2459 ditum
199 2429 266 2466 est,
289 2422 333 2459 de
352 2433 422 2469 quo
440 2434 536 2459 nunc
552 2423 734 2470 legislator
753 2423 826 2459 ait:
850 2423 972 2459 Oleum
994 2424 1118 2470 quippe

62 2489 192 2518 sanctae
208 2484 380 2518 unctionis
401 2489 450 2519 est
476 2495 579 2530 super
609 2495 680 2519 vos.
699 2484 813 2530 Hujus
840 2490 962 2520 autem
979 2485 1119 2519 unctio-

63 2543 121 2578 nis
138 2543 308 2578 virtutem
327 2542 482 2578 Joannes
516 2544 620 2579 nobis
646 2544 876 2590 Evangelista
896 2545 1119 2579 demonstrat

64 2601 189 2637 dicens
207 2613 215 2635 z
238 2600 284 2635 Et
304 2612 363 2636 vos
383 2602 579 2636 unctionem
594 2613 699 2647 quam
721 2603 900 2648 accepistis
922 2602 964 2637 ab
979 2613 1018 2637 eo
1045 2613 1120 2638 ma-

65 2667 146 2698 neat
163 2663 200 2698 in
219 2662 329 2706 vobis,
349 2667 382 2697 et
399 2674 467 2698 non
491 2674 627 2698 necesse
641 2663 774 2698 habetis
789 2669 826 2698 ut
846 2662 975 2710 aliquis
995 2663 1119 2699 doceat

63 2733 138 2766 vos,
158 2722 218 2758 sed
247 2723 335 2758 sicut
364 2723 479 2758 unctio
497 2723 571 2768 ejus
599 2723 696 2758 docet
716 2735 774 2759 vos
795 2723 837 2759 de
871 2723 1052 2767 omnibus,
1086 2729 1119 2759 et

63 2791 181 2817 verum
199 2788 304 2826 est,et
322 2787 450 2817 nonest
466 2782 684 2817 mendacium
700 2781 820 2829 (Joan.
843 2781 897 2829 ιι).
915 2782 1000 2817 Haec
1020 2782 1118 2829 Moy-

63 2851 122 2879 ses
135 2852 200 2888 per
216 2842 390 2888 Spiritum
406 2842 636 2889 praecepit‚et
651 2843 811 2879 Ecclesia
837 2844 1006 2879 custodit.
1024 2845 1118 2890 Ergo

63 2908 326 2949 consequenter
347 2903 529 2950 legislator
544 2903 700 2940 subdidit
717 2915 726 2940 :
750 2903 819 2947 Qui
841 2904 996 2950 fecerunt
1008 2905 1116 2951 juaetu
1134 2901 1170 2940 D

54 2969 272 3012 ⁴proeceptum
291 2962 420 3010 Moysi.

455 3010 606 3048 CAPUT
632 3011 724 3046 XVI.

48 3056 168 3102 2Quod
188 3058 308 3094 Aaron
323 3062 356 3093 et
377 3056 444 3102 filii
463 3058 539 3103 ejus
560 3069 630 3093 non
647 3058 759 3093 bibent
777 3057 894 3094 vinum
913 3069 992 3094 cum
1006 3059 1118 3106 ingr-e

370 3103 516 3139 diuntur
529 3103 804 3140 tabernaculum.

47 3155 57 3226 ὲ
111 3162 228 3214 (lma.)
249 3163 346 3201 Dia-it
362 3175 497 3212 quoque
511 3163 681 3200 Dominus
701 3164 746 3200 ad
766 3163 911 3201 Aaron:
939 3164 1066 3202 Vinum
1083 3171 1117 3202 et

44 3233 165 3291 1(pruine
179 3225 271 3272 quod
291 3225 463 3262 inebriare
479 3232 590 3272 potest
610 3237 679 3262 non
699 3222 833 3271 bibetis,
853 3233 891 3262 tu
907 3233 940 3263 et
964 3227 1031 3273 filii
1049 3226 1114 3271 tui,

50 3298 83 3335 '.
119 3284 206 3354 ndo
222 3285 360 3322 intratis
379 3286 417 3321 in
453 3285 715 3322 tabernaculum
747 3287 950 3332 testimonii,
969 3298 1012 3324 ne
1038 3299 1115 3323 mo-

218 3346 344 3391 :Quia
360 3353 570 3395 proeceptum
586 3353 637 3383 est
650 3348 898 3395 sempiternum
917 3349 954 3385 in
962 3360 1118 3396 qenero-

67 3406 110 3461 ’ζ
148 3425 161 3435 ι’
196 3413 351 3452 vestras,
379 3413 413 3443 et
438 3414 476 3444 ut
501 3408 656 3445 habeatis
688 3409 869 3445 scientiam
897 3409 1118 3446 discernendi

79 3512 81 3519 γ
83 3463 139 3502 2's?
150 3473 153 3475 ’
156 3473 331 3517 sanctum
344 3473 376 3504 et
391 3468 594 3515 profanum,
612 3475 646 3505 et
664 3469 755 3506 inter
776 3469 950 3516 pollutum
969 3475 1002 3506 et
1016 3481 1118 3506 mun-

75 3525 77 3528 ’
111 3506 403 3591 31*3''tl⁴03eatisque
434 3528 528 3576 filios
547 3529 663 3567 Israel
693 3531 810 3567 omnia
839 3530 993 3578 leyitima
1019 3541 1115 3574 mea,

64 3682 67 3689 ¹
116 3647 128 3662 i
197 3637 255 3687 (sm
270 3677 278 3694 2
301 3632 484 3714 ·ἶ’,,11ῥηᾳ
507 3665 620 3703 usque
637 3667 733 3695 nuuc
750 3657 892 3704 legem*
884 3668 920 3693 in
946 3655 1120 3694 Ecclestis

145 3707 171 3733 ὲ.
229 3723 253 3730 *2
292 3713 346 3739 ff·
371 3704 577 3760 15.ssqu
597 3714 695 3754 enim
727 3716 827 3755 omni
846 3715 954 3755 modo
982 3725 1007 3753 a
1034 3715 1120 3753 vino

1187 1155 1345 1186 mentem
1367 1151 1496 1195 reddit,
1517 1158 1552 1187 et
1584 1154 1816 1190 sobrietatem
1837 1156 1914 1202 ejus
1933 1157 1969 1192 in
1991 1150 2150 1194 deterius
2167 1169 2246 1195 ver-

1188 1211 1244 1255 tit,
1261 1217 1299 1246 ut
1319 1222 1390 1247 non
1411 1212 1657 1259 intelligantur
1677 1224 1756 1259 quae
1774 1223 1943 1262 aguntur.
1963 1215 2050 1260 Qua}
2070 1217 2176 1253 testis
2169 1228 2242 1254 ca-

1189 1277 1246 1307 tur
1271 1273 1380 1309 lsaias
1401 1274 1452 1309 sic
1473 1274 1620 1310 dleens:
1653 1273 1709 1310 Vcc
1739 1276 1797 1321 qu‘i
1829 1278 2038 1323 consurqitis
2058 1289 2161 1313 mane
2194 1279 2241 1314 ad

1187 1332 1386 1368 ebrietatem
1416 1334 1632 1376 sectandum,
1654 1340 1686 1368 et
1710 1335 1902 1380 potandum
1934 1348 2040 1383 nsque
2071 1338 2117 1372 ad
2138 1349 2248 1384 vespe-

1188 1403 1262 1426 ram
1279 1399 1314 1426 ut
1328 1393 1405 1427 vino
1426 1393 1589 1427 aestuetis.
1614 1392 1766 1438 Cycliara
1786 1401 1817 1429 et
1850 1394 1927 1440 lyra
1944 1405 1955 1429 .·
1974 1403 2004 1431 et
2026 1403 2244 1443 tympanum,

1189 1458 1220 1487 et
1241 1452 1325 1486 tibia
1345 1458 1376 1486 et
1395 1452 1511 1487 vinum
1528 1453 1562 1487 in
1581 1454 1743 1489 conviviis
1759 1456 1880 1490 vestris
1895 1483 1905 1499 ,
1936 1462 1968 1491 et
1996 1467 2081 1503 opus
2104 1457 2248 1494 Domini

1188 1524 1257 1548 non
1284 1514 1475 1559 respicitis,
1497 1526 1558 1549 nec
1594 1526 1697 1560 opera
1725 1527 1894 1552 manuum
1923 1518 1999 1564 ejus
2020 1519 2247 1556 consideratis

1189 1575 1278 1622 (Iso.
1295 1575 1345 1622 v).
1370 1575 1438 1620 Qui
1459 1582 1578 1612 autem
1599 1587 1710 1622 opera
1728 1578 1872 1614 Domini
1895 1589 1965 1614 non
1998 1580 2135 1623 vident,
2154 1591 2246 1626 quo-

1187 1636 1292 1671 modo
1312 1637 1474 1672 dividere
1493 1637 1589 1672 inter
1616 1642 1741 1672 sancta
1761 1643 1797 1674 et
1831 1638 1997 1684 protana,
2017 1646 2080 1675 aut
2113 1640 2247 1677 munda

1187 1703 1223 1734 et
1243 1697 1439 1740 immunda,
1463 1697 1519 1732 vel
1556 1699 1733 1742 quomodo
1765 1698 1950 1734 exhortari
1977 1705 2013 1735 et
2044 1699 2249 1736 illuminare

1187 1757 1358 1803 populum
1378 1758 1422 1793 de
1455 1757 1655 1803 Scripturis
1688 1760 1861 1804 possunt?
1886 1759 1987 1796 Unde
2007 1761 2076 1796 hoc
2097 1760 2247 1797 manda-

1186 1824 1262 1854 tum
1274 1818 1462 1854 sublimius
1481 1820 1672 1856 ostendere
1688 1821 1850 1866 cupiens,
1862 1820 1978 1866 ipsum
1990 1821 2059 1858 hoc
2074 1822 2124 1857 ait
2141 1821 2242 1859 locu-

1186 1884 1262 1913 tum
1281 1878 1393 1914 fuisse
1411 1879 1617 1914 Dominum.
1642 1880 1712 1916 Sed
1731 1880 1879 1917 intende
1896 1908 1906 1924 ‚
1940 1881 2247 1926 quemadmodum

1185 1939 1345 1976 locutum
1360 1949 1441 1976 esse
1460 1940 1651 1976 Dominum
1677 1940 1804 1987 Moysi,
1826 1951 1897 1977 non
1911 1951 1977 1988 per
1991 1942 2168 1989 linguam,
2182 1944 2247 1980 sed

1618 2000 1690 2036 Aut
1724 2001 1872 2036 omnino
1912 2001 2126 2048 dignitatem
2157 2003 2247 2050 legis

1186 2061 1378 2098 ostendere
1402 2060 1530 2104 voluit,
1551 2061 1614 2106 qui
1650 2062 1817 2107 exposuit
1842 2062 1987 2108 quidem
2018 2072 2099 2099 eam
2128 2063 2247 2109 Deus,

1186 2122 1332 2169 scripsit
1351 2127 1472 2158 autem
1491 2122 1645 2169 Moyses,
1665 2124 1808 2170 excepit
1829 2133 1916 2161 vero
1946 2134 2043 2169 eam,
2062 2125 2136 2162 Deo
2163 2135 2245 2172 quae

1187 2181 1360 2228 disposita
1377 2187 1461 2217 sunt
1475 2181 1639 2228 jubente.

1573 2255 1726 2293 CAPUT
1760 2257 1868 2293 XVII.

1186 2316 1406 2364 Praeceptum
1424 2317 1587 2361 Domini,
1620 2318 1703 2364 quid
1734 2318 1835 2354 edere
1854 2319 1975 2355 debeat
1998 2320 2041 2355 de
2069 2321 2244 2366 sacrificio

1480 2365 1602 2400 Aaron
1620 2371 1652 2400 et
1672 2364 1739 2410 lilii
1764 2365 1853 2410 ejus,
1872 2371 1942 2402 etc.

1233 2439 1353 2485 (inin.)
1371 2438 1592 2485 Lot-utusque
1612 2445 1661 2474 est
1681 2439 1819 2485 Moyses
1834 2440 1880 2476 ad
1893 2440 2015 2477 Aaron
2031 2447 2063 2476 et
2078 2443 2124 2477 ad
2138 2442 2244 2480 Elea-

1187 2511 1248 2536 zar
1268 2506 1370 2546 atque
1390 2498 1564 2542 Ithamar,
1584 2499 1677 2543 filios
1704 2500 1780 2546 ejus
1799 2501 1858 2546 qui
1878 2501 2009 2536 residui
2027 2509 2139 2538 erant.
2159 2503 2243 2539 Tot-

1186 2559 1246 2595 lite
1265 2559 1479 2604 sacrificium
1493 2558 1586 2604 quod
1608 2560 1775 2594 remansit
1804 2559 1847 2596 de
1870 2560 2045 2597 oblatione
2074 2562 2241 2608 Domini,

1186 2627 1217 2656 et
1236 2621 1402 2656 comedite
1423 2619 1513 2655 ittud
1532 2619 1660 2666 absque
1688 2620 1857 2666 fermento
1886 2622 1994 2668 juxta
2020 2622 2143 2667 altare,
2159 2625 2244 2671 quia

1186 2689 1347 2718 sanctum
1382 2688 1585 2717 sanctorum
1616 2688 1679 2717 est.
1719 2679 1914 2717 Comedetis
1949 2689 2066 2719 autem
2096 2685 2134 2720 in
2163 2684 2240 2721 loco

1186 2748 1306 2777 sancto
1324 2741 1416 2788 quod
1443 2741 1563 2775 datum
1580 2746 1630 2776 est
1649 2740 1710 2776 tibi
1725 2746 1755 2776 et
1778 2740 1862 2786 filiis
1890 2742 1958 2778 tuis
1987 2743 2030 2778 de
2055 2743 2244 2781 oblationi-

1187 2802 1248 2837 bus
1271 2801 1433 2845 Domini,
1466 2802 1554 2836 sicut
1573 2807 1783 2848 praeceptum
1807 2809 1870 2839 est.
1890 2802 2137 2841 Pectusculum
2153 2818 2244 2854 quo-

1186 2874 1251 2909 que
1269 2862 1361 2909 quod
1388 2862 1542 2898 oblatum
1578 2868 1627 2898 est
1658 2870 1691 2898 et
1724 2874 1861 2899 armum
1879 2865 1939 2911 qui
1955 2873 2137 2912 separatus
2169 2875 2244 2913 est,

1188 2923 1296 2958 edetis
1312 2923 1349 2958 in
1363 2922 1438 2958 loco
1457 2923 1704 2967 mundissimo,
1736 2930 1773 2959 tu
1790 2930 1822 2959 et
1839 2924 1906 2970 filii
1925 2926 1990 2969 tui,
2009 2937 2050 2961 ac
2070 2926 2152 2972 filia
2175 2934 2245 2966 tuoe

1189 2989 1314 3019 tecum.
1339 2981 1414 3017 Tibi
1430 2983 1522 3018 enim
1542 2994 1582 3018 ac
1602 2982 1720 3019 liberis
1743 2983 1812 3019 tuis
1832 2985 1982 3032 reposita
2001 2993 2082 3022 sunt
2111 2987 2153 3023 dt
2181 2988 2245 3024 lto·

1188 3048 1264 3084 stiis
1281 3047 1496 3084 salutaribus
1521 3047 1677 3093 filiorum
1707 3047 1836 3092 Israel,
1853 3059 1893 3084 eo
1920 3047 2013 3095 quod
2042 3060 2180 3085 armum
2211 3057 2244 3086 et

1187 3113 1304 3154 pectus
1325 3113 1357 3143 et
1382 3107 1501 3154 adipes
1527 3107 1587 3154 qui
1606 3114 1807 3143 cremantur
1830 3107 1870 3143 in
1899 3106 2006 3143 altari
2033 3107 2154 3144 elevati
2173 3109 2243 3144 sint

1176 3179 1305 3217 ‚coram
1313 3168 1477 3212 Domino,
1497 3174 1530 3204 et
1547 3169 1719 3215 pertinent
1736 3167 1782 3203 ad
1801 3174 1833 3203 te
1852 3173 1884 3203 et
1901 3168 1948 3203 ad
1965 3167 2057 3213 filios
2078 3174 2156 3203 tuos
2169 3167 2242 3215 Iege

1182 3236 1347 3278 perpetua
1365 3230 1455 3265 sicut
1467 3229 1631 3275 proecepit
1645 3228 1828 3263 Dominus.
1849 3226 1922 3274 (Ex
1932 3225 2136 3272 Hesychia.)
2150 3226 2241 3271 Quia

1182 3288 1434 3336 pectusculum
1449 3287 1705 3325 confidentiam
1741 3284 1970 3322 offerentium
1990 3287 2028 3319 et
2045 3283 2154 3321 fidem
2188 3286 2239 3323 si-

1185 3350 1344 3397 gnifieat,
1369 3356 1408 3388 et
1434 3349 1622 3387 brachium
1641 3346 1829 3394 promissae
1861 3344 1908 3380 ab
1924 3345 1977 3381 eis
1995 3347 2240 3384 conveusatio-

1184 3412 1243 3447 nis
1261 3411 1443 3447 actionem
1461 3416 1498 3446 et
1531 3407 1806 3449 correctionem,
1827 3405 1916 3442 satis
1947 3415 1969 3441 a
1991 3405 2096 3444 nobis
2115 3407 2153 3444 in
2179 3407 2238 3445 his

1185 3482 1266 3518 quae
1285 3472 1330 3508 de
1343 3469 1522 3507 sacrificio
1538 3467 1771 3515 pacificorum
1789 3475 1852 3503 seu
1873 3466 2022 3505 salutari
2039 3477 2106 3516 per
2115 3475 2239 3516 partes

1186 3530 1347 3567 discussa
1358 3537 1462 3571 -sunt,
1485 3528 1771 3564 demonstratum
1808 3532 1886 3573 est;
1916 3528 1980 3566 sed
2000 3529 2238 3575 quamobrem

1187 3589 1308 3625 Aaron
1326 3594 1363 3624 et
1379 3587 1460 3624 filiis
1478 3586 1556 3632 ejus
1570 3597 1613 3623 ea
1631 3597 1711 3634 quae
1726 3586 1822 3624 dicta
1844 3593 1930 3625 sunt
1947 3589 2147 3636 deputavit,
2164 3589 2239 3629 illie

1187 3657 1224 3689 et
1243 3661 1367 3687 eorum
1400 3650 1501 3688 enim
1516 3650 1748 3688 distractione
1772 3650 1954 3699 legislator
1971 3652 2150 3699 exposuit.
2170 3653 2240 3692 Sa-

1174 3711 1364 3770 ὀι-1110111111
1383 3712 1481 3750 enim
1500 3710 1597 3760 quod
1613 3713 1787 3751 remansit
1809 3713 1854 3752 de
1881 3703 2065 3754 oblatione
2078 3714 2157 3755 sive
2184 3715 2236 3754 ab
