2540 4016
109 149 176 187 241
465 151 488 161 '¹'

733 143 1068 184 COMMENTARIA
1094 143 1141 180 IN
1165 143 1377 182 ExonUM.
1406 166 1451 173 —
1476 147 1561 185 LlB.
1589 150 1648 187 lv.

2225 156 2300 194 242

108 233 207 264 ctum
240 231 459 263 sanctorum.
493 223 594 260 Unde
617 222 724 258 datur
755 220 906 267 intelligi
937 220 1163 256 tantumdem
1180 221 1312 266 Aquae
1347 220 1498 267 populus
1533 222 1708 259 offerebat
1744 225 1957 264 existimans
1994 232 2222 277 necessaria
2253 243 2301 271 οι

107 288 241 332 valere,
269 287 365 333 quod
394 286 528 322 dictum
554 283 686 326 suerat,
707 282 881 318 Sanctum
895 281 1025 325 sancti,
1049 291 1164 327 quan-

107 356 182 387 tum
196 350 291 387 valet
309 347 404 395 quod
418 347 553 384 dictum
569 349 638 388 est,
656 344 781 381 Sancti
796 348 1015 380 sanctorum.
1032 341 1084 377 Ac
1099 352 1165 388 per

106 412 175 448 hoc
198 411 258 447 illa
275 409 396 446 omnia
414 412 536 450 uncta,
555 406 592 441 id
611 410 678 449 est,
699 409 814 440 totum
832 402 1107 439 tabernaculum
1127 407 1164 438 et

105 479 326 517 quaecunque
362 469 399 503 in
434 478 477 504 eo
508 471 642 510 essent,
675 476 755 511 quae
783 465 884 511 prius
920 463 1163 510 appellaverat

106 532 237 569 Sancta
254 536 472 571 sanctorum,
492 528 715 564 tantumdem
732 526 852 562 valere
868 526 964 571 quod
986 535 1081 560 nunc
1095 523 1162 567 ait,

102 599 239 630 sancta.
271 591 344 627 Nec
369 589 648 635 unumquodque
664 597 789 623 eorum
807 586 895 621 dicit
914 585 1163 621 tantummodo

101 658 181 700 post
208 654 316 689 istam
335 651 540 687 unctionem
568 648 740 685 Sanctum
762 647 890 689 sancti,
908 656 1035 681 verum
1053 645 1162 681 etiam

101 713 274 748 Sanctum
312 717 517 748 sanctorum
536 737 545 752 ‚
588 710 680 746 sicut
718 709 831 743 altare
869 707 1161 742 holocaustoma-

99 778 231 815 tum,ut
248 771 323 816 jam
343 772 431 807 nihil
453 771 608 813 intersit,
628 775 800 815 quantum
836 768 880 803 ad
914 768 1007 803 hanc
1039 767 1161 812 appel-

97 832 269 868 lationem
299 834 443 875 attinet,
474 831 569 866 inter
598 830 658 865 illa
689 839 768 874 quae
797 827 947 863 interius
976 827 1070 861 intra
1098 837 1160 862 ve-

96 893 170 928 lum
188 892 346 935 fuerant,
359 893 393 928 id
405 897 460 927 est
475 891 535 926 ubi
554 895 632 925 erat
652 899 736 924 arca
754 887 963 929 testimonii,
976 892 1012 922 et
1028 893 1158 923 caetera

96 953 198 995 soris,
219 953 287 988 nisi
317 951 411 997 quod
440 950 500 984 illa
531 947 683 983 interius
701 947 750 981 ita
775 946 987 981 dicebantur
1024 944 1157 980 Sancta

95 1018 314 1052 sanctorum,
346 1009 516 1045 Sanctum
539 1011 760 1048 sanctorum,
790 1011 830 1040 ut
857 1005 967 1040 etiam
987 1010 1067 1040 ante
1086 1015 1154 1040 un-

93 1076 248 1111 ctionem
285 1072 336 1107 sic
370 1071 648 1118 appellarentur.
688 1069 827 1104 Caetera
856 1071 942 1103 vero
983 1068 1154 1104 unctione

92 1134 312 1171 sanctificata
332 1138 427 1176 sunt,
446 1138 486 1167 ut
500 1133 568 1168 hoc
582 1142 713 1167 nomen
730 1132 950 1177 acciperent,
967 1132 1062 1176 quod
1081 1132 1154 1167 otio

91 1194 352 1231 discutiendum
370 1199 439 1236 est,
458 1193 542 1238 quid
566 1193 634 1228 ista
653 1191 913 1238 significarent.
939 1190 1007 1234 Qui
1035 1191 1154 1236 fecerit

90 1265 175 1301 opus
190 1254 226 1288 in
241 1264 296 1296 eo,
312 1253 501 1288 occidetur.
522 1251 604 1287 Non
622 1252 836 1287 succendetis
857 1253 970 1297 iqnem
988 1252 1024 1287 in
1042 1253 1155 1287 omni-

88 1313 152 1350 bus
171 1312 379 1349 habitaculis
400 1313 535 1356 vestris,
561 1324 621 1358 per
652 1313 744 1347 diem
775 1312 922 1347 sabbati.
951 1311 1066 1358 Opera
1091 1322 1154 1348 ne-

88 1374 245 1412 cessaria
278 1380 507 1420 peccatorum
541 1374 707 1420 prohibet
739 1373 878 1417 facere,
912 1383 978 1409 nec
1012 1384 1083 1409 non
1118 1379 1154 1411 et

89 1435 209 1482 ignem
237 1434 444 1481 cupiditatis
477 1439 585 1479 atque
618 1433 764 1477 suroris,
788 1439 861 1469 tam
882 1434 916 1468 in
939 1435 1153 1479 corporibus

89 1494 277 1538 humanis,
312 1506 419 1542 quam
452 1495 561 1531 etiam
595 1496 631 1530 in
667 1495 927 1531 conventiculis
958 1496 1149 1540 universis,

90 1560 187 1590 vetat
203 1555 407 1591 incendere.
429 1554 612 1601 Magisque
629 1554 823 1600 persuadet
847 1555 881 1589 in
906 1556 1057 1590 sabbato
1079 1557 1152 1601 spi-

89 1616 211 1652 rituali
229 1615 359 1659 officio,
377 1621 412 1650 et
428 1615 722 1661 contemplationi
750 1625 879 1651 vacare
899 1615 1041 1659 divinae‚
1064 1616 1149 1662 quia

90 1679 183 1715 sicut
210 1677 355 1714 salubre
383 1682 438 1713 est
454 1677 621 1712 omnibus
643 1676 831 1711 charitatis
845 1675 988 1711 flamma
1007 1686 1149 1722 semper

89 1738 242 1780 fervere,
276 1739 326 1773 ita
356 1743 393 1774 et
420 1738 559 1773 cunctis
587 1737 733 1773 noxium
752 1741 808 1773 est
842 1737 1046 1782 cupiditatis
1068 1738 1149 1783 igne

88 1799 349 1846 inexplebiliter
371 1803 535 1834 aestuare.

470 1888 622 1926 CAPUT
655 1888 763 1924 XXII.

87 1964 142 2000 De
158 1976 197 2000 eo
218 1963 309 2011 quod
329 1963 465 2009 Moyses
492 1974 534 1997 es>
561 1973 717 1998 sermone
736 1962 878 1997 Domini
902 1963 1064 2009 prcecepit
1085 1975 1147 2009 po-

132 2010 227 2058 pulo,
255 2017 293 2045 ut
318 2015 554 2057 proepararent
575 2009 747 2055 primitias
767 2015 798 2044 et
817 2010 933 2044 animo
949 2009 1145 2045 voluntario

133 2069 191 2093 eas
217 2057 366 2093 Domino
391 2057 569 2103 offerrent,
597 2056 641 2091 acl
662 2057 955 2091 constructionem
981 2057 1146 2092 taberna-

135 2104 219 2140 culi.

136 2176 182 2212 Et
201 2177 249 2212 ait
264 2176 402 2223 Moyses
423 2177 468 2212 ad
486 2187 619 2213 omnem
638 2182 810 2212 catervam
828 2176 982 2222 filiorum
1002 2177 1116 2213 Israel
1134 2189 1147 2214 .·

87 2238 160 2274 Iste
177 2244 225 2274 est
247 2249 359 2274 sermo
378 2250 477 2285 quem
498 2239 659 2285 praecepit
676 2238 843 2273 Dominus
866 2238 983 2274 dicens
1004 2248 1016 2273 .·
1037 2238 1145 2286 Sepa-

87 2306 163 2335 rate
190 2299 284 2346 apud
312 2310 369 2334 vos
398 2299 571 2345 primitias
598 2298 759 2334 Domino.
785 2298 907 2335 Omnis
927 2299 1145 2336 voluntarius

86 2366 118 2396 et
135 2366 291 2407 prompto
317 2360 434 2395 animo
461 2361 585 2406 offerat
602 2371 660 2395 eas
676 2360 826 2395 Domino
845 2370 856 2394 .·
882 2372 1007 2396 aurum
1028 2367 1061 2397 et
1084 2373 1146 2397 ar-

85 2426 225 2466 qentum
251 2424 283 2454 et
312 2430 358 2454 ωε
386 2428 397 2452 .·
426 2418 650 2464 hyacinthum
669 2423 702 2453 et
719 2430 926 2464 purpuram,
948 2425 980 2455 et
1000 2430 1142 2455 coccum

86 2480 137 2516 bis
154 2480 311 2523 tinctum,
330 2487 361 2515 et
378 2481 516 2526 byssum
532 2479 644 2526 :pilos
663 2491 864 2526 caprarum,
884 2487 916 2516 et
934 2480 1039 2527 pelles
1054 2481 1147 2516 arie-

87 2545 160 2575 tum
194 2540 386 2575 rubricatas
427 2546 458 2574 et
490 2540 749 2586 hyacinthinas.
784 2541 895 2587 Liqna
926 2542 1069 2584 sethim,
1112 2549 1145 2578 et

88 2597 202 2633 oleum
220 2598 264 2632 ad
285 2598 474 2633 limtinaria
501 2599 743 2633 concinnanda
761 2610 772 2634 .·
797 2605 834 2634 ut
852 2600 1060 2644 conficiatur
1080 2612 1145 2636 un-

87 2666 251 2706 quentum
277 2665 308 2694 et
337 2659 526 2705 thymiama
552 2660 809 2694 suavissimum.
836 2659 984 2706 Lapides
1003 2662 1145 2707 onychi-

88 2732 161 2763 nos,
186 2726 217 2756 et
238 2731 390 2766 qemmas
418 2721 462 2754 ad
486 2728 647 2755 ornatum
666 2720 960 2766 superhumeralis
983 2727 1016 2757 et
1032 2723 1143 2757 ratio—

87 2781 177 2818 nalis
193 2781 323 2828 (Exod.
343 2779 481 2827 xxxiv).
505 2780 544 2815 ln
564 2781 728 2816 notitiam
746 2786 883 2817 tantum
905 2781 1044 2829 Moyses
1061 2793 1144 2828 pro-

89 2843 180 2886 tulit,
200 2854 279 2889 quae
298 2843 470 2879 Dominus
492 2853 601 2888 opera
626 2842 702 2878 fieri
725 2844 949 2889 praeceperit,
971 2845 1142 2880 taberna-

87 2904 205 2940 culum
237 2903 376 2940 scilicet
396 2913 476 2939 cum
505 2903 670 2939 omnibus
703 2913 782 2948 quae
817 2904 852 2938 in
883 2914 926 2939 eo
954 2911 1086 2948 essent,
1108 2911 1144 2942 et

87 2970 185 3001 veste
216 2964 442 3001 sacerdotali.
477 2963 780 2999 Commemoravit
811 2969 933 3000 autem
966 2966 1142 3011 quosdam

87 3026 215 3072 quibus
233 3026 320 3061 dixit
337 3025 511 3071 Spiritum
533 3025 702 3060 divinitus
728 3025 866 3068 datum,
889 3026 986 3070 quod
1009 3026 1070 3062 illa
1087 3026 1142 3062 es·-

87 3084 194 3122 sscere
214 3090 376 3132 possent,
404 3090 440 3120 et
464 3090 583 3120 tamen
618 3084 722 3120 multi
749 3078 996 3131 intelliguntur
1016 3092 1144 3132 sponte

88 3148 132 3183 ad
161 3147 287 3183 eadem
319 3156 426 3192 opera
461 3146 615 3189 venisse,
640 3145 770 3191 quihus
788 3155 906 3191 neque
927 3145 1143 3191 imperatum

89 3212 157 3251 est,
180 3217 247 3244 nec
271 3217 395 3244 eorum
428 3206 572 3242 nomina
603 3210 883 3241 commemorata
910 3211 993 3241 sunt
1020 3216 1040 3242 a
1069 3206 1143 3244 Do-

90 3268 186 3304 mino
207 3268 301 3304 dicta
325 3267 450 3314 Moysi.
470 3266 549 3303 Non
567 3276 653 3312 ergo
671 3266 721 3302 illi
740 3266 807 3302 soli
826 3267 895 3303 hoc
909 3277 1039 3303 munus
1056 3267 1145 3305 divi-

90 3337 176 3364 num
206 3329 424 3377 habuerunt,
460 3328 522 3374 qui
550 3327 764 3363 nominatim
798 3334 1143 3373 commemorantur,

91 3389 155 3431 sed
169 3387 321 3425 fortasse
336 3388 516 3434 praecipue
531 3392 638 3433 atque
662 3386 908 3423 excellentius.
927 3387 1144 3425 Laudandus

93 3435 149 3483 est
163 3452 284 3484 autem
298 3447 334 3484 in
350 3447 408 3483 his
425 3446 592 3483 omnibus
611 3457 682 3483 non
702 3450 876 3483 attractus
895 3447 940 3483 ad
956 3457 1048 3493 opus
1069 3458 1145 3484 ser-

91 3502 210 3551 ‚Vffitor
226 3507 380 3551 animus,
404 3506 468 3543 sed
483 3506 681 3543 liberaliter
698 3511 826 3553 sponte
850 3507 1014 3547 devotus.
1038 3507 1143 3550 Quis-

162 3572 332 3611 „mtrum
348 3573 399 3604 eut
418 3567 575 3615 sapiens,
587 3566 700 3603 veniat
726 3571 759 3603 et
786 3566 892 3612 saciat
907 3566 1002 3620 quod
1021 3566 1143 3602 Domi-

271 3628 379 3674 ‚ravia
405 3626 608 3664 Notandum
636 3628 733 3674 quod
765 3626 829 3670 illi,
865 3627 925 3672 qui
960 3628 1143 3674 sapientes

234 3678 240 3684 ”
339 3685 532 3739 &dectores
553 3697 702 3735 operum
734 3689 864 3732 sancti,
896 3688 1007 3731 etiam
1034 3690 1144 3726 mori-

101 3742 172 3781 bus
200 3736 294 3785 t'ffle
313 3741 430 3811 erasit,
459 3753 503 3785 ut
529 3757 614 3784 eum
646 3747 716 3794 ipsi
745 3748 972 3795 susciperent
1004 3749 1140 3795 omnia,

1235 281 1365 327 quibus
1395 281 1456 318 illa
1475 283 1598 319 omnia
1627 284 1908 330 complerentur,
1944 288 2113 328 viderunt
2140 293 2222 339 plus
2244 293 2302 331 of-

1233 340 1321 376 ferri
1347 352 1454 389 quam
1474 348 1554 379 erat
1571 354 1735 390 necesse,
1761 350 1798 382 et
1825 346 1995 383 dixerunt
2022 348 2150 397 Moysi.
2180 353 2302 401 Atque

1233 399 1293 435 ille
1309 409 1375 447 per
1388 412 1593 448 praeconem
1612 404 1708 440 ultra
1734 405 1907 453 populum
1932 406 2079 452 offerre,
2098 411 2298 456 prohibuit.

1231 461 1404 499 Poterant
1435 471 1558 502 autem
1578 467 1609 502 si
1629 467 1763 503 vellent
1789 469 1904 505 multa
1934 469 2082 514 offerre,
2101 472 2164 507 sed
2180 475 2301 512 mode-

1232 523 1302 558 stia
1321 524 1519 569 prohibuit,
1541 527 1599 562 vel
1623 528 1724 574 regio
1750 530 1892 565 terruit.
1915 530 2204 567 Tabernaculum
2231 535 2300 570 sci-

1231 583 1315 620 licet
1333 591 1369 620 et
1388 590 1523 622 tectum
1551 587 1628 632 ejus
1658 594 1766 635 atque
1793 590 2062 636 operimentum
2089 597 2125 628 et
2150 597 2296 629 caetera.

1232 644 1440 681 offeruntur
1468 652 1590 683 autem
1619 659 1692 685 uno
1711 650 1847 693 studio,
1868 655 1905 686 et
1924 656 2046 687 tamen
2065 652 2210 689 diversa
2231 655 2297 690 do·-

1231 707 1332 741 naria
1364 707 1408 742 ad
1443 710 1750 746 constructionem
1785 712 2022 755 tabernaculi,
2058 713 2162 759 juxta
2201 716 2297 760 quod

1231 767 1401 812 scriptum
1423 775 1479 804 est
1498 781 1505 803 :
1527 769 1678 813 Aurum,
1696 778 1900 817 argentum,
1920 783 1983 816 aes,
2005 773 2143 819 lapides
2162 776 2298 821 pretio-

1230 838 1303 864 sos.
1325 828 1426 865 Tunc
1443 836 1618 875 praeterea
1636 832 1798 879 byssum,
1821 844 1984 876 coccum,
2005 836 2238 882 hyacinthum
2260 844 2297 873 et

1228 898 1440 935 purpuram,
1461 891 1574 936 pelles
1592 892 1701 927 etiam
1731 893 1884 930 arietum
1906 895 2108 932 rubricatas
2128 902 2166 932 et
2182 897 2295 943 pelles

1227 949 1496 994 hyacinthinas,
1518 951 1579 986 sed
1600 957 1635 986 et
1654 952 1749 997 ligna
1770 953 2018 999 imputribilia,
2038 955 2130 1001 pilos
2150 967 2295 1003 quoque

1226 1019 1419 1053 caprarum
1462 1011 1506 1046 ad
1544 1013 1851 1048 constructionem
1886 1016 2133 1061 tabernaculi,
2165 1018 2228 1054 sed
2257 1023 2297 1055 et

1226 1074 1401 1120 quidquid
1417 1075 1453 1110 in
1471 1076 1605 1111 cultum
1627 1079 1719 1113 etad
1741 1084 1862 1115 vestes
1881 1087 2026 1118 sanctas
2046 1085 2294 1122 necessarium

1225 1142 1317 1179 erat,
1344 1137 1413 1172 viri
1442 1148 1522 1173 cum
1547 1139 1759 1175 mulieribus
1789 1142 2036 1185 praebuerunt.
2068 1143 2240 1181 Arinillas
2257 1152 2295 1182 et

1224 1198 1382 1241 inaures,
1403 1204 1439 1234 et
1459 1200 1611 1236 annulos
1632 1206 1668 1236 et
1693 1202 1879 1238 dextralia.
1906 1203 2021 1240 Omne
2048 1216 2114 1242 vas
2141 1217 2294 1245 aureum

1224 1258 1260 1293 in
1275 1259 1424 1294 donaria
1438 1260 1581 1297 Domini
1595 1268 1801 1315 separatum
1818 1270 1886 1299 est.
1910 1264 1948 1300 Si
1961 1267 2041 1311 quis
2058 1268 2184 1305 habuit
2200 1270 2292 1316 hya-

1223 1312 1398 1362 cinthum,
1421 1331 1633 1366 purpuram,
1652 1333 1799 1359 coccum
1822 1325 2055 1371 bistinctum,
2081 1329 2229 1376 byssum
2255 1336 2294 1367 et

1222 1380 1314 1425 pilos
1334 1390 1539 1427 caprarum.
1567 1383 1736 1429 Figuram
1762 1386 1884 1431 itaque
1914 1388 2046 1433 prioris
2064 1390 2292 1428 tabernaculi

1223 1440 1481 1487 Ecclesiaeque‚
1514 1445 1680 1490 superius
1712 1446 1820 1482 latius
1852 1450 2065 1493 exponendo
2094 1451 2198 1497 juxta
2226 1450 2293 1487 Pa-

1225 1506 1322 1536 trum
1341 1501 1576 1548 multiplicem
1604 1514 1748 1540 sensum
1770 1508 1951 1551 prosecuti
1977 1519 2115 1554 sumus,
2136 1517 2173 1547 et
2192 1520 2292 1549 nunc

1222 1562 1382 1598 breviter
1402 1563 1447 1598 ob
1479 1567 1864 1603 commemorationem
1891 1568 2046 1615 idipsum
2074 1573 2288 1618 repetimus.

1221 1621 1328 1658 Fides
1354 1623 1449 1658 enim
1470 1624 1642 1660 Ecclesiae
1662 1636 1751 1662 auro
1776 1634 2008 1674 comparatur
2029 1643 2036 1665 :
2059 1641 2178 1668 sermo
2197 1643 2291 1679 prae-

1221 1682 1422 1725 dicationis,
1446 1690 1607 1730 argento,
1631 1696 1691 1728 aes,
1729 1688 1927 1732 patientiae.
1957 1689 2060 1734 Quod
2092 1702 2180 1729 vero
2208 1702 2290 1740 quae

1220 1743 1258 1778 in
1279 1749 1493 1780 ornamento
1513 1745 1588 1780 sive
1607 1747 1842 1784 tabernaculo
1873 1752 2079 1788 necessaria
2100 1759 2198 1798 sunt,
2217 1753 2291 1792 viri

1219 1814 1302 1839 cum
1329 1804 1541 1841 mulieribus
1559 1807 1735 1852 praebent,
1769 1808 1838 1845 hoc
1868 1810 2057 1856 significat,
2091 1813 2175 1859 quia
2190 1814 2290 1851 intra

1218 1864 1419 1900 Ecclesiam
1440 1866 1592 1901 virtutes
1613 1866 1774 1911 fortium,
1792 1879 1871 1914 quae
1888 1881 1952 1916 per
1966 1872 2063 1908 viros
2080 1874 2291 1920 exprimun-

1217 1931 1291 1969 tur,
1322 1932 1358 1962 ct
1387 1929 1516 1973 exigua
1537 1940 1645 1974 opera
1678 1931 1905 1968 intirmorum
1932 1945 2012 1980 quae
2030 1945 2097 1981 per
2115 1936 2288 1975 mulieres

1218 1987 1443 2031 intimantur,
1466 1989 1587 2024 onmia
1617 1990 1736 2026 locum
1766 1992 1967 2036 inveniunt,
1986 2000 2020 2030 et
2038 1995 2083 2030 ad
2101 2006 2189 2032 usus
2203 2006 2289 2033 sau-

1167 2035 1196 2075 C
1218 2053 1286 2083 ctae
1305 2048 1554 2085 aedificationis
1577 2051 1817 2096 accipiuntur.
1835 2052 1987 2089 Collatio
2008 2065 2095 2092 vero
2115 2057 2192 2102 ipsa
2213 2068 2288 2096 non

1216 2107 1258 2142 fit
1274 2109 1504 2152 necessitate,
1528 2111 1590 2145 sed
1620 2118 1761 2155 sponte,
1782 2113 1866 2158 quia
1894 2113 1982 2150 fides
1999 2121 2198 2161 spontanea
2216 2124 2285 2155 est.

1215 2168 1307 2205 Nam
1325 2180 1390 2216 per
1410 2171 1571 2208 armillas
1588 2182 1668 2216 quae
1694 2172 1849 2209 lacertos
1872 2176 2093 2221 astringunt,
2114 2178 2290 2224 praeposi·

1215 2235 1337 2266 torum
1385 2230 1503 2267 valide
1539 2231 1783 2268 laborantium
1824 2244 1933 2280 opera
1975 2237 2286 2276 demonstrantur.

1215 2289 1284 2326 Per
1305 2291 1452 2327 inaures
1483 2293 1709 2328 subditorum
1734 2294 1939 2332 obedientia
1963 2298 2192 2344 exprimitur,
2218 2309 2286 2346 per

1216 2351 1382 2394 annulos,
1400 2352 1626 2397 signaculum
1645 2360 1883 2398 secretorum,
1918 2357 2014 2392 unde
2047 2363 2084 2393 et
2114 2359 2279 2403 quaedam

1215 2411 1334 2446 minus
1355 2412 1639 2458 intelligentibus
1653 2414 1876 2451 occultantes
1893 2417 1997 2461 quasi
2012 2417 2078 2451 sub
2097 2418 2283 2463 signaculo

1213 2471 1414 2505 recondunt
1445 2471 1625 2515 doctores,
1650 2483 1695 2508 ne
1728 2474 1886 2520 indignis
1908 2476 2182 2523 quibuscunque
2215 2479 2282 2515 Dei

1214 2539 1439 2569 sacramenta
1460 2535 1655 2570 credantur
1675 2548 1682 2570 :
1706 2537 1800 2571 unde
1816 2542 1849 2572 et
1865 2536 1985 2582 justus
2004 2538 2148 2575 laetatur
2163 2546 2199 2576 et
2224 2542 2280 2578 di-

1213 2592 1262 2627 cit
1274 2601 1283 2626 :
1295 2591 1339 2625 In
1358 2591 1461 2626 corde
1478 2603 1552 2627 meo
1570 2593 1736 2629 abscondi
1755 2594 1891 2641 eloquia
1907 2602 1983 2639 tua,
1999 2603 2037 2632 ut
2054 2609 2124 2634 non
2141 2610 2279 2646 peccem

1212 2651 1259 2686 tib
1293 2650 1406 2698 (Psal.
1423 2651 1563 2699 cxviii).
1579 2653 1692 2689 Porro
1707 2664 1771 2700 per
1788 2655 1977 2700 dextralia,
1994 2668 2103 2704 opera
2130 2660 2224 2696 bona
2242 2667 2280 2697 et

1211 2713 1337 2748 dextra
1376 2720 1718 2750 commemorantur.
1753 2715 1826 2752 Vas
1866 2727 2016 2754 aureum
2056 2720 2092 2756 in
2127 2721 2278 2759 donaria

1211 2775 1353 2811 Domini
1386 2781 1606 2822 separatum,
1641 2777 1842 2814 divinitatis
1876 2780 2111 2827 intelligentia
2145 2784 2279 2830 accipi-

1211 2842 1289 2879 tur,
1320 2846 1399 2882 quae
1443 2842 1544 2872 tanto
1574 2838 1619 2874 ab
1655 2838 1853 2875 inferorum
1883 2851 2006 2878 amore
2039 2843 2274 2891 disjungitur,

1213 2901 1347 2941 quanto
1366 2897 1411 2933 ad
1428 2897 1504 2932 sola
1519 2908 1598 2942 quae
1616 2903 1750 2934 aeterna
1769 2905 1864 2944 sunt,
1882 2901 2035 2938 amanda
2052 2904 2274 2942 sublevatur.

1212 2956 1326 2992 Porro
1369 2966 1433 3003 per
1450 2957 1687 3003 hyacinthum
1714 2969 1794 3004 spes
1813 2960 2029 3004 coelestiuni‚
2048 2972 2113 3008 per
2137 2974 2276 3011 purpu-

1213 3026 1293 3052 ram
1325 3026 1434 3053 cruor
1461 3026 1504 3052 ac
1532 3017 1722 3054 tolerantia
1757 3020 1979 3065 passionum,
2016 3032 2140 3059 amore
2173 3026 2275 3071 regni

1213 3077 1378 3122 perpetui
1405 3077 1578 3112 exhibita.
1602 3077 1673 3113 Per
1695 3078 1753 3114 his
1774 3079 1928 3115 tinctum
1947 3090 2096 3118 coccum
2114 3084 2276 3120 charitas

1215 3137 1485 3173 demonstratur
1502 3150 1510 3173 :
1528 3149 1608 3184 quae
1636 3140 1858 3183 perfectione
1876 3141 1932 3177 sui
1951 3142 2008 3178 bis
2024 3143 2185 3188 tingitur,
2210 3145 2273 3190 qui

1214 3197 1279 3233 Dei
1303 3203 1340 3234 et
1365 3200 1519 3244 proximi
1547 3200 1740 3236 dilectione
1771 3202 1978 3238 decoratur.
2011 3203 2079 3238 Per
2108 3205 2271 3250 byssum,

1212 3261 1443 3298 immaculata
1473 3264 1594 3300 carnis
1621 3264 1858 3310 incorruptio,
1885 3270 1921 3301 et
1960 3265 2272 3310 splendidissimus

1212 3325 1461 3362 sanctimoniae
1484 3327 1622 3362 candor
1639 3327 1858 3362 ostenditur.
1878 3326 2014 3373 Byssus
2037 3326 2132 3362 enim
2156 3326 2270 3365 linum

1211 3390 1267 3421 est
1284 3385 1500 3428 candidum3
1520 3395 1585 3430 per
1601 3385 1693 3430 pilos
1712 3391 1834 3420 autem
1851 3394 2058 3430 caprarum,
2077 3394 2122 3421 ex
2139 3385 2271 3432 quihus

1211 3445 1413 3482 ciliciorum
1432 3446 1609 3491 asperitas
1629 3445 1776 3487 texitur,
1790 3444 1879 3479 dura
1892 3445 2115 3491 poenitentiae
2124 3446 2270 3484 afflictio

1213 3504 1435 3550 designatur.
1465 3505 1559 3540 Dum
1587 3504 1696 3550 igitur
1718 3503 1780 3539 alii
1799 3513 1866 3550 per
1883 3505 2044 3543 armillas
2062 3511 2099 3544 et
2115 3507 2271 3546 annulos

1213 3565 1306 3602 sorte
1342 3566 1588 3612 magisterium
1627 3571 1812 3610 exercent,
1847 3566 1908 3603 alii
1941 3577 2008 3614 per
2042 3569 2189 3606 inaures
2228 3575 2267 3607 et

1214 3624 1390 3662 dextralia
1409 3625 1574 3660 devotam
1593 3623 1761 3660 audiendi
1787 3623 2031 3662 obedientiam
2056 3632 2266 3674 rectamque

1213 3685 1460 3732 operationem
1486 3684 1680 3728 exhibent,
1701 3684 1763 3721 alii
1780 3694 1847 3732 per
1862 3695 1929 3723 vas
1946 3695 2096 3724 aureum
2113 3687 2265 3734 praeela-

1214 3756 1294 3785 ram
1322 3745 1619 3792 subtilioremque
1635 3745 1703 3784 Dei
1730 3745 2005 3795 intelligentiam
2037 3742 2175 3794 tenent,
2199 3742 2265 3784 alii
