2540 4016
18 3875 28 4016 ’on-‘—
20 3847 21 3851 Α

44 3995 51 3999 ι

338 165 403 200 591

335 295 489 341 tegmine
498 295 641 338 peccata
660 291 740 322 sunt
757 293 835 329 quae
854 290 1057 326 percorpus
1071 277 1340 342 committuntur
1354 284 1364 308 :

335 356 371 391 in
388 361 535 398 corpore
551 348 679 385 etenim
705 343 821 377 anima
850 338 1028 380 subsistit,
1044 336 1153 371 veluti
1173 339 1312 370 stamen
1329 342 1367 368 ιιι

333 410 569 456 subtegmine.
606 403 709 439 Pellis
722 409 805 434 vcro
821 398 893 433 vita
907 402 962 432 est
978 395 1147 435 exterior,
1167 398 1203 428 et
1218 402 1367 428 conver-

335 473 425 508 satio
446 468 623 504 hominum
641 459 812 499 carnalis3
835 457 928 491 unde
948 460 1029 500 post
1049 458 1232 499 peecatum
1252 451 1367 487 Adam

334 537 371 566 et
384 528 482 564 uxori
501 525 591 560 illius
608 521 743 555 tunicas
769 517 932 562 pelliceas
951 515 1121 550 Dominus
1137 512 1264 548 secisse
1281 510 1367 546 dici-

334 594 404 623 tur.
438 586 550 627 Lepra
571 584 686 614 autem
707 577 741 611 in
766 574 868 620 pelle,
889 573 1019 608 malum
1040 571 1240 616 exemplum
1260 569 1367 605 estin

330 642 595 682 conversatione
614 636 717 681 hujus
727 636 807 669 vitae
818 644 882 679 per
898 633 992 677 quod
1008 631 1137 667 indocti
1158 631 1192 666 in
1207 637 1366 665 errorem

331 705 554 740 inducuntur.
584 697 652 744 (Em
684 692 885 739 Hesychio.)
927 691 1014 734 Quia
1039 700 1123 735 ergo
1153 694 1188 724 et
1219 689 1262 723 de
1286 696 1367 722 eve-

332 763 509 800 nientibus
526 760 559 794 in
570 758 718 793 virtutes
735 752 881 788 maculis
900 751 1082 796 legislator
1100 748 1366 795 purificationes

330 822 511 872 praecepit,
541 819 612 863 jam
632 826 694 861 per
717 824 794 859 qnae
821 813 998 858 leprosum
1029 810 1176 845 mundet
1199 816 1364 854 agnosce.

330 884 405 919 Hoc
415 882 508 917 enim
527 876 709 912 intendens
725 873 883 907 invenies
898 871 980 916 qnia
998 868 1192 914 legislatori
1209 868 1252 902 de
1268 866 1367 911 lepra

329 943 389 979 illa
406 949 498 976 curae
518 936 582 971 suit
595 944 670 981 quae
690 943 732 969 ex
753 931 890 968 delictis
908 930 943 964 in
961 927 1148 964 animabus
1164 925 1296 961 nostris
1316 924 1368 959 in-

328 1001 470 1047 ffifflwn

727 1050 875 1088 CAPUT
901 1048 958 1085 Vl.

328 1121 378 1156 De
387 1116 625 1167 :oblationibus
642 1112 823 1159 offerendis
839 1121 900 1156 pro
915 1108 1174 1149 emundatione,
1191 1112 1222 1142 et
1238 1115 1368 1152 purya-
1387 1104 1418 1143 B
1437 1104 1639 1150 gnificatur,
1663 1106 1747 1152 quia
1782 1108 1911 1143 cedrus
1929 1107 1964 1142 in
1983 1107 2088 1153 lignis
2111 1108 2214 1144 fortis
2240 1115 2308 1144 est.
2327 1109 2416 1144 Nam
2447 1113 2485 1146 et

720 1160 810 1194 tione
830 1157 967 1202 leprosi.

372 1237 470 1285 (Car.
490 1235 578 1281 xlv.)
598 1233 814 1277 Locutusque
833 1237 882 1264 est
899 1228 1068 1263 Dominus
1089 1226 1133 1261 ad
1154 1224 1297 1270 Moysen
1319 1223 1370 1258 di-

326 1310 403 1334 cens
422 1307 432 1330 .·
454 1296 519 1331 Hic
544 1302 591 1330 est
613 1295 702 1329 ritus
728 1291 853 1337 leprosi
871 1289 1008 1336 quando
1031 1286 1252 1323 mundandus
1284 1291 1333 1320 est
1354 1295 1366 1320 .-

327 1357 524 1391 Adducetur
541 1355 585 1389 ad
602 1352 829 1393 sacerdotem,
849 1351 906 1395 qui
928 1359 1082 1394 eyressus
1101 1358 1118 1382 e
1135 1346 1273 1388 castris,
1290 1354 1367 1380 cum

329 1415 494 1450 invenerit
517 1414 645 1459 lepram
665 1422 735 1446 esse
750 1410 966 1451 mundatam,
985 1407 1158 1455 pra’cipiet
1178 1406 1206 1441 ei
1221 1405 1279 1451 qui
1304 1415 1368 1450 pu-

328 1475 486 1520 rificatur
504 1480 539 1508 ut
561 1473 681 1517 offerat
702 1481 763 1516 pro
789 1480 823 1504 se
841 1469 926 1503 duos
956 1478 1109 1514 passeres
1143 1466 1250 1507 vivos,
1282 1473 1368 1510 quos

328 1535 413 1570 vesci
429 1534 559 1568 licitum
579 1538 641 1574 est,
660 1537 689 1565 et
707 1530 836 1575 liynum
857 1529 1046 1569 cedrinum,
1078 1525 1368 1570 vermiculumque

328 1599 358 1628 et
379 1593 573 1637 hyssopum.
608 1590 651 1623 Et
673 1599 779 1623 unum
800 1599 816 1622 e
834 1587 1028 1632 passeribus
1044 1584 1217 1619 immolari
1235 1583 1368 1628 jubebit

328 1652 365 1686 in
379 1661 458 1686 vase
467 1648 563 1694 fictili
579 1657 679 1692 super
697 1657 804 1691 aquas
814 1646 957 1679 viventes
973 1653 983 1676 .·
1002 1643 1109 1677 alium
1122 1648 1235 1677 aulem
1255 1641 1368 1676 vivum

331 1720 409 1744 cum
427 1708 517 1753 liyno
538 1707 689 1747 cedrino,
707 1712 735 1740 et
757 1715 870 1747 cocco,
893 1710 923 1739 et
939 1704 1082 1748 hyssopo
1107 1703 1212 1747 tiuyet
1230 1701 1266 1735 in
1283 1712 1367 1736 san-

330 1770 433 1814 yuine
449 1767 594 1813 passeris
615 1764 797 1806 immolati,
817 1775 882 1809 quo
901 1769 1051 1808 asperyet
1075 1761 1173 1796 illum
1192 1761 1249 1807 qui
1265 1770 1367 1795 ntun-

331 1828 466 1863 dandus
476 1833 538 1869 est,
559 1825 693 1871 septies,
707 1824 829 1870 utjure
843 1829 1021 1869 puryetur,
1037 1828 1067 1857 et
1083 1822 1229 1856 dimittet
1251 1830 1369 1865 passe-

330 1898 401 1922 rem
414 1887 539 1928 vivum‚
560 1891 596 1919 ut
617 1885 653 1918 in
671 1894 791 1929 cyrum
807 1882 928 1918 avolet.
965 1881 1118 1927 Cumque
1135 1880 1255 1915 lat-erit
1269 1881 1370 1914 homo

329 1946 525 1981 vestimenta
546 1955 624 1986 sua,
642 1943 737 1976 radet
758 1951 872 1975 omnes
890 1939 977 1986 pilos
996 1939 1165 1984 corporis,
1187 1944 1218 1971 et
1238 1936 1370 1971 lavabi-

333 2011 390 2040 tur
422 2015 526 2048 “quas
542 2002 812 2048 P‘Wffisa‘fls‘lue
835 1998 1045 2043 ‘'²¹9²’0d1'e‘ur
1070 2002 1197 2038 ⁶113ffl1>
1215 1996 1264 2030 5²ss
1283 1994 1373 2029 dun·
1390 1990 1419 2030 C
1442 2006 1537 2042 hunc
1553 2010 1723 2055 praecepit
1751 2010 1926 2046 immolari
1955 2011 2012 2047 vel
2031 2013 2160 2056 occidi,
2181 2013 2218 2049 id
2235 2018 2303 2057 est,
2333 2015 2369 2050 id
2392 2014 2487 2060 quod

1402 2108 1406 2112 ⁸
1442 2071 1520 2100 erat
1535 2066 1702 2110 passibile
1721 2073 1757 2103 et
1787 2069 1882 2114 quod
1900 2075 2041 2115 poterat
2070 2072 2201 2115 occidi,
2229 2077 2264 2107 et
2279 2072 2394 2109 occidi
2415 2083 2426 2108 ε
2448 2073 2487 2108 in

333 2069 430 2098 taxat
460 2069 495 2096 ut
527 2066 663 2095 maneat
687 2068 784 2093 extra
822 2055 1082 2091 tabernaculum
1115 2066 1216 2090 suum
1246 2061 1373 2101 septem

334 2122 468 2156 diebus.
506 2120 551 2154 Et
582 2120 636 2153 die
667 2118 809 2163 septima
840 2116 940 2150 radat
972 2114 1113 2161 capillos
1133 2116 1268 2161 capitis,
1296 2115 1375 2149 bar-

334 2180 477 2225 bamque
496 2185 527 2213 el
560 2177 755 2223 supercilia,
795 2186 834 2210 ac
853 2175 955 2210 totius
971 2176 1122 2220 corporis
1150 2174 1251 2220 pilos,
1277 2180 1307 2209 el
1324 2174 1375 2208 Ιο-

335 2239 378 2273 tis
397 2248 533 2272 rursum
564 2235 707 2271 vestibus
742 2241 772 2269 et
800 2244 952 2279 corpore,
975 2238 1043 2268 etc.
1083 2233 1153 2278 (Ex
1172 2232 1374 2279 Hesychio.)

336 2296 427 2340 Quia
445 2306 515 2331 non
535 2305 599 2330 nos
614 2299 754 2339 oportet
768 2293 935 2328 arbitrari
958 2292 1178 2338 negligenter
1193 2293 1375 2337 quippiam

334 2356 575 2401 legislatorem
595 2355 726 2396 dicere,
747 2354 831 2388 illud
853 2358 886 2389 te
908 2359 1047 2398 oportet
1066 2359 1190 2388 notare
1209 2363 1282 2397 prae
1300 2363 1376 2388 om-

336 2418 453 2458 nibus,
479 2416 560 2461 quia
578 2425 671 2450 nunc
706 2415 848 2459 quando
874 2415 916 2449 dc
940 2414 1226 2449 mundationibus
1246 2413 1373 2455 sancit,

335 2478 410 2513 solo
435 2476 555 2522 Moysi,
591 2486 662 2511 non
683 2476 789 2511 etiam
808 2475 942 2518 Aaron,
982 2476 1075 2511 sicut
1099 2476 1276 2521 superius,
1293 2475 1376 2511 allo-

336 2537 456 2582 quitur
472 2547 481 2579 ;
500 2536 584 2581 quia
602 2536 741 2580 Moyses
757 2535 934 2580 praecipue
962 2535 1150 2582 imaginem
1168 2535 1302 2571 Christi
1321 2545 1376 2572 se-

337 2597 488 2632 cundum
513 2596 641 2631 mnltos
661 2595 721 2640 qui
753 2595 837 2630 dicti
861 2600 943 2630 sunt
961 2596 1052 2640 gerit
1074 2596 1209 2638 modos,
1229 2595 1293 2631 soli
1313 2607 1375 2631 au-

338 2662 408 2691 tem
438 2655 580 2690 Christo
596 2655 793 2689 eommunis
828 2654 935 2699 leprae
967 2656 1136 2700 competit
1155 2656 1375 2699 emundatio,

339 2721 483 2760 propter
508 2714 601 2758 quod
632 2723 698 2748 nec
727 2714 769 2748 de
795 2714 893 2758 lepra
913 2715 1018 2750 unius
1047 2716 1143 2750 modi
1180 2726 1259 2761 quae
1280 2716 1376 2752 sitin

340 2773 499 2814 vulnere,
530 2771 628 2807 verbi
643 2772 770 2817 gratia,
805 2777 866 2806 aut
896 2773 1091 2816 inustione,
1119 2781 1180 2810 aut
1205 2776 1307 2812 aliter
1325 2777 1376 2812 lo-

340 2833 479 2878 quitur3
512 2831 575 2867 sed
607 2831 657 2865 ait
692 2842 700 2865 ε
739 2829 804 2864 Hic
839 2837 887 2865 est
926 2832 1012 2866 ritus
1052 2832 1190 2878 leprosi.
1210 2835 1278 2870 Per
1309 2837 1378 2872 hoc

343 2901 483 2926 omnem
511 2890 666 2935 speciem
702 2889 808 2934 leprae
835 2890 1021 2936 complecti
1054 2892 1190 2935 volens,
1222 2895 1304 2938 quia
1341 2903 1377 2932 et

340 2949 504 2984 Christus
520 2957 625 2983 omne
643 2958 754 2993 genus
775 2954 1002 2993 peccatorum
1018 2951 1219 2995 mundavit;
1238 2963 1323 2999 ergo
1341 2961 1378 2990 et

343 3007 451 3042 nimis
467 3006 647 3042 simillima
666 3011 721 3042 est
749 3007 919 3052 mysterio
935 3007 1011 3052 ejus
1026 3018 1184 3053 praesens
1204 3014 1354 3049 materia
1366 3041 1376 3057 ‚

342 3067 437 3113 quod
459 3076 503 3102 ex
526 3076 569 3101 eo
587 3066 772 3110 discimus,
798 3067 881 3111 quia
906 3067 1084 3112 leprosum
1100 3079 1171 3105 non
1188 3070 1240 3106 irc
1257 3072 1302 3108 ad
1321 3083 1378 3109 sa-

341 3128 537 3169 cerdotem,
567 3127 630 3162 sed
667 3127 712 3162 ad
745 3137 826 3162 eum
857 3127 910 3163 ire
939 3130 1159 3167 sacerdotem
1194 3135 1375 3179 praeeepit,

342 3186 466 3231 sieque
483 3185 610 3220 adduci
641 3195 721 3221 eum
743 3186 804 3231 qui
822 3187 1044 3224 mundandus
1061 3194 1129 3232 est,
1151 3192 1381 3235 quemadmo-

343 3247 427 3281 dum
447 3251 482 3281 et
496 3245 660 3281 Christus
679 3246 723 3282 ad
736 3257 801 3282 nos
817 3248 926 3290 venit,
943 3252 979 3284 et
999 3259 1061 3286 eos
1078 3250 1138 3295 qui
1151 3252 1196 3286 ab
1214 3261 1257 3287 eo
1274 3263 1379 3288 mun-

342 3305 419 3340 dari
452 3311 558 3350 atque
597 3305 692 3341 ablui
729 3307 974 3342 necessarium
1005 3307 1198 3353 habebant,
1225 3315 1261 3345 et
1277 3315 1381 3347 extra

343 3368 461 3398 eastra
476 3363 519 3397 ad
537 3363 743 3415 intuendum
766 3374 848 3400 eum
865 3366 926 3410 qui
943 3367 1168 3404 mundandus
1185 3374 1265 3405 erat
1280 3380 1382 3417 egre-

345 3421 382 3456 di
407 3424 628 3459 sacerdotem
663 3424 846 3470 praecepit,
872 3425 965 3461 sicut
995 3436 1062 3463 nos
1081 3426 1245 3465 Christus
1277 3435 1380 3466 extra

347 3485 463 3515 castra
480 3492 544 3526 per
563 3483 765 3528 passionem
789 3484 922 3528 crucis,
936 3485 1284 3535 dispensationisque
1301 3500 1380 3535 quae

346 3543 432 3575 tunc
449 3547 592 3586 peraeta
613 3549 668 3579 est
685 3545 856 3582 visitavit.
872 3546 950 3583 Non
969 3548 1068 3594 prius
1082 3554 1202 3586 autem
1215 3551 1284 3587 hoo
1309 3551 1381 3598 egit

346 3607 453 3642 quam
476 3601 625 3645 videret,
645 3603 727 3648 qnia
756 3605 894 3642 macula
920 3606 1028 3653 leprae
1050 3607 1096 3644 ab
1113 3618 1157 3645 eo
1175 3616 1378 3655 sanaretur,

345 3655 381 3691 id
396 3664 464 3704 cst,
480 3667 670 3708 antequam
696 3673 762 3701 nos
777 3663 934 3703 caruisse
946 3666 1094 3705 vidisset
1107 3677 1242 3707 errore.
1259 3669 1380 3714 Quan-

753 151 793 185 Β.
821 145 990 184 ΒΑΒΑΝΙ
1016 142 1161 180 MAum
1183 139 1396 178 ARCHIEP.
1420 137 1628 175 MOGUNT.
1656 137 1844 175 OPERUM
1870 136 1989 173 PARS
2013 135 2039 171 1.
2213 138 2229 154 ⁸
2409 137 2480 174 592

337 243 464 280 eorpus
484 236 579 268 stare
609 233 644 263 ct
661 226 780 272 vigere
810 221 907 256 facit.
942 220 1069 264 ‚Lepra
1089 223 1207 253 autem
1233 216 1268 250 in
1284 214 1369 250 sub-
1385 217 1421 257 Α
1437 212 1482 247 do
1500 222 1586 258 crgo
1616 212 1652 247 in
1673 222 1755 248 euni
1778 221 1850 247 non
1871 210 1986 246 solum
2003 218 2047 243 ex
2075 206 2177 252 plebe
2195 205 2343 243 Iudaica
2365 209 2482 245 credi·

1437 271 1582 315 derunt,
1612 273 1674 308 sed
1693 269 1739 308 ἐι
1770 271 1899 318 pagani
1926 268 2161 304 ascendentes
2177 278 2259 303 eum
2281 269 2402 304 videre
2422 280 2484 305 eu-

1436 330 1597 375 piebant,
1632 330 1880 366 nuntiantibus
1916 327 1985 362 hoc
2003 326 2190 372 discipulis
2213 327 2303 362 dixit
2338 339 2348 363 :
2381 327 2483 365 Venit

1436 387 1524 423 hora
1572 393 1610 423 ut
1646 388 1861 434 ylorificetur
1897 384 2012 420 Filius
2050 385 2198 421 hominis
2237 386 2366 434 (Joam
2397 388 2483 436 ιιι),

1437 447 1580 491 quando
1600 447 1690 482 vidit
1707 446 1800 491 quod
1818 449 2060 491 praeparatum
2083 451 2178 482 esset
2207 446 2403 482 humanum
2421 459 2482 495 ge-

1437 514 1506 539 nus
1527 505 1571 540 ad
1603 504 1852 540 liberationem
1889 503 2112 549 salutemque
2135 515 2201 550 per
2224 515 2382 550 crucem,
2411 509 2481 544 hoc

1436 565 1530 599 enim
1550 569 1587 599 et
1617 564 1767 611 gloriam
1787 573 1887 598 suam
1907 563 2111 610 appellavit,
2144 570 2227 601 tunc
2249 567 2335 611 quid
2360 578 2481 603 susee-

1436 622 1513 667 pit?
1529 617 1701 658 Videlicet
1717 623 1804 658 duos
1821 632 1987 668 passeres
2001 623 2113 667 vivos,
2128 634 2218 670 quos
2234 626 2328 661 vesci
2345 626 2482 663 licitum

1438 684 1504 715 est.
1525 679 1658 715 Habuit
1691 680 1784 716 enim
1803 681 1880 717 haec
1899 681 2078 726 Christus,
2096 683 2319 720 divinitatem
2346 686 2483 723 scilicet

1437 746 1474 776 et
1488 741 1761 783 humanitatem,
1782 743 1866 786 quia
1883 743 2015 778 munda
2041 742 2174 779 Christi
2193 745 2300 780 etiam
2316 746 2483 781 humani-

1438 807 1493 836 tas
1519 806 1556 836 et
1575 801 1700 836 vivens
1726 807 1792 837 est.
1814 802 1945 838 Munda
1968 803 2125 848 quidem,
2150 809 2190 839 ut
2202 810 2284 851 pote
2303 815 2382 850 quae
2402 817 2484 852 pro-

1436 862 1554 908 prium
1572 868 1758 907 peccatum
1789 874 1859 898 non
1890 863 2035 907 habuit;
2070 864 2152 900 viva
2189 870 2324 909 autem,
2346 871 2385 901 ut
2403 877 2482 912 quae

1438 923 1557 969 genita
1576 934 1648 959 non
1678 929 1733 959 est
1751 934 1795 959 ex
1812 924 1879 959 viri
1898 925 2123 960 immunditia
2139 936 2148 969 ;
2182 931 2216 962 et
2234 926 2311 962 ideo
2328 937 2398 962 non
2415 927 2484 963 suit

1438 983 1680 1020 matedictioni
1690 984 1817 1020 mortis
1830 984 1998 1020 obnoxia.
2015 984 2151 1030 Sumet,
2163 986 2293 1032 inquit,
2307 993 2337 1021 et
2352 986 2482 1032 liynum

1439 1043 1631 1087 cedrinum,
1670 1045 1705 1080 id
1737 1051 1807 1088 est,
1830 1055 1973 1081 erucem
2004 1058 2013 1081 2
2039 1047 2147 1082 cedro
2178 1052 2298 1083 autem
2326 1047 2406 1086 idaeo
2430 1047 2482 1084 si·

1436 1175 1521 1202 arca
1537 1166 1580 1202 de
1595 1167 1702 1212 lignis
1718 1168 1875 1203 cedrinis
1891 1168 1986 1203 sacta
2003 1167 2114 1203 fuisse
2128 1170 2315 1212 asseritur,
2331 1170 2414 1214 quia
2437 1169 2484 1204 li-

1435 1237 1586 1273 gnorum
1606 1228 1880 1273 imputribilium
1901 1229 1938 1263 in
1958 1229 2226 1264 constructione
2246 1229 2323 1274 ejus
2344 1229 2484 1275 Moyses

1435 1286 1656 1322 mentionem
1690 1286 1788 1322 fecit.
1825 1286 1947 1323 Sumet
1965 1293 1996 1322 ec
2027 1287 2265 1331 vermiculum,
2285 1288 2380 1333 quod
2395 1287 2484 1334 Sep-

1437 1347 1599 1393 tuaginta
1628 1347 1739 1382 edunt
1769 1348 1947 1383 coccinum
1982 1354 2126 1392 tomum,
2154 1349 2320 1386 videlicet
2340 1350 2480 1396 passio-

1435 1415 1518 1441 nem
1553 1417 1561 1441 :
1595 1406 1726 1441 dicitur
1759 1407 1853 1442 enim
1876 1413 2022 1454 propter
2047 1410 2239 1444 tincturam
2271 1410 2482 1456 sanguinem

1436 1466 1643 1510 coccinum3
1664 1467 1757 1503 unde
1771 1467 1994 1514 chlamydem
2017 1469 2219 1504 coccineam
2238 1480 2317 1505 eum
2336 1469 2484 1506 ducere-

1436 1531 1495 1561 tur
1523 1526 1567 1561 ad
1594 1526 1809 1571 passionem,
1831 1537 1912 1563 eum
1945 1527 2077 1563 milites
2103 1529 2309 1564 induerunt.
2332 1529 2483 1564 Tortum

1437 1595 1556 1625 autem
1577 1599 1656 1625 esse
1683 1600 1795 1636 quare
1822 1590 2012 1626 dixerunt?
2032 1589 2182 1636 Propter
2209 1591 2482 1636 passibilitatem

1436 1650 1829 1697 impassibilitatemque
1867 1661 2079 1695 connexam,
2123 1657 2271 1698 propter
2314 1652 2409 1697 quod
2446 1651 2483 1687 in

1437 1721 1519 1747 eum
1542 1711 1662 1757 passio
1677 1712 1873 1747 secundum
1893 1712 2084 1757 quemdam
2102 1717 2157 1748 est
2171 1713 2338 1756 modum;
2359 1714 2485 1759 hysso-

1437 1780 1521 1815 pum
1539 1775 1656 1805 antem
1687 1771 1771 1806 boni
1795 1771 1914 1807 odoris
1934 1772 2049 1818 gratia
2078 1772 2224 1818 spiritus
2256 1773 2484 1818 cooperatrix

1438 1829 1702 1865 emundationis
1718 1836 1851 1866 nostrae
1867 1835 1934 1866 est.
1957 1830 2058 1867 Unde
2073 1830 2186 1868 David
2201 1843 2210 1869 :
2230 1832 2398 1879 Asperyes
2415 1844 2484 1877 me,

1440 1886 1567 1932 inquit,
1589 1890 1737 1936 hyssopo
1760 1896 1791 1925 et
1811 1890 2007 1926 mundabor
2027 1890 2141 1939 (Psal.
2162 1891 2213 1939 ι).

1488 1947 1538 1983 De
1556 1950 1762 1993 passeribus
1792 1959 1877 1996 ergo
1897 1961 1987 1996 quos
2005 1951 2160 1988 diximus
2181 1962 2259 1989 esse
2288 1952 2484 1997 Christum,

1442 2132 1526 2159 vase
1547 2124 1647 2160 fictili
1674 2137 1780 2171 super
1797 2139 1908 2174 aquas
1925 2131 2099 2174 viventes,
2129 2132 2165 2167 in
2184 2132 2288 2168 nobis
2313 2133 2424 2176 enim,
2451 2131 2488 2169 id

1443 2189 1510 2227 est,
1527 2193 1593 2229 pro
1614 2186 1731 2221 nobis.
1760 2187 1944 2232 Siquidem
1978 2201 2102 2228 sumus
2129 2202 2193 2228 vas
2218 2192 2327 2228 fictile
2346 2193 2389 2228 de
2412 2193 2488 2230 luto

1442 2244 1718 2288 videlicetsacti,
1740 2247 1944 2293 unigenitus
1962 2252 2159 2287 secundum
2190 2263 2334 2289 carnem
2358 2253 2489 2290 occidi·

1444 2307 1502 2337 tur
1525 2313 1633 2349 super
1664 2315 1775 2350 aquas
1793 2307 1904 2351 νίνιιε,
1935 2309 1971 2345 id
1990 2316 2057 2354 est,
2092 2312 2317 2357 baptismatis
2347 2324 2358 2349 ι
2391 2324 2489 2349 mors

1445 2360 1521 2406 ejus
1541 2364 1670 2409 quippe
1687 2372 1847 2402 nostrum
1869 2369 1997 2414 figurat
2013 2371 2201 2416 baptisma,
2220 2373 2315 2417 quod
2334 2374 2490 2410 ostendit

1444 2421 1575 2458 Paulus
1608 2424 1731 2460 (licens
1755 2438 1762 2461 :
1786 2426 1989 2474 Quicmzque
2018 2430 2055 2464 in
2083 2429 2220 2465 Christo
2242 2431 2409 2477 baptizati
2431 2444 2491 2468 su-

1444 2492 1534 2525 mus,
1563 2484 1600 2518 in
1635 2492 1744 2521 morte
1779 2487 1854 2533 ejus
1878 2489 2045 2535 baptizati
2071 2501 2191 2526 sumus
2218 2491 2333 2538 (Rom.
2361 2493 2425 2540 vl).
2450 2494 2490 2529 ln

1446 2543 1515 2578 hoc
1530 2545 1625 2579 enim
1641 2546 1765 2582 vivens
1782 2558 1917 2593 passer,
1939 2554 1975 2584 ει
1988 2549 2125 2595 lignum
2142 2548 2344 2595 cedrinum,
2362 2558 2399 2588 et
2411 2563 2490 2589 coc-

1444 2601 1564 2637 cinum
1595 2608 1743 2648 tortum,
1781 2610 1817 2640 et
1848 2605 2024 2653 hyssopus
2054 2608 2205 2654 tingitur
2226 2620 2234 2643 :
2256 2610 2376 2646 omnia
2395 2611 2490 2647 enim

1445 2661 1522 2696 haee
1543 2663 1896 2708 comprehenduntur
1922 2665 1959 2700 in
1978 2666 2111 2702 virtute
2129 2667 2368 2714 baptismatis,
2395 2669 2491 2714 quod

1446 2721 1599 2758 diximus
1621 2722 1815 2760 Dominicae
1831 2734 1912 2761 esse
1938 2727 2115 2772 passionis
2130 2727 2283 2773 figuram
2306 2728 2488 2776 significa-

1449 2782 1667 2827 tionemque,
1686 2784 1749 2820 sed
1765 2785 1889 2821 vivens
1905 2796 2030 2832 passer
2048 2798 2154 2834 quem
2174 2788 2211 2824 in
2228 2789 2408 2836 Unigeniti
2427 2799 2491 2826 ne-

1448 2841 1604 2877 cessario
1634 2842 1857 2880 divinitatem
1876 2846 2087 2893 accipimus,
2117 2848 2155 2884 in
2177 2850 2350 2896 sanguine
2381 2850 2488 2886 etiam

1447 2901 1506 2935 hic
1525 2901 1633 2936 occisi
1651 2903 1821 2947 passeris,
1837 2910 1873 2940 et
1887 2915 1979 2951 aqua
1999 2907 2162 2954 tingitur,
2182 2909 2218 2945 id
2237 2915 2305 2953 est,
2322 2909 2359 2945 in
2375 2911 2490 2955 gratia

1447 2960 1684 3004 baptismatis,
1715 2962 1797 3007 quia
1817 2974 1886 2999 non
1903 2964 1940 2999 in
1963 2966 2118 3002 hominis
2133 2967 2312 3012 passione,
2339 2968 2401 3004 sed
2428 2968 2491 3004 Dei

1447 3024 1484 3054 et
1502 3019 1657 3055 hominis
1671 3021 1906 3067 baptizamur.
1923 3024 2058 3061 Deinde
2071 3033 2153 3071 post
2164 3027 2254 3070 haec,
2273 3027 2396 3063 vivens
2410 3037 2491 3074 pas·

1449 3087 1507 3113 ser
1525 3078 1559 3112 in
1576 3089 1701 3125 agrum
1722 3085 1761 3116 ut
1787 3082 1904 3117 avolet
1921 3082 2134 3129 dimittitur;
2153 3095 2240 3132 ergo
2259 3086 2491 3132 impassibilis

1448 3138 1617 3175 divinitas
1648 3146 1685 3175 et
1706 3141 1955 3187 inseparabilis
1985 3149 2064 3179 erat
2089 3155 2110 3180 a
2142 3155 2263 3190 carne,
2289 3157 2368 3192 quae
2385 3156 2490 3192 passa

1447 3202 1514 3238 est,
1535 3197 1629 3232 unde
1647 3203 1683 3232 et
1705 3199 1916 3243 separabilis
1940 3201 1976 3235 in
1995 3203 2169 3248 sanguine
2193 3205 2431 3250 baptizamur,
2451 3192 2482 3251 ui

1449 3254 1678 3299 impassibilis
1707 3257 1787 3292 viva
1820 3258 1855 3292 in
1879 3269 2004 3304 agrum
2034 3262 2165 3297 avolet.
2185 3263 2240 3299 Ad
2264 3265 2454 3302 altitudine

1448 3313 1616 3348 videlicet
1629 3316 1940 3361 contemplationis
1958 3320 2147 3364 emittitur,
2164 3332 2235 3367 quo
2251 3324 2351 3360 illum
2371 3326 2457 3361 dimi
2475 3309 2484 3318 ”

1449 3376 1560 3416 ιειιιε,
1581 3380 1704 3409 nostro
1734 3375 1902 3412 videlicet
1938 3378 2133 3423 intellectu,
2169 3383 2236 3418 sub
2267 3383 2372 3429 hujus
2394 3386 2452 3422 eni

1451 3431 1750 3478 contemplatione
1768 3438 1922 3478 tenetur,
1944 3437 2166 3476 solummodo
2195 3447 2323 3487 sponte
2348 3438 2453 3480 deten

1451 3501 1533 3527 cum
1545 3501 1566 3527 a
1581 3491 1680 3529 nullo
1692 3492 1762 3530 alio
1779 3493 1932 3531 detineri
1950 3497 2076 3542 possit.
2094 3499 2244 3546 Insuper
2259 3501 2293 3537 is
2309 3502 2420 3548 quim
2446 3542 2467 3546 ⁷.

1451 3551 1556 3588 datus
1581 3557 1638 3588 est
1655 3552 1871 3590 vestimenta
1902 3554 2010 3601 lavat,
2030 3558 2198 3596 videlicet
2226 3561 2386 3606 actiones
2405 3565 2454 3612 ει,

1450 3621 1540 3658 quas
1555 3612 1707 3649 virtutes
1723 3613 1860 3659 habuit,
1881 3615 1966 3662 quia
1981 3621 2017 3653 et
2034 3617 2100 3655 has
2116 3625 2266 3666 peccato
2281 3621 2420 3667 polluit.
2456 3648 2459 3649 ν

1483 3670 1609 3720 Ιἰάπτει
1645 3667 1764 3712 autem
1794 3674 2007 3720 poenitentia
2029 3682 2065 3715 et
2093 3679 2186 3716 radit
2211 3679 2339 3726 pilum,
2364 3675 2401 3721 id
2428 3686 2431 3730 J
