2540 4016
290 225 358 265 7³1

286 373 406 400 suum.
427 360 532 398 Unde
544 359 689 396 videtur
701 370 775 396 non
791 361 980 398 fortuitum
998 360 1208 407 contigisse,
1226 365 1267 396 ut
1281 360 1348 396 Pe-

285 429 366 460 trus
385 421 530 469 quidem
553 426 590 455 et
611 418 775 456 Andreas
796 425 835 456 et
850 420 915 456 filii
934 419 1108 463 Zebedaei,
1130 425 1212 456 ante
1229 419 1349 467 pisca-

285 492 385 522 tores
401 482 666 525 invenirentur,
689 481 821 518 Paulus
842 492 930 518 vero
954 487 1038 518 ante
1058 481 1162 518 saber
1180 482 1349 518 taberna-

287 547 463 583 culorum.
501 543 547 579 Et
570 542 656 589 quia
689 542 740 578 illi
762 542 881 579 vocati
910 543 955 579 ab
986 547 1064 579 arte
1090 543 1348 589 capiendorum

285 609 438 655 piscium
455 611 643 652 putantur,
669 611 706 642 et
733 605 825 642 fiunt
844 606 1047 652 piscatores
1067 606 1266 649 hominum,
1295 605 1349 641 di-

284 674 390 706 cente
410 667 563 704 Domino
582 678 592 702 :
618 665 740 702 Venice
756 672 833 713 post
849 677 915 708 me,
934 666 1062 711 faciam
1080 676 1138 701 vos
1158 666 1348 712 piscatores

285 731 467 765 hominum
485 727 629 776 (March.
657 726 722 771 lv),
751 737 823 763 non
843 727 991 763 dubium
1020 726 1106 772 quin
1139 730 1175 762 et
1201 724 1346 766 Paulus,

285 791 370 838 quia
399 795 435 826 et
458 789 534 836 ipse
553 798 617 834 per
642 788 834 824 Dominum
865 797 985 824 meum
1012 785 1134 823 Jesum
1165 785 1349 821 Christum

226 852 231 862 '
254 846 257 851 ’
285 856 437 888 vocatus
457 849 640 896 apostolus
660 853 729 892 est,
751 847 858 884 simili
877 852 956 883 arte
973 857 1037 882 sua
1057 853 1093 882 et
1112 844 1351 882 transforma-

251 903 257 908 *
285 913 386 949 tione
401 916 559 947 mutatus
575 910 637 954 sit,
651 916 692 946 ut
706 909 801 946 sicut
811 908 926 944 illi‘ex
939 907 1181 954 piscatoribus
1197 906 1350 953 piscium

285 973 485 1019 piscatores
505 971 692 1008 hominum
710 970 797 1007 facti
814 975 910 1014 sunt,
930 970 980 1005 ita
996 975 1032 1005 et
1050 969 1118 1005 iste
1138 979 1158 1004 a
1176 967 1351 1004 faciendis

286 1032 534 1070 tabernaculis
559 1031 716 1068 terrenis
746 1031 791 1066 ad
816 1029 978 1065 coelestia
1000 1028 1234 1064 tabernacula
1262 1037 1351 1062 eon-

221 1099 224 1102 ·
287 1093 461 1130 struenda
481 1091 677 1127 translatus
698 1091 757 1126 sit.
787 1089 973 1125 Construit
996 1088 1094 1124 enim
1113 1086 1274 1123 coelestia
1299 1092 1354 1120 ta-

286 1152 495 1194 bernacula,
527 1152 659 1187 docens
685 1159 980 1195 unumquemque
1010 1148 1106 1184 viam
1140 1147 1280 1190 salutis,
1316 1152 1352 1183 et

287 1212 477 1248 beatarum
505 1211 543 1246 in
567 1210 773 1246 coelestibus
797 1209 1024 1245 mansionum
1052 1209 1122 1244 iter
1145 1208 1354 1244 ostendens.
1376 1208 1408 1247 B
1427 1217 1556 1252 minus,

287 1272 391 1309 Facit
409 1272 643 1309 tabernacula
669 1270 814 1312 Paulus,
848 1275 884 1306 et
912 1280 993 1305 cum
1024 1271 1068 1305 ad
1090 1268 1291 1305 Jerusalem
1314 1269 1352 1303 in

289 1333 458 1375 circuitu,
481 1342 595 1376 usque
622 1331 667 1366 ad
685 1331 867 1376 Illyricum
894 1330 1008 1375 replet
1033 1330 1267 1376 Evangelium
1288 1329 1352 1364 Dei

288 1397 462 1433 ecclesias
495 1395 749 1431 construendo.
789 1395 834 1429 Et
862 1395 929 1430 hoc
960 1394 1067 1430 modo
1093 1394 1179 1430 facit
1207 1399 1243 1429 et
1277 1395 1353 1438 ipse

288 1455 525 1492 tabernacula
547 1455 591 1490 ad
610 1454 883 1490 similitudinem
907 1455 1226 1490 tabernaculorum
1251 1454 1355 1490 60616-

289 1517 422 1559 51111111,
461 1526 540 1562 quae
572 1515 732 1551 ostendit
766 1513 861 1550 Deus
888 1514 925 1549 in
958 1521 1083 1551 monte
1117 1514 1243 1561 Moysi.
1283 1514 1355 1550 Sed

288 1577 538 1623 unusquisque
577 1582 741 1611 nostrum
761 1602 771 1619 ,
812 1576 842 1611 si
878 1576 960 1621 quis
1001 1581 1122 1612 tamen
1162 1577 1274 1612 exivit
1311 1576 1355 1612 de

290 1638 460 1684 AEgypto,
483 1643 519 1673 et
541 1637 680 1672 habitat
701 1637 738 1671 in
758 1632 914 1680 deserto,
937 1637 973 1672 in
999 1637 1230 1673 tabernaculo
1251 1637 1357 1673 debet

290 1698 471 1741 habitare,
491 1702 526 1731 et
542 1697 635 1732 diem
651 1696 781 1732 festum
799 1697 834 1732 in
850 1697 1092 1733 tabernaculis
1107 1698 1214 1734 debet
1233 1708 1353 1744 agere.

293 1758 396 1795 Sicut
417 1757 511 1794 enim
532 1758 828 1793 commemoratio
847 1757 888 1792 lit
904 1758 1122 1804 egressionis
1138 1768 1182 1794 ex
1199 1758 1357 1805 AEgypto

290 1829 357 1865 per
371 1818 505 1864 pascha
523 1822 560 1853 et
580 1827 722 1862 azyma,
743 1817 793 1852 ita
811 1822 848 1853 et
864 1819 1220 1854 commemorationis
1242 1819 1277 1853 in
1297 1819 1358 1854 de-

291 1887 389 1916 serto
411 1879 452 1915 fit
475 1879 647 1915 memoria
675 1889 740 1925 per
770 1878 1016 1915 tabernacula.
1051 1880 1091 1915 In
1114 1879 1358 1916 tabernaculis

293 1940 390 1976 enim
417 1939 669 1975 habitaverunt
698 1944 820 1984 patres
851 1939 966 1974 nostri
996 1939 1034 1974 111
1067 1939 1222 1975 deserto.
1257 1939 1359 1975 Unde

293 2005 415 2036 autem
437 1999 517 2035 fieri
533 2004 677 2046 oportet
697 1999 766 2035 ista
789 1999 1034 2042 tabernacula,
1068 2001 1138 2036 nisi
1166 2011 1210 2036 ex
1237 2001 1359 2036 verbis

292 2060 383 2107 legis
402 2066 438 2095 et
456 2060 727 2106 prophetarum,
750 2071 794 2096 ex
813 2061 1043 2097 sermonibus
1069 2061 1294 2106 psalmorum
1324 2066 1360 2097 et

293 2120 456 2157 omnium
479 2129 559 2164 quae
578 2119 808 2155 continentur
825 2121 861 2155 in
878 2120 983 2166 lege?
1013 2121 1103 2158 Cum
1124 2123 1219 2158 6111111
1239 2133 1283 2158 ex
1303 2123 1360 2158 his

295 2190 377 2227 quae
396 2179 531 2225 scripta
556 2184 639 2214 sunt
667 2179 811 2225 proficit
834 2180 968 2223 anima,
994 2185 1030 2217 et
1055 2192 1198 2227 semper
1217 2192 1260 2217 ea
1278 2183 1359 2227 qui-

296 2240 379 2278 dem
395 2250 474 2286 quae
490 2244 587 2276 retro
607 2246 691 2276 sunt
714 2240 945 2284 obliviscens,
963 2241 999 2276 in
1017 2251 1060 2276 ea
1080 2252 1158 2287 quae
1179 2247 1262 2277 ante
1277 2247 1360 2277 sunt

297 2310 338 2337 se
351 2300 527 2343 extendit,
549 2305 586 2335 et
604 2300 649 2336 de
668 2300 747 2336 loeo
764 2300 934 2337 inferiore
956 2302 1203 2347 progrediens,
1230 2302 1361 2337 crescit

297 2366 334 2397 et
355 2360 498 2407 proficit
525 2361 570 2396 ad
600 2361 798 2406 superiora,
830 2366 866 2396 et
894 2368 1086 2407 augmento
1112 2362 1300 2405 virtutum,
1326 2368 1362 2397 et

298 2431 343 2456 ex
358 2421 435 2467 ipsa
455 2421 706 2456 immutatione
723 2421 950 2466 profectuum
970 2422 1005 2457 in
1027 2421 1269 2458 tabernaculis
1287 2432 1362 2458 me-

297 2482 370 2517 rito
400 2481 541 2517 dicetur
565 2481 745 2518 habitare.
787 2482 876 2518 Vide
906 2488 1027 2518 autem
1048 2483 1078 2518 si
1101 2493 1172 2519 non
1195 2489 1278 2519 sunt
1310 2489 1362 2519 ta-

297 2542 491 2579 bernacula
514 2552 594 2588 quae
619 2541 697 2578 fixit
716 2542 902 2586 Dominus,
928 2544 1036 2579 etiam
1055 2543 1115 2580 illa
1133 2554 1213 2590 quae
1238 2543 1363 2580 Salva-

299 2609 356 2641 tor
387 2609 647 2641 commemorat
678 2604 715 2640 in
739 2605 933 2652 Evangelio
952 2606 1100 2643 dicens:
1120 2606 1244 2643 Facite
1271 2607 1364 2643 vobis

299 2667 430 2701 amicos
450 2666 492 2701 de
511 2677 711 2701 mammona
730 2667 925 2712 iniquitatis
947 2678 958 2703 .-
982 2674 1019 2703 ut
1052 2679 1130 2703 cum
1154 2668 1362 2714 defeceritis,

301 2727 471 2772 recipiant
489 2738 546 2762 vos
566 2728 603 2761 in
619 2734 749 2762 oeterna
776 2728 1002 2766 tabernacula
1029 2729 1129 2777 (Luc.
1158 2733 1246 2778 xvl).
1274 2731 1365 2767 Fixa

303 2792 425 2823 autem
442 2786 611 2823 dicuntur
632 2796 653 2821 a
672 2786 759 2830 Deo,
791 2790 892 2833 quasi
910 2800 990 2835 quae
1008 2801 1080 2827 non
1105 2791 1366 2827 circumferun-

305 2851 362 2882 tur
387 2845 486 2882 omni
506 2851 613 2882 vento
627 2846 812 2882 doctrinae.
850 2848 942 2884 Sunt
966 2856 1085 2887 autem
1105 2853 1220 2888 adhuc
1243 2854 1366 2889 taber-

303 2906 434 2943 nacula
455 2907 536 2949 ista,
556 2912 593 2942 et
615 2907 708 2942 sicut
736 2908 834 2943 cedri
853 2907 956 2952 jnxta
981 2921 1105 2956 aquas.
1146 2912 1282 2949 Cedros
1308 2913 1367 2948 hic

303 2978 378 3003 non
401 2966 490 3003 alias
513 2967 614 3010 dicit,
639 2967 676 3002 in
701 2967 830 3012 quibus
858 2970 1047 3015 culpabilis
1075 2977 1221 3008 notatur
1245 2973 1364 3016 elatio,

306 3030 370 3066 sed
394 3029 521 3065 cedros
547 3029 613 3064 Dei
637 3039 717 3074 quae
748 3030 947 3075 suspiciunt
974 3031 1059 3067 vitis
1088 3033 1182 3069 illius
1211 3044 1290 3079 quae
1320 3045 1364 3070 ex

306 3089 464 3136 AEgypto
490 3089 662 3125 translata
683 3094 739 3126 est
759 3089 940 3135 palmites,
962 3097 998 3127 et
1018 3092 1053 3126 in
1075 3093 1204 3138 quihus
1223 3095 1366 3140 requie-

307 3149 376 3186 scit
392 3148 532 3185 fructus
552 3149 611 3185 ille
625 3149 728 3195 cujus
745 3150 875 3185 umbra
897 3151 1038 3196 operuit
1057 3160 1211 3189 montes.
1246 3153 1285 3189 Si
1310 3154 1364 3189 in-

306 3212 479 3249 tellexisti
507 3218 680 3259 quantam
710 3211 872 3257 requiem
907 3212 1038 3248 habeat
1066 3213 1135 3249 iter
1163 3214 1361 3259 sapientiae,

308 3279 486 3321 quantum
506 3273 642 3320 gratiae,
661 3278 908 3320 quantumque
929 3273 1140 3317 dulcedinis,
1167 3274 1240 3309 noli
1265 3275 1369 3310 dissi-

308 3336 463 3381 mulare,
476 3335 552 3372 noli
570 3335 772 3382 negligere3
791 3335 855 3371 sed
870 3335 1078 3382 aggredere,
1096 3345 1163 3371 nec
1179 3336 1291 3371 eremi
1309 3346 1368 3372 50-

308 3395 499 3432 litudinem
523 3396 795 3443 perhorrescas.
825 3395 1014 3433 Habitanti
1032 3397 1128 3433 enim
1155 3396 1220 3433 tibi
1239 3397 1277 3433 in
1297 3397 1365 3433 hu-

308 3454 467 3502 jusmodi
486 3456 728 3493 tabernaculis
746 3462 913 3493 occurret
930 3461 968 3493 et
990 3467 1122 3492 manna
1146 3456 1307 3501 coeleste,
1331 3462 1369 3493 et

311 3516 523 3562 angelorum
540 3527 670 3564 panem
690 3518 940 3555 manducabis.
973 3518 1094 3566 Incipe
1118 3523 1279 3563 tantum,
1301 3527 1368 3555 nec

311 3582 350 3615 te
374 3583 567 3626 praetereat
598 3579 754 3616 solitudo
780 3579 927 3617 deserti.
966 3579 1047 3617 Cito
1075 3579 1114 3616 in
1147 3579 1368 3617 consortium

312 3642 416 3676 tuum
428 3640 537 3676 etiam
554 3641 672 3688 angeli
684 3642 843 3686 venient,
860 3643 946 3689 quia
964 3647 1151 3680 crescente
1162 3642 1279 3691 gratia
1291 3650 1369 3679 me-

314 3701 482 3747 ritorum,
513 3704 678 3741 ascendis
705 3705 924 3742 manducare
943 3715 1074 3751 panem
1093 3705 1315 3753 angelorum,
1334 3707 1373 3740 et

316 3759 440 3798 videre
461 3761 576 3800 Deum
593 3764 758 3811 deorum,
773 3775 865 3813 quos
882 3765 950 3804 sub
969 3767 1088 3814 specie
1104 3766 1295 3806 cedrorum
1310 3776 1370 3804 ar-

316 3817 434 3857 bitror
453 3822 642 3863 indicatos.

721 222 765 260 B.
794 222 967 260 RABANI
989 221 1139 260 MAlJm
1160 221 1375 259 ARCHIEP.
1402 220 1610 261 MOGUNT.
1637 222 1829 261 OPERUM
1852 221 1977 260 PARS
2000 221 2029 257 1.

286 311 358 350 que
395 303 559 336 nostrum
593 299 765 344 expedire
797 305 835 336 et
866 299 1043 336 fabricare
1072 298 1346 334 tabernaculum
1362 300 1399 340 A
1460 297 1565 336 Fluet
1592 311 1685 348 aqua
1709 300 1752 336 de
1772 300 1879 336 situla
1900 299 1991 344 ejus,
2020 301 2054 332 et
2084 306 2200 333 semen
2226 296 2322 334 illius
2340 298 2407 336 erit
2434 300 2475 339 in

2401 212 2475 260 752

1417 373 1527 409 aquas
1554 361 1696 398 multas.
1724 361 1889 398 Ostendit
1922 359 2120 396 secundum
2143 360 2357 405 historiam,
2379 363 2476 409 quod

1417 425 1461 461 de
1475 430 1581 471 gente
1599 423 1710 460 lsrael
1726 422 1825 468 larga
1838 425 2024 458 excrescet
2039 420 2231 458 multitudo
2246 422 2474 469 populorum.

1415 485 1528 531 Aquae
1546 486 1655 528 enim,
1679 483 1808 530 inquit,
1830 482 2022 519 multitudo
2040 482 2163 529 populi
2179 487 2246 519 est.
2272 482 2479 521 Secundum

1417 546 1624 591 allegoriam
1674 554 1760 579 vero
1803 543 1982 590 significat
2023 543 2268 580 abundantem
2320 546 2475 592 gratiam

1417 606 1631 651 evangelicae
1660 605 1833 641 doctrinae
1851 614 1957 651 :quae
1988 605 2032 641 de
2059 605 2242 651 primitiva
2269 605 2306 641 in
2331 604 2480 643 Jerusa-

1417 668 1488 703 lem
1507 667 1667 703 Ecclesia
1695 677 1759 713 per
1787 667 2030 713 apostolorum
2047 667 2289 703 ministerium
2307 667 2343 703 in
2364 672 2480 704 totum

1419 729 1544 764 orbem
1560 733 1738 764 terrarum
1756 728 1904 774 largiter
1922 727 2040 764 infusa
2074 733 2143 764 est.
2176 728 2246 774 lpsi
2281 728 2376 764 enim
2397 738 2483 775 apo·

1419 788 1502 824 stoli
1536 789 1579 824 de
1605 798 1736 835 genere
1769 788 1952 824 Abraham
1983 789 2127 832 exorti,
2166 794 2202 824 et
2233 788 2483 827 benedictione

1419 847 1554 884 Christi
1581 849 1643 894 qui
1672 854 1726 885 est
1755 859 1882 885 verum
1902 859 2024 885 semen
2043 849 2226 885 Abraham
2245 850 2385 896 repleti,
2407 850 2482 887 suis

1419 910 1733 956 praedicationibus
1762 917 1875 947 totum
1907 911 2081 948 mundum
2106 910 2350 957 repleverunt.
2381 913 2483 949 Unde

1420 972 1596 1018 scriptum
1616 977 1671 1007 est
1690 983 1699 1007 ε
1718 973 1761 1008 In
1781 984 1916 1009 omnem
1936 981 2066 1009 terram
2089 973 2194 1010 exivit
2217 985 2323 1009 sonus
2348 984 2482 1017 eorum,

1420 1033 1505 1069 etin
1524 1033 1611 1078 fines
1631 1033 1722 1068 orbis
1741 1040 1843 1068 lerroe
1859 1034 1960 1069 verba
1978 1045 2097 1069 eorum
2113 1033 2226 1082 (Psal.
2246 1034 2366 1082 xvin).
2393 1034 2486 1070 Hinc
2502 1038 2508 1085 ‘j

1421 1099 1457 1130 et
1473 1104 1538 1140 per
1558 1094 1688 1130 lsaiam
1713 1095 1845 1130 dicitur
1867 1106 1875 1129 :
1900 1094 2039 1138 Omnes,
2063 1096 2123 1141 qui
2148 1095 2306 1131 viderunt
2329 1107 2399 1138 eos,
2428 1086 2510 1136 co-,ss

1421 1161 1583 1202 ¹qnoscent
1608 1154 1702 1199 illos,
1726 1156 1807 1202 quia
1828 1155 1885 1191 isli
1910 1161 1990 1191 sunt
2007 1167 2123 1191 semen
2149 1157 2205 1191 cui
2229 1156 2396 1192 benedicit
2415 1156 2488 1190 Do-

1473 1274 1628 1311 Tolletur
1655 1282 1796 1322 propter
1818 1276 1912 1322 Aqaq
1949 1287 2009 1312 rea:
2034 1277 2124 1322 ejus,
2161 1283 2192 1311 et
2221 1276 2402 1322 auferetur
2432 1287 2488 1312 re·
2522 1250 2540 1327 ἔ

1423 1347 1528 1382 ynum
1547 1336 1657 1370 itlius.
1699 1336 1783 1372 Haec
1808 1337 1987 1372 sententia
2007 1337 2232 1373 demonstrat
2251 1338 2410 1383 primum
2431 1347 2489 1373 re-
2522 1330 2540 1405 i

1424 1407 1503 1442 gem
1526 1395 1745 1439 Judaeornm,
1769 1397 1838 1432 hoc
1860 1402 1929 1441 est,
1955 1397 2041 1432 Saul
2074 1404 2220 1444 propter
2246 1397 2345 1445 Agag
2367 1409 2489 1444 regem

1423 1455 1707 1490 Amalecitarum
1732 1457 1933 1501 perdidisse
1960 1467 2125 1502 regnum,
2155 1459 2307 1502 eoquod
2327 1462 2492 1503 parceret
2524 1473 2540 1520 1

1424 1514 1474 1550 1111
1487 1520 1612 1550 contra
1627 1521 1845 1560 praeceptum
1855 1515 2011 1550 Domini.
2046 1515 2125 1550 Alia
2141 1522 2259 1552 autem
2271 1517 2381 1551 editio
2394 1518 2492 1553 hunc
2522 1520 2540 1596 i

1423 1575 1543 1610 locum
1561 1575 1665 1621 longe
1684 1575 1787 1610 aliter
1803 1575 1924 1611 habet.
1955 1575 2185 1621 Prophetiam
2204 1576 2299 1612 enim
2321 1582 2419 1613 tenet
2449 1578 2492 1613 de
2527 1611 2540 1621 ,

1424 1634 1568 1671 Christo
1583 1639 1619 1670 et
1636 1634 1679 1669 (16
1694 1645 1804 1680 regno
1820 1634 1910 1680 ejus.
1929 1633 1999 1670 Sed
2009 1634 2194 1670 videamus
2209 1635 2388 1680 quomodo
2404 1635 2494 1671 scri-
2533 1635 2540 1638 “

1424 1703 1524 1743 ptum
1545 1697 1603 1732 sit.
1636 1696 1765 1740 Εωίυἰε,
1787 1697 1921 1741 inquit,
1938 1696 2039 1731 homo
2055 1696 2096 1731 de
2114 1696 2244 1731 semine
2259 1696 2334 1742 ejus
2347 1723 2357 1740 ,
2379 1702 2411 1731 et
2430 1696 2493 1731 do·
2528 1699 2540 1703 ”

1425 1758 1618 1793 minabitur
1637 1757 1793 1803 gentibus
1811 1757 1942 1792 multis.
1969 1757 2015 1792 Et
2043 1756 2255 1792 exaltabitur
2278 1756 2352 1803 Goq
2381 1763 2413 1792 et
2439 1768 2495 1792 re-
2531 1764 2540 1787 ἴ

1427 1830 1532 1866 gnum
1548 1819 1638 1864 ejus,
1652 1825 1683 1854 et
1698 1824 1824 1854 crescet
1835 1829 1977 1865 reqnum
1987 1818 2076 1864 ejus.
2087 1817 2249 1854 Christus
2257 1828 2342 1865 ergo
2351 1824 2420 1861 est,
2433 1817 2494 1863 qui
2528 1829 2540 1834 ·“

1427 1879 1515 1915 exiit
1534 1880 1577 1915 de
1605 1879 1741 1915 semine
1770 1879 1879 1915 lsrael
1906 1879 2102 1915 secundum
2121 1889 2282 1917 carnem.
2318 1878 2386 1923 Qui
2404 1889 2494 1924 quo-
2531 1900 2540 1902 -

1428 1941 1534 1976 modo
1560 1941 1727 1986 gentibus
1761 1940 1963 1976 dominetur
1996 1939 2220 1986 expositione
2251 1949 2323 1975 non
2344 1938 2493 1985 indiget,

1429 2002 1585 2036 maxime
1603 2000 1664 2046 qui
1682 2001 1777 2047 legat
1797 2000 1932 2036 dictum
1960 2001 1992 2035 ei
2019 2011 2038 2035 a
2071 2000 2178 2035 Patre
2195 2012 2202 2034 :
2224 1998 2372 2034 Postula
2390 2010 2493 2043 ame,

1430 2068 1462 2096 et
1483 2062 1572 2097 dubo
1591 2062 1653 2097 libi
1667 2068 1783 2108 flentes
1801 2062 2039 2097 licereditatem
2058 2067 2168 2104 luam,
2191 2066 2221 2095 el
2243 2061 2494 2107 possessionem
2528 2087 2540 2091 -

1380 2112 1409 2153 C
1432 2128 1528 2157 tuam
1557 2125 1722 2157 terminos
1749 2129 1851 2157 terrae
1869 2119 1984 2168 (Psal.
2002 2119 2056 2167 n).
2083 2120 2176 2164 Quid
2192 2126 2246 2155 est
2262 2125 2381 2155 autem
2400 2119 2496 2165 quod

1430 2182 1480 2217 ait
1502 2194 1509 2216 :
1534 2181 1747 2216 exaltabitur
1767 2182 1841 2228 Goq
1866 2193 2007 2227 reqnum
2038 2181 2145 2227 ejus?
2169 2181 2244 2227 Gog
2269 2192 2373 2227 super
2406 2186 2496 2215 tecta
2537 2224 2540 2226 q

1429 2243 1708 2287 interpretatur.
1747 2242 1792 2277 Et
1809 2243 1842 2277 in
1859 2242 1928 2278 isto
1945 2242 2024 2278 loco
2040 2252 2111 2277 non
2130 2251 2194 2288 pro
2209 2241 2326 2287 gentis
2346 2241 2496 2287 alicujus

1429 2305 1588 2348 nomine,
1608 2310 1647 2339 ut
1664 2310 1827 2350 putatur,
1853 2305 2011 2350 positum
2026 2310 2093 2347 est,
2112 2305 2174 2340 scd
2194 2304 2285 2339 utin
2303 2303 2383 2338 aliis
2407 2313 2497 2338 non-

1428 2368 1535 2404 nullis
1553 2368 1629 2413 ipse
1648 2378 1766 2404 sermo
1782 2368 1954 2404 Hebraeus
1973 2379 2044 2404 non
2071 2369 2328 2414 interpretatus
2347 2367 2496 2404 relictus
2537 2371 2540 2375 ‘

1429 2434 1483 2464 est
1498 2454 1507 2472 ,
1530 2434 1565 2464 et
1583 2429 1629 2463 ob
1645 2428 1714 2463 hoc
1731 2428 1836 2473 quasi
1855 2428 1899 2463 de
1919 2434 2024 2473 gente
2042 2428 2162 2473 aliqua
2179 2429 2316 2464 dictum
2340 2429 2492 2464 videtur.

1430 2490 1495 2526 Est
1520 2500 1607 2536 ergo
1633 2489 1810 2525 sermonis
1842 2489 2102 2535 consequentia
2127 2489 2223 2524 talis.
2251 2488 2298 2523 Et
2318 2487 2494 2524 emanabi-

1432 2555 1489 2585 tur
1514 2561 1617 2595 snper
1640 2555 1729 2584 tecta
1751 2560 1895 2596 reynum
1921 2550 2011 2595 ejus,
2034 2555 2066 2584 et
2084 2555 2210 2584 crescet
2240 2560 2383 2594 regnum
2403 2548 2494 2594 ejus.

1433 2610 1591 2645 Exaltari
1620 2615 1742 2646 autem
1776 2615 2012 2655 supertecta,
2033 2609 2077 2644 de
2095 2609 2317 2656 perfectione
2347 2609 2498 2644 creden·
2528 2640 2536 2642 ,

1433 2674 1523 2709 1111111
1539 2673 1690 2716 dicitur;
1714 2682 1878 2708 crescere
1898 2677 2031 2716 autem,
2057 2672 2102 2708 ad
2118 2672 2367 2708 multitudines
2386 2672 2498 2708 refer·
2534 2680 2540 2712 j

1434 2740 1505 2771 tur.
1544 2735 1583 2770 111
1603 2735 1660 2772 1115
1686 2745 1773 2782 ergo
1802 2735 1863 2782 qui
1883 2735 2035 2782 perfecti
2056 2740 2140 2771 sunt
2152 2745 2260 2781 super
2282 2739 2377 2770 tecta
2394 2734 2496 2771 exal·
2537 2731 2540 2781 ζ

1434 2802 1534 2832 tatur
1553 2805 1703 2842 regnum
1724 2796 1872 2840 Christi,
1892 2796 1929 2831 id
1944 2801 2013 2839 est,
2034 2805 2144 2842 super
2168 2805 2231 2831 eos
2254 2796 2363 2831 etiam
2379 2796 2441 2841 qui
2458 2796 2497 2832 in
2520 2832 2540 2843 7.

1436 2859 1601 2904 supernis
1633 2863 1742 2902 sunt,
1772 2863 1809 2894 et
1835 2858 1872 2893 in
1906 2858 2150 2904 superioribus
2173 2857 2350 2894 habitant.
2394 2857 2496 2894 Sicut
2524 2870 2540 2890 ·:

1436 2921 1534 2956 enim
1560 2920 1728 2957 fortassis
1759 2920 1870 2966 aliqui
1899 2921 2007 2957 etiam
2026 2920 2062 2955 in
2081 2919 2302 2963 coelestibus,
2323 2929 2341 2954 a
2364 2919 2496 2965 quihus
2522 2919 2540 2943 '—

1436 2982 1515 3028 plus
1532 2983 1724 3029 proficiant
1747 2988 1783 3019 et
1804 2983 1910 3018 altius
1930 2982 2134 3019 exaltentur
2162 2981 2200 3017 111
2220 2982 2282 3028 (1111
2316 2981 2352 3017 111
2381 2991 2496 3027 reguo
2526 2987 2540 3033 ἢ

1437 3041 1570 3078 Christi
1591 3049 1688 3086 sunt,
1709 3048 1745 3079 et
1762 3043 1842 3079 ideo
1858 3043 1966 3079 credo
1984 3042 2094 3078 etiam
2111 3042 2188 3088 ipse
2212 3040 2379 3077 Salvator
2400 3041 2496 3077 dice·
2518 3034 2540 3087 Ξ

1436 3102 1498 3138 bat
1515 3115 1522 3137 :
1543 3102 1611 3145 Qui
1627 3103 1664 3138 in
1681 3108 1768 3138 tecto
1786 3109 1850 3146 est,
1868 3114 1937 3138 non
1954 3102 2140 3138 descendat
2164 3101 2284 3137 tollere
2302 3100 2435 3147 aliquid
2453 3100 2496 3136 de
2536 3103 2540 3104 ⁷

1437 3162 1539 3197 domo
1560 3161 1703 3209 (Mami.
1726 3162 1839 3210 xxw),
1861 3173 2011 3199 monens
2037 3167 2077 3198 ut
2097 3162 2135 3198 hi
2164 3161 2227 3208 qui
2251 3161 2295 3197 ad
2314 3161 2495 3197 excelsam

1436 3222 1694 3267 perfectionem
1713 3229 1902 3266 venerunt,
1929 3234 2000 3259 non
2017 3225 2147 3259 iterum
2174 3222 2220 3258 ad
2239 3222 2364 3258 mundi
2387 3221 2495 3268 hujus
2520 3224 2523 3226 ’

1439 3282 1502 3327 (1111
1521 3292 1617 3317 1111116
1634 3276 1762 3318 domus
1781 3283 1988 3328 appellatur,
2015 3282 2165 3317 humilia
2196 3287 2232 3318 et
2264 3283 2404 3328 abiecta
2433 3281 2497 3317 de-

1439 3341 1625 3378 scendant.
1659 3341 1730 3377 Sed
1765 3347 1802 3378 et
1830 3342 1939 3386 aliud,
1977 3342 2073 3388 quod
2104 3342 2169 3386 ait,
2202 3342 2295 3388 quod
2326 3341 2492 3387 audistis,

1437 3403 1629 3449 praedicare
1651 3413 1754 3448 super
1777 3408 1865 3438 tecta
1883 3401 2026 3450 (Manli.
2047 3401 2088 3450 1),
2108 3403 2154 3439 ad
2173 3403 2242 3439 hoc
2259 3395 2508 3449 nihilominusj

1437 3465 1596 3511 respicit.
1637 3464 1699 3500 Sic
1736 3474 1821 3512 ergo
1856 3465 2073 3502 exaltabitur
2102 3474 2211 3512 super
2239 3463 2315 3509 Gog
2341 3473 2511 3511 regnum,

1436 3526 1513 3574 ejus
1530 3554 1540 3572 ,
1570 3532 1606 3564 et
1633 3527 1764 3564 crescit
1794 3537 1945 3574 regnum
1975 3527 2065 3574 ejus.
2108 3525 2246 3564 Crescit
2275 3525 2370 3562 enim
2406 3524 2493 3561 dum

1437 3588 1720 3635 multiplicantur
1738 3587 1922 3632 Ecclesiae,
1941 3593 1978 3624 et
1997 3587 2154 3625 fidelium
2180 3595 2352 3623 numerus
2380 3594 2470 3631 auge

1438 3655 1498 3685 tur
1512 3659 1523 3693 ;
1537 3649 1624 3685 etin
1645 3653 1783 3684 tantum
1798 3648 1930 3685 crescit
1949 3656 2099 3696 regnum
2121 3645 2283 3690 Christi,
2303 3653 2467 3692 usquequ

1436 3713 1548 3755 ponat
1573 3708 1681 3745 Pater
1705 3709 1872 3746 inimicos
1888 3710 1966 3757 ejus
1984 3707 2054 3745 sul)
2070 3706 2222 3755 pedibus
2239 3706 2329 3752 ejus.
2366 3700 2438 3742 Sed
2453 3713 2475 3741 e

1437 3768 1674 3806 novissimum
1702 3769 1889 3806 inimicum
1915 3769 2076 3806 destruat
2099 3771 2268 3804 mortem.
2300 3764 2387 3803 Post
2410 3763 2468 3801 11ae

1436 3831 1614 3878 scriptum
1629 3836 1686 3868 est
1703 3831 1821 3868 adhuc
1836 3831 1881 3868 de
1897 3829 2053 3870 Christo.
2079 3827 2175 3867 Deus
2203 3827 2428 3866 mrem
