2540 4016
36 118 160 168 'nui

70 227 82 235 ,
470 191 626 235 CAPUT
643 195 770 238 xviii..

70 261 146 300 (Do
157 257 338 306 mumulo
355 256 395 295 in
411 266 522 294 messe
538 255 784 303 relinquendo,
803 261 837 294 ot
853 257 897 297 aa
914 256 1071 304 reliquiis
1088 259 1153 296 oli-

68 342 75 356 ,
388 314 511 343 varum
526 309 630 350 atque
648 303 850 346 arboribus.

69 397 77 423 ,Δ
137 379 258 431 ssata.)
279 391 292 416 t
313 379 467 428 Quando
480 378 679 419 messueris
694 382 856 432 segetem
873 378 910 417 in
925 389 1012 426 agro
1026 385 1098 423 tuo,
1118 388 1155 419 et

71 455 108 482 ,ι
131 442 266 485 oblitus
295 439 522 487 manipulum
553 440 762 487 reliqueris,
783 452 856 479 non
885 443 1082 479 reverteris
1113 450 1154 480 ut

69 517 107 543 -σ
131 503 235 542 tollas
261 511 361 545 eum,
377 502 440 541 sed
465 502 643 539 advenam
680 507 718 538 et
745 502 921 550 pupillum
941 508 978 539 et
1007 503 1153 540 viduam

70 585 72 588 v
93 579 107 602 ι
130 564 274 605 auterre
286 563 453 612 patieris,
473 568 514 600 ut
527 563 720 601 benedicat
735 564 800 602 tibi
814 564 990 602 Dominus
1003 564 1100 602 Deus
1115 565 1152 602 in

70 638 106 668 ,ι
129 624 229 669 omni
256 632 367 670 opere
394 633 567 661 manuum
601 628 762 660 tuarum.
798 623 838 660 Si
862 623 985 671 fruges
1002 624 1154 670 colliges

93 699 106 729 t
127 686 320 729 olivarum,
336 684 512 730 quidquid
538 685 755 723 remanserit
780 684 818 721 in
853 685 1059 728 arboribus.
1080 695 1154 725 non

90 758 104 780 ι
128 744 323 783 reverteris
354 750 395 780 ut
421 744 584 791 colligas,
605 751 675 782 etc.
701 758 714 780 »
737 745 840 789 Quod
857 745 1028 782 admonet
1057 751 1098 782 ut
1115 746 1153 782 in

85 817 206 850 messe
224 806 375 846 oblitum
394 807 618 853 manipulum
636 819 744 845 nemo
773 808 933 855 colligat,
954 812 991 844 et
1020 807 1152 844 olivam

85 868 142 907 vel
160 879 269 905 uvam
305 867 469 905 relictam
488 879 596 906 nemo
622 875 774 915 repetat,
795 868 1001 915 diligentius
1031 869 1153 915 negle-

84 935 143 968 cta
164 930 348 978 colligere,
367 935 404 970 et
419 931 507 970 dicit
536 932 726 976 egentibus
744 930 972 973 dimittenda,
992 931 1154 967 occurrit

84 990 237 1027 forsitan
275 990 485 1036 cogitationi
517 991 604 1036 quid
634 991 664 1026 si
694 991 773 1031 liaec
801 1000 882 1035 quae
908 990 953 1026 ab
985 1000 1153 1037 agrorum

84 1052 240 1087 dominis
261 1052 506 1094 dimittuntur,
527 1062 600 1087 non
632 1057 780 1096 egentes
797 1040 863 1088 sed
900 1052 1055 1099 improbi
1079 1053 1152 1089 col-

83 1111 222 1158 ligunt?
243 1110 314 1148 Sed
346 1111 650 1148 considerandum
669 1113 788 1158 primo
822 1113 922 1150 illum
947 1115 1154 1152 misericor-

83 1172 180 1208 diam
196 1171 330 1215 facere‚
351 1172 413 1218 qui
434 1172 504 1208 boc
540 1172 662 1208 animo
679 1173 842 1217 dimittit,
864 1180 904 1210 ut
919 1181 1068 1222 egentes
1087 1177 1151 1212 ha-

82 1234 193 1270 beant
210 1234 308 1279 quod
328 1233 534 1270 dimittitur.
557 1234 694 1271 Deinde
727 1246 808 1272 cum
837 1237 915 1273 haec
946 1238 1078 1284 populo
1097 1239 1151 1275 di-

82 1296 288 1340 mittuntur,
313 1296 419 1333 sitnul
452 1297 693 1334 admonentur
725 1299 762 1335 hi
799 1300 861 1345 qui
894 1310 965 1335 non
989 1300 1150 1347 indigent

83 1357 152 1394 ista
175 1368 247 1394 non
282 1368 460 1403 quaerere.
496 1358 599 1402 Quod
624 1359 654 1395 si
685 1360 910 1405 quaesierint,
945 1362 1032 1406 quid
1054 1356 1150 1398 aliud

81 1429 192 1467 quam
222 1430 280 1456 res
313 1420 465 1462 alienas,
486 1428 535 1463 et,
557 1423 654 1467 quod
682 1428 738 1459 est
763 1424 924 1469 gravius,
951 1434 1150 1470 pauperum

81 1483 253 1520 invadere
282 1483 467 1530 judicandi
489 1486 596 1521 sunt?
628 1486 782 1532 Utrique
815 1497 901 1534 ergo
931 1498 1150 1525 commemo-

81 1550 210 1581 rantur
229 1545 287 1581 his
304 1546 509 1591 praeceptis,
535 1551 570 1582 et
588 1557 742 1593 quorum
773 1548 850 1594 agri
872 1554 970 1592 sunt,
987 1554 1028 1585 ut
1046 1550 1152 1585 mise-

81 1605 276 1642 ricorditer
293 1617 335 1643 ea
358 1606 586 1652 relinquaut;
606 1614 642 1645 et
662 1609 723 1655 qui
742 1609 944 1656 indigentes
963 1620 1035 1646 non
1051 1615 1149 1654 sunt,

80 1673 121 1705 ut
153 1668 236 1704 inde
272 1679 311 1705 se
347 1670 568 1713 abstineant,
604 1672 748 1717 quando
782 1678 978 1718 utrumque
1005 1673 1148 1716 dicitur,

79 1735 119 1767 ct
149 1741 170 1766 a
201 1731 334 1778 quibus
354 1731 573 1768 dimittenda
597 1733 683 1777 sint,
717 1738 753 1769 et
775 1733 908 1780 quibus
937 1734 1150 1771 dimittenda

81 1795 182 1828 sunt.

478 1853 629 1891 CAPUT
650 1854 745 1891 XIX.

80 1913 134 1952 De
161 1914 393 1962 corripiendis
414 1916 637 1962 peccantibus
670 1927 732 1962 per
751 1916 922 1963 flayella:
944 1922 976 1952 et
1001 1922 1040 1952 ut
1073 1915 1150 1952 bovi

214 1963 397 1999 trituranti
414 1964 451 1999 iu
472 1974 555 1998 arca
575 1963 692 2010 fruges
709 1975 778 2000 non
802 1964 930 2010 ligetur
951 1975 1001 1999 os.

613 121 882 166 autumno
907 120 1063 167 supitii
1087 125 1503 176 peonitentiam*
1526 148 1576 167 ει-
1599 132 1688 179 hut,
1713 134 1771 181 [Β.

1169 201 1207 250 A

1172 1123 1203 1163 Β

2197 142 2268 181 042

1222 209 1350 241 earum
1369 201 1550 250 quedam.
1567 213 1652 249 sum
1664 213 1735 250 ner
1747 203 1884 251 maella
1903 209 2018 260 atacis
2033 213 2271 263 quadraginta

1222 261 1436 308 puniuntur.
1464 261 1530 305 Est
1558 261 1683 309 itaque
1703 263 1794 306 levis
1820 265 1998 321 impietas,
2018 284 2099 321 φη
2122 276 2272 321 ,leg-here

1219 321 1331 368 digna
1347 326 1424 368 θεῖς
1437 326 1477 366 et
1492 322 1652 369 gravior,
1669 333 1751 369 quae
1761 332 1880 365 morte
1893 326 1999 374 digna
2010 339 2078 377 ρει,
2090 334 2146 381 123
2158 337 2268 381 etjam

1219 381 1281 418 illa
1301 387 1451 428 peecata
1475 392 1556 429 quau
1573 382 1700 421 nonin
1718 383 1846 427 Deum,
1861 385 1927 431 sed
1948 386 1988 432 ip
2015 388 2195 441 bominem
2217 398 2273 443 vj-

1221 440 1354 478 dentur
1367 443 1523 487 admitti,
1540 447 1626 486 sunt
1642 447 1762 481 morte
1785 443 1894 489 digna
1912 447 2089 492 quandam,
2108 459 2191 495 sunt
2203 456 2272 494 aua

1221 504 1449 549 correptione
1464 514 1529 541 seu
1551 504 1718 547 verbere,
1738 513 1802 541 seu
1821 505 1927 549 venia
1951 506 2088 556 [poena]
2103 509 2273 554 faciliore.

1220 563 1274 599 lta
1291 563 1389 601 enim
1415 564 1556 601 locutos
1577 574 1659 601 csse
1691 563 1929 611 Septuaginta
1950 566 2165 614 interpretes
2194 583 2277 611 oon-

1220 629 1334 668 stant,
1350 631 1390 660 ut
1408 626 1518 660 etiam
1538 625 1634 661 illius
1653 626 1715 671 qui
1737 625 1851 673 plagis
1868 626 1998 672 dignus
2025 634 2096 673 est,
2117 629 2280 677 impieta-

1221 691 1295 724 tem
1327 688 1553 727 vocaveriut.
1572 687 1676 732 Quod
1704 694 1823 725 autem
1844 699 1911 734 pro
1934 699 2103 734 mensura
2128 696 2277 740 peccati,

1221 747 1462 795 quadraginta
1491 748 1642 796 flagellis
1666 749 1916 796 delinquentes
1941 753 2044 799 argui
2060 753 2182 799 jussit,
2206 754 2281 800 jani

1219 810 1432 856 praedictum
1455 810 1551 856 quod
1570 821 1636 856 per
1666 811 1991 858 quadragenarium
2020 824 2211 852 numerum
2242 817 2282 852 t‘z·

1220 881 1309 917 gura
1331 872 1557 918 significetur
1591 872 1698 919 hujus
1733 874 1922 919 temporis,
1947 874 1985 912 in
2016 886 2088 922 quo
2119 876 2284 919 Ecclesia.

1220 943 1287 979 per
1303 944 1459 980 quatuor
1478 934 1599 970 mundi
1617 939 1740 980 partes
1754 934 1895 978 diffusa,
1914 937 1980 973 sub
1998 937 2169 985 decalogo
2194 938 2287 986 legs

1220 996 1321 1031 vivit.
1348 996 1643 1043 Quadragenario
1669 1007 1756 1044 ergo
1773 1008 1927 1034 numero
1944 999 2195 1047 delinquentes
2213 1010 2281 1037 cae-

1221 1054 1353 1097 dimur‚
1372 1056 1402 1091 si
1420 1056 1456 1091 in
1471 1057 1542 1092 hoc
1558 1062 1719 1102 tempore
1750 1059 1974 1103 poenitentiae
1998 1062 2206 1100 verberibus
2219 1062 2284 1098 ssa-

1222 1113 1412 1159 gellamur.
1437 1114 1550 1151 Debet
1566 1125 1653 1161 ergo
1673 1116 1826 1162 quisque
1841 1124 2010 1162 peccator
2028 1121 2282 1166 temporalibus

1221 1175 1370 1223 flagellis
1396 1178 1516 1221 atteri,
1552 1184 1729 1224 quatenus
1749 1179 1785 1218 in
1804 1178 1940 1225 judicio
1961 1186 2133 1227 purgatus
2166 1182 2283 1219 valeat

1221 1238 1392 1275 inveniri.
1425 1239 1558 1276 Beatus
1594 1240 1702 1276 homo
1735 1240 1797 1286 qui
1835 1242 2029 1288 corripitur
2061 1253 2079 1278 a
2115 1243 2279 1281 Domino.

1221 1299 1324 1335 Nulla
1343 1301 1439 1336 enim
1469 1301 1504 1336 in
1523 1307 1698 1337 aeternum
1726 1301 1836 1337 animi
1857 1302 2022 1338 adversio
2041 1302 2198 1350 affligere
2223 1315 2283 1350 po-

1220 1361 1303 1405 tuit,
1338 1372 1429 1406 quos
1462 1362 1521 1398 bic
1553 1362 1776 1408 poenitentiae
1809 1362 1999 1408 disciplina
2029 1365 2222 1409 percussit.
2243 1365 2282 1402 Si

1220 1423 1317 1458 enim
1335 1434 1401 1469 pro
1427 1425 1586 1470 peccatis
1605 1425 1789 1468 caedimur,
1811 1425 1883 1461 illic
1911 1436 1988 1462 stne
2006 1433 2156 1472 peccato
2185 1429 2283 1466 inve-

1220 1484 1353 1519 nimur.
1376 1496 1387 1518 ‹
1408 1484 1485 1520 Non
1514 1485 1643 1532 ligabis
1660 1496 1702 1522 os
1720 1487 1824 1523 bovis
1843 1490 1993 1524 terentis
2011 1488 2046 1524 in
2061 1498 2144 1525 area
2162 1489 2282 1537 fruges

1220 1550 1313 1582 tuas.
1338 1559 1351 1580 t
1373 1546 1451 1581 Non
1470 1546 1633 1593 alligabis
1647 1558 1689 1584 os
1710 1548 1813 1584 bovis
1845 1549 2060 1592 triturantis,
2078 1551 2212 1587 dictum
2227 1559 2283 1589 est

1221 1606 1317 1651 quod
1333 1606 1369 1642 in
1387 1606 1491 1644 bovis
1518 1608 1664 1644 nomine
1694 1609 1768 1644 vita
1790 1610 2072 1656 uniuscujusque
2100 1614 2282 1657 operantis

1221 1669 1449 1714 exprimitur.
1469 1670 1563 1706 Dicit
1581 1671 1737 1716 quodam
1774 1671 1810 1707 in
1840 1672 1919 1708 loco
1951 1672 2133 1718 apostolus
2151 1673 2282 1710 Paulus

1221 1730 1492 1774 reprehendens
1512 1736 1548 1766 et
1567 1731 1694 1768 dolens
1712 1732 1808 1777 quod
1826 1742 1934 1768 nemo
1951 1732 2002 1768 illi
2033 1734 2281 1770 communica·

1219 1791 1314 1826 verit
1338 1791 1374 1826 in
1394 1793 1534 1828 ratione
1557 1793 1630 1828 dati
1665 1799 1702 1830 et
1723 1795 1878 1841 accepti,
1899 1796 1995 1841 quod
2034 1796 2110 1843 ipse
2140 1797 2210 1833 alio
2242 1797 2279 1833 in

1219 1853 1301 1890 loeo
1322 1859 1447 1898 aperte
1464 1855 1645 1901 exposuit,
1676 1857 1800 1892 dicens
1823 1869 1831 1892 :
1859 1869 1872 1891 ι
1894 1856 1933 1893 Si
1964 1868 2030 1895 nos
2055 1860 2157 1895 vobis
2177 1860 2283 1906 spiri-

1222 1915 1308 1950 talia
1327 1916 1597 1961 seminavimus,
1617 1928 1788 1965 magnum
1819 1924 1875 1955 est
1906 1924 1946 1955 ut
1981 1925 2099 1956 vestra
2120 1921 2281 1957 carnalia

1219 1977 1427 2012 metamus?
1450 1976 1483 2024 (1
1506 1977 1587 2014 Cor.
1607 1979 1678 2026 tx.)
1706 1978 1782 2016 Hoc
1809 1980 2002 2026 signifieat,
2019 1982 2114 2028 quod
2132 1993 2203 2019 non
2231 1982 2282 2019 al-

130 2039 231 2088 (civ.
255 2040 358 2088 xxv.)
382 2052 395 2074 r
418 2040 457 2076 Si
478 2041 592 2077 suerit
607 2052 716 2078 causa
745 2043 841 2079 inter
862 2043 1015 2089 aliquos,
1032 2047 1070 2079 ct
1099 2042 1150 2078 in-
1167 2037 1198 2079 C
1219 2035 1348 2083 ligabis
1367 2047 1408 2073 os
1423 2038 1506 2074 bovi
1525 2039 1721 2075 trituranti.
1740 2039 1841 2076 Unde
1855 2047 1890 2076 et
1907 2041 2001 2077 idem
2022 2042 2206 2088 apostolus
2225 2042 2281 2078 di-

85 2115 99 2137 «
124 2102 396 2149 terpellaverint
426 2101 569 2148 judices
596 2115 603 2138 :
636 2114 743 2149 quem
779 2103 917 2149 justum
950 2111 1030 2141 esse
1066 2114 1149 2150 per-

84 2176 99 2199 «
123 2165 321 2211 spexerint,
354 2164 405 2200 illi
431 2165 580 2211 justitiae
598 2165 755 2211 palmam
773 2166 931 2209 dabunt3
948 2176 1056 2213 quem
1083 2166 1149 2201 im-

85 2237 98 2259 «
122 2227 235 2272 pium,
266 2226 788 2273 condemnabuntimpietatis.
811 2228 875 2263 Sin
908 2234 1031 2263 nutem
1066 2237 1148 2263 eum

84 2299 98 2320 ε
124 2288 185 2332 qui
218 2276 382 2333 peccavit
407 2286 554 2333 dignum
578 2287 736 2323 viderint
752 2288 880 2335 plagis,
901 2293 1147 2335 prosternent,

86 2362 99 2384 ε
125 2355 161 2386 et
182 2360 306 2386 coram
341 2359 379 2386 se
403 2349 538 2385 sacient
555 2350 756 2386 verberari.
778 2351 848 2387 Pro
867 2360 1037 2386 mensura
1064 2359 1149 2395 pec-

85 2423 98 2445 «
122 2412 193 2447 cati
209 2412 279 2447 erit
293 2417 329 2448 et
348 2413 538 2461 plagarum
559 2414 709 2451 modus:
725 2414 774 2449 ita
793 2414 980 2457 duntaxat,
1001 2418 1041 2448 ut
1056 2422 1148 2459 qua-

85 2483 99 2506 «
125 2473 378 2520 dragenarium
398 2485 591 2512 numerum
609 2485 679 2511 non
704 2475 896 2517 excedant,
918 2484 962 2509 nc
989 2473 1082 2510 soede
1098 2473 1150 2508 la-

85 2545 99 2568 «
123 2540 281 2578 ceratus,
299 2541 383 2572 ante
401 2537 526 2573 oculos
555 2542 638 2572 tuos
667 2536 788 2581 jaceat
818 2535 930 2570 frater
956 2541 1051 2569 tuus.
1075 2546 1087 2567 ι
1110 2533 1149 2569 Si

81 2595 191 2632 fuerit
209 2598 399 2634 altercatio
419 2598 514 2634 inter
529 2599 709 2640 homines,
730 2603 766 2633 et
781 2596 1010 2632 ascenderint
1030 2595 1074 2631 ad
1090 2594 1148 2640 ju-

82 2660 232 2700 dicium,
257 2659 551 2704 etjudieaverint
568 2665 604 2695 et
630 2657 1078 2704 justificaverintjustum,
1096 2657 1149 2703 ju-

81 2719 181 2755 dices
197 2718 416 2765 intelligendi
437 2718 711 2764 suntjudicare,
732 2729 802 2754 non
820 2719 868 2753 illi
886 2719 946 2763 qui
961 2718 1046 2754 dieti
1065 2723 1149 2754 sunt

82 2778 355 2815 altercationem
392 2778 540 2814 habere.
578 2778 716 2815 Deinde
739 2779 902 2824 sequitur
924 2791 930 2813 :
954 2778 999 2813 Et
1030 2788 1148 2824 repre-

82 2839 275 2876 henderint
292 2839 456 2885 impium.
476 2840 522 2875 Et
542 2840 613 2875 erit
628 2840 658 2876 si
679 2840 808 2886 dignus
825 2839 934 2875 suerit
956 2839 1070 2885 plagis
1086 2839 1147 2884 qui

84 2900 194 2947 impie
224 2900 310 2947 egit,
334 2900 537 2937 constitues
566 2910 650 2936 eum
683 2901 720 2936 in
752 2905 946 2946 conspectu
968 2899 1145 2945 jmstcum,

84 2967 121 2999 et
138 2963 367 3009 flagellabunt
386 2973 468 2999 eum
489 2964 687 3000 secundum
720 2956 1044 3009 impietatem'ejus
1064 2967 1148 2998 ante

84 3034 137 3067 se,
172 3034 322 3060 numero
356 3025 599 3072 quadraginta
630 3024 864 3071 flagellabunt
894 3034 989 3067 eum,
1010 3029 1046 3059 et
1077 3035 1148 3060 non

84 3089 278 3130 apponent.
308 3084 346 3120 Si
365 3090 488 3121 autem
523 3086 757 3132 apposuerint
777 3085 957 3131 flagellare
974 3095 1056 3122 eum
1085 3095 1151 3131 per

84 3145 151 3182 has
166 3146 292 3193 plagas
305 3146 442 3194 piures,
460 3148 711 3195 deturpabitur
740 3148 856 3184 frater
875 3153 956 3184 tuus
971 3157 1094 3184 eoram
1114 3153 1150 3183 te

70 3206 204 3244 vvalde.
222 3207 495 3246 Advertendum
507 3215 564 3246 est
583 3219 666 3246 cum
679 3219 721 3246 ea
735 3215 884 3257 peccata
898 3209 1014 3257 plagis
1028 3219 1151 3246 emen-

85 3268 204 3306 danda
223 3272 452 3318 praeceperit,
469 3282 549 3318 quae
566 3280 638 3309 non
662 3272 768 3319 digna
803 3278 887 3308 sunt
914 3272 1040 3308 mortis
1066 3281 1151 3318 sup-

85 3332 195 3379 plicio
213 3333 404 3378 vindicari,
440 3339 478 3371 et
505 3336 575 3371 hoc
603 3341 678 3371 tam
703 3335 828 3381 paucis
846 3334 974 3381 plagis,
992 3343 1075 3369 eum
1097 3338 1151 3368 ta-

86 3403 172 3431 men
188 3395 251 3441 qui
270 3396 434 3439 caeditur,
452 3396 646 3442 appellavit
658 3396 811 3442 impium
830 3395 886 3431 vel
919 3395 1027 3440 impie
1046 3403 1152 3440 agen-

72 3459 192 3493 tem:
213 3462 255 3494 ut
273 3458 496 3502 noverimus,
529 3469 600 3495 non
631 3458 726 3494 sicut
758 3456 906 3513 plurimi
938 3456 1150 3500 loquuntur,

86 3515 230 3554 locutas
252 3527 332 3555 esse
364 3506 573 3565 Scripturas
593 3529 709 3565 :quas
738 3516 955 3554 incuriosius
982 3514 1149 3560 legimus,

69 3582 174 3617 ·t·.um
191 3585 362 3627 putamus
375 3580 594 3618 adulterium
611 3592 684 3618 non
705 3591 786 3617 esse
814 3579 1050 3625 impietatem,
1066 3576 1151 3622 quia

90 3636 131 3677 h
159 3641 346 3686 bominem
372 3642 545 3680 videntur
577 3653 762 3691 peccasse,
798 3641 860 3688 qui
886 3641 954 3677 hoc
981 3637 1149 3681 fecerint,

90 3703 176 3742 cum
196 3700 287 3740 illuit
308 3708 499 3751 peceatum
531 3709 650 3742 morte
677 3704 787 3753 plecti
803 3703 861 3740 lex
873 3701 1018 3749 jubeat;
1040 3700 1151 3736 ethis

92 3762 254 3810 peccatis
270 3763 457 3811 graviores
470 3765 630 3804 diximus
645 3776 727 3804 esse
740 3765 961 3812 impietates,
978 3772 1060 3801 cum
1077 3762 1150 3798 sint

1219 2097 1270 2134 cit
1289 2098 1360 2134 alio
1376 2099 1455 2136 loco
1473 2113 1482 2135 :
1507 2112 1519 2133 ι
1540 2101 1676 2148 Dignus
1690 2107 1745 2138 est
1762 2103 1952 2148 operarius
1981 2104 2148 2140 mercede
2176 2113 2241 2140 sua
2260 2118 2273 2139 »

1222 2156 1258 2204 (Ι
1292 2157 1381 2194 Tim.
1418 2159 1470 2207 v).
1501 2159 1587 2196 Vult
1612 2170 1699 2208 ergo
1726 2161 1914 2208 Scriptura
1946 2163 2154 2200 doctoribus
2189 2175 2279 2210 prae-

1222 2223 1321 2254 stare
1338 2219 1511 2264 earnalia,
1526 2230 1545 2255 a
1560 2221 1690 2267 quibus
1701 2222 1875 2268 spiritalia
1893 2229 2175 2269 consequuntur.
2187 2224 2278 2268 Quia

1220 2281 1476 2325 praedicatores
1499 2289 1722 2328 occupantur
1738 2284 1775 2320 in
1795 2285 1973 2330 doctrina,
1991 2287 2194 2323 necessaria
2209 2286 2279 2323 sibi

1221 2341 1412 2385 providere
1430 2352 1503 2378 non
1522 2348 1688 2388 possunt.

1627 2420 1779 2459 CAPUT
1798 2421 1877 2458 XX.

1220 2479 1274 2517 De
1292 2492 1330 2516 co
1348 2482 1407 2528 qui
1426 2481 1501 2517 sine
1516 2480 1634 2516 liberis
1649 2483 1812 2525 moritur,
1828 2483 1990 2529 utfsrater
2013 2483 2167 2530 defuncti
2186 2485 2277 2520 acci-

1298 2529 1370 2575 piat
1392 2528 1467 2574 ejus
1482 2540 1639 2572 uxorem,
1655 2535 1686 2564 et
1702 2530 1843 2564 suscitet
1858 2541 1972 2565 semen
1987 2531 2091 2576 fratri
2115 2542 2191 2567 suo.

1268 2602 1385 2650 (Imn.)
1403 2615 1413 2635 ι
1430 2602 1578 2646 Quando
1594 2603 1837 2639 habitaverint
1849 2603 1978 2640 fratres
1993 2605 2112 2649 simul,
2134 2610 2169 2642 ct
2184 2615 2277 2642 unus

1225 2674 1236 2695 ι
1263 2672 1306 2697 ex
1322 2662 1375 2697 eis
1393 2662 1527 2707 absque
1546 2661 1670 2698 liberis
1687 2669 1851 2700 mortuus
1868 2664 1987 2707 suerit,
2006 2675 2098 2701 uxor
2118 2665 2278 2702 defuncti

1224 2737 1235 2758 ι
1259 2736 1331 2761 non
1351 2725 1462 2760 nubet
1486 2725 1603 2768 alteri,
1635 2725 1697 2762 sed
1718 2726 1872 2772 accipiet
1904 2737 1982 2763 eam
2002 2727 2114 2764 frater
2133 2728 2222 2774 ejus,
2242 2734 2279 2764 et

1224 2796 1236 2818 t
1262 2784 1452 2820 suscitabit
1486 2794 1607 2820 semen
1627 2784 1750 2821 fratris
1771 2785 1840 2828 sui,
1873 2791 1908 2821 et
1939 2786 2214 2834 primogenitum
2234 2797 2278 2823 ex

1223 2857 1235 2878 ‹
1261 2855 1303 2881 ea
1322 2845 1449 2889 filium,
1472 2845 1618 2881 nomine
1639 2844 1734 2881 illius
1753 2845 1958 2892 appellabit,
1978 2853 2015 2882 ut
2031 2857 2100 2882 ncn
2119 2847 2279 2884 deleatur

1224 2919 1236 2940 ‹
1262 2917 1392 2942 nomen
1414 2905 1491 2951 ejus
1512 2916 1556 2942 ex
1575 2905 1698 2942 lsrael.
1718 2905 1781 2942 Sin
1797 2912 1915 2942 autem
1932 2907 2087 2943 noluerit
2113 2908 2279 2954 accipere

1224 2981 1236 3002 ‹
1262 2978 1412 3004 uxorem
1437 2967 1560 3004 fratris
1590 2969 1658 3013 sui,
1690 2978 1768 3014 quaa
1794 2969 1827 3005 ei
1860 2969 1937 3017 lege
1964 2970 2125 3014 debetur,
2154 2977 2279 3018 perget

1224 3041 1236 3063 t
1262 3029 1393 3065 mulier
1412 3029 1456 3065 ad
1472 3033 1615 3075 portam
1644 3029 1816 3072 civitatis,
1837 3034 1874 3066 et
1893 3030 2138 3077 interpellabit
2163 3031 2275 3077 majo-

1226 3103 1238 3124 ι
1262 3101 1321 3127 res
1337 3095 1438 3134 natu,
1457 3091 1623 3136 dicetque
1644 3090 1748 3127 :Non
1767 3090 1843 3127 vult
1864 3091 1976 3127 frater
1988 3092 2054 3127 viri
2079 3092 2147 3127 mei
2165 3093 2277 3128 susci-

1225 3164 1237 3187 ι
1264 3158 1342 3189 tare
1363 3163 1485 3189 semen
1514 3152 1638 3190 fratris
1661 3154 1715 3189 sui
1730 3154 1766 3189 in
1785 3153 1908 3196 Israel,
1938 3164 2004 3188 nec
2023 3163 2078 3188 me
2096 3153 2131 3188 in
2153 3152 2275 3198 conJ'u-

1225 3230 1238 3251 ι
1263 3227 1343 3263 gem
1359 3226 1513 3253 sumere.
1537 3216 1738 3262 Statimque
1768 3215 1937 3251 accersiri
1967 3222 2047 3249 eum
2077 3214 2221 3258 sacient,
2237 3221 2274 3251 et

1226 3287 1238 3312 t
1263 3277 1551 3325 interrogabunt.
1585 3276 1622 3312 Si
1640 3274 1876 3320 responderit,
1895 3273 1984 3308 Nolo
2013 3283 2091 3308 eam
2122 3285 2271 3312 uxorem

1225 3350 1239 3373 r
1264 3339 1442 3385 accipere,
1459 3337 1605 3373 accedet
1616 3335 1744 3370 mulier
1760 3334 1804 3370 ad
1822 3343 1903 3371 eum
1917 3343 2038 3370 coram
2052 3335 2269 3381 senioribus,

1224 3407 1238 3435 t
1264 3406 1301 3437 et
1321 3399 1422 3436 tollet
1442 3397 1724 3433 calceamentum
1744 3396 1787 3431 de
1810 3396 1899 3442 pede
1915 3395 2012 3441 ejus,
2035 3401 2210 3445 spuetque
2234 3395 2272 3435 in

1225 3467 1239 3495 t
1262 3458 1392 3496 faciem
1409 3458 1486 3503 ejus
1502 3461 1538 3493 et
1553 3453 1647 3498 dicet
1668 3469 1676 3492 ε
1693 3456 1753 3493 Sic
1768 3455 1830 3492 net
1848 3456 2000 3501 bomini,
2019 3456 2080 3505 qui
2101 3468 2172 3496 non
2186 3458 2271 3496 aedi-

1227 3532 1240 3553 ι
1264 3520 1348 3554 fleat
1369 3518 1513 3554 domum
1531 3515 1657 3553 fratris
1684 3516 1754 3560 sui,
1772 3521 1809 3552 et
1826 3517 2015 3556 vocabitur
2030 3529 2160 3558 nomen
2176 3519 2272 3557 illius

1225 3590 1238 3612 ι
1262 3578 1299 3614 in
1315 3576 1438 3621 lsrael,
1455 3577 1590 3614 Domus
1606 3575 1823 3613 discalceati.
1840 3589 1852 3611 ι
1869 3589 1883 3611 ‹
1897 3576 1935 3614 Si
1951 3583 2071 3615 autem
2088 3578 2272 3617 habitave-

1221 3638 1294 3674 rint
1307 3636 1438 3673 fratres
1454 3635 1492 3673 in
1506 3646 1632 3681 unum,
1651 3642 1688 3673 et
1715 3642 1880 3674 mortuus
1906 3636 2014 3676 tuerit
2030 3646 2123 3680 unus
2141 3649 2188 3677 ex
2203 3637 2270 3685 ets,

1221 3707 1344 3735 semen
1361 3700 1483 3734 autem
1497 3706 1570 3734 non
1598 3695 1710 3734 fuerit
1734 3697 1782 3742 ei,
1804 3704 1895 3734 uxor
1909 3696 2068 3736 defuncti
2083 3698 2172 3737 soris
2199 3708 2273 3739 non

1221 3757 1462 3806 appropianti,
1482 3756 1596 3795 trater
1619 3757 1689 3795 viri
1708 3757 1786 3805 ejus
1802 3758 1952 3798 intrabit
1977 3759 2023 3798 ad
2046 3770 2142 3806 eam,
2157 3766 2195 3800 et
2213 3770 2274 3798 ac-

1143 3862 1215 3879 *2⁴⁷⁴*
