2540 4016
273 201 342 239 8¹9

697 194 737 231 B.
764 192 938 235 RABANi
961 191 1110 235 naum
1131 189 1345 232 tuentur.
1373 189 1580 246 uocum.
1607 191 1805 236 omar-int¹
1821 193 1945 238 tuas
1967 196 2010 244 1„

2369 201 2480 246 820‚

271 279 404 318 Thai-e,
425 278 461 308 et
478 272 642 310 volucres
673 271 756 311 coeli
775 281 856 319 quae
869 271 973 318 juxta
992 271 1089 311 viam
1104 256 1242 310 'satum
1259 269 1327 311 tri·
1342 270 1379 316 A
1395 269 1472 321 nei,
1503 269 1630 310 afferte
1651 270 1807 313 Domino
1839 272 1933 310 filios
1969 272 2138 314 arietum.
2157 274 2245 319 Quae
2263 281 2320 314 est
2332 283 2440 326 >ugia

270 337 382 372 ticum
413 332 588 370 devorare
613 331 802 381 festinant,
840 332 1033 371 sollicitius
1049 331 1321 381 prohiheamus,

269 395 359 431 Nam
381 398 418 432 et
435 391 619 430 Abraham
651 392 875 438 patriarcha,
895 393 933 430 in
968 398 1053 440 typo
1085 392 1240 437 Israelis,
1258 393 1323 430 ho-

269 455 420 492 stiarum
445 452 569 490 divisit
592 452 754 490 membra
774 452 960 497 sacrificii,
978 463 1060 500 quae
1078 464 1097 490 a
1118 453 1323 494 volucribus

267 525 339 551 non
363 513 451 549 sinit
469 511 650 549 devorari.
669 511 714 549 Et
733 517 1022 559 contemptorem
1057 515 1201 553 oculum
1235 514 1320 553 effo-

269 576 370 613 diunt
389 573 488 610 corvi
507 573 552 609 de
568 572 805 611 convallibus.
843 573 1031 622 Verusque
1064 575 1204 623 Moyses
1222 576 1322 617 ducit

268 634 545 680 AEthiopissam‚
565 638 602 668 et
618 633 715 669 Elias
734 644 754 669 a
787 634 906 670 corvis
925 635 1097 681 pascitur.
1122 635 1160 672 Si
1184 636 1321 673 habue-

268 696 319 732 ris
337 705 522 742 pavorem,
543 694 717 730 sollicitus
744 694 840 737 eris;
865 694 894 731 si
912 695 1086 733 sollicitus
1118 695 1242 737 fueris,
1263 697 1320 732 leo

269 757 307 793 in
326 755 449 792 caulas
472 755 593 791 ovium
611 759 754 791 tuarum
776 754 927 792 introire
962 766 1034 791 non
1052 756 1198 803 poterit.
1217 755 1321 802 Quod

267 816 324 851 vel
341 816 386 852 ad
419 815 631 862 praepositos
673 815 923 859 ecclesiarum,
956 815 1014 851 vel
1047 817 1092 852 ad
1118 817 1319 852 custodiam

268 877 425 913 refertur
442 878 569 913 anim-„c
591 883 673 921 tuae,
695 878 738 913 ad
758 888 866 923 quam
906 877 1069 914 diabolus
1093 888 1159 925 per
1179 877 1320 913 diversa

269 938 439 974 vitiorum
484 937 660 974 foramina
697 938 836 984 ingredi
878 938 1018 974 nititur.
1057 938 1157 975 Unde
1191 939 1320 986 eqressi

268 999 374 1044 fixere
407 1000 556 1036 tentoria
578 1000 615 1036 in
645 998 797 1034 Mettica.
831 998 1011 1035 Vicesima
1033 1000 1159 1046 quint-a
1178 1001 1320 1036 mansio

266 1060 419 1096 vertitur
454 1061 490 1096 in
531 1059 763 1095 dnlcedinem.
809 1059 1013 1096 Ascendisti
1040 1061 1076 1096 iu
1122 1061 1316 1104 excelsum,

268 1120 467 1156 admiratus
492 1131 530 1155 cs
549 1120 721 1156 virtutum
742 1120 885 1163 choros,
908 1121 1060 1157 timuisti
1083 1122 1237 1165 ruinam,
1260 1123 1319 1158 ab·

1391 330 1590 380 necessitas
1615 342 1695 379 quae
1721 332 1929 370 nolentibus
1949 331 2184 379 imponatur?
2203 334 2295 375 Cum
2310 337 2446 384 divini

1392 389 1588 439 Scripturis
1611 390 1725 428 fueris
1748 391 1923 435 eruditus,
1944 397 1981 431 et
2007 391 2106 443 leges
2129 405 2253 433 earum
2269 408 2315 437 ac
2338 401 2442 441 testi·

1389 451 1512 489 monia
1533 451 1657 488 scietis
1673 450 1850 494 veritatis,
1874 451 2095 493 contendens
2114 464 2197 495 cum
2213 456 2441 509 adversariis,

1390 510 1518 560 ligabis
1537 522 1614 555 eos,
1634 515 1670 546 et
1686 511 1827 551 vinctos
1858 512 1969 552 duces
1997 513 2034 555 in
2054 516 2326 563 captivitatem3
2345 525 2383 558 et
2398 522 2444 561 de

1389 571 1553 608 hostibus
1572 571 1754 618 quondam
1786 577 1895 621 atque
1913 575 2065 621 captivis
2083 575 2217 615 liberos
2233 579 2298 617 Dei
2315 579 2442 629 facies,

1388 636 1428 666 ut
1447 635 1594 677 repente
1615 631 1715 667 dicas
1735 642 1817 670 eum
1835 631 1923 671 Sion
1942 646 1950 670 z
1973 634 2047 681 Ego
2079 638 2212 675 sterilis
2229 645 2266 676 et
2282 651 2352 679 non
2381 652 2444 689 pa-

1389 690 1501 733 rienS,
1519 692 1775 738 transmigrata
1801 698 1835 729 et
1851 694 2005 740 captiva,
2024 700 2060 733 et
2077 696 2164 734 istos
2195 698 2276 744 quis
2302 701 2443 736 enutri·
2497 694 2499 697 ’

1387 750 1468 786 vit?
1489 750 1563 796 Ego
1586 751 1760 789 destituta
1785 758 1820 789 et
1837 755 1927 796 sola,
1947 761 1983 793 et
2002 756 2061 792 isti
2093 757 2154 794 ubi
2175 761 2306 798 erant?
2330 761 2444 797 Porro

1391 811 1486 858 quod
1499 812 1673 848 vertimus
1692 812 1784 858 filios
1805 814 1983 861 stridoris,
2005 817 2050 854 ad
2069 817 2169 854 illum
2187 830 2331 857 sensum
2349 821 2445 857 refer

1389 873 1485 919 quod
1518 873 1648 909 timore
1679 875 1842 921 supplicii
1864 881 1900 912 et
1918 876 1996 922 ejus
2029 878 2098 916 loci
2121 879 2183 918 ubi
2212 881 2387 918 estssetus
2407 887 2444 917 et

1389 934 1523 971 stridor
1542 934 1704 973 dentium
1722 935 1930 974 deserentes
1964 939 2096 976 diaboli
2124 941 2281 986 vincula,
2300 942 2443 980 Christo

1388 994 1539 1031 Domino
1556 996 1779 1033 credentium
1801 999 1915 1034 turbae
1933 1000 2023 1036 colla
2041 1001 2268 1039 submittant.
2285 1003 2444 1051 Eqressi-

1388 1066 1452 1101 que
1466 1054 1507 1090 de
1518 1055 1753 1101 Βειωὶααεαη,
1764 1066 1927 1094 venerunt
1942 1060 1977 1095 in
1991 1068 2142 1098 montem
2158 1062 2317 1110 Gaclqad.
2335 1065 2444 1102 Vice-

1389 1115 1479 1150 sima
1500 1126 1592 1150 nona
1613 1117 1753 1153 mansio
1790 1118 2053 1164 interpretatur
2074 1125 2216 1161 nuntius
2244 1125 2320 1160 sive
2340 1136 2444 1172 expe-

267 1179 372 1225 egisti
392 1179 634 1222 insidiatores,
658 1179 772 1214 dulcis
792 1184 826 1215 te
864 1180 1029 1226 protinus
1049 1181 1189 1218 fructus
1224 1182 1319 1218 inse·
1338 1170 1370 1210 B
1389 1176 1475 1212 ditio
1498 1181 1533 1212 θῐ
1546 1177 1744 1221 accindi&
1766 1179 1823 1215 vel
1840 1186 1950 1224 certe,
1983 1182 2079 1227 quod
2110 1193 2175 1219 nos
2194 1185 2316 1220 verius
2349 1187 2446 1222 arhi-

268 1239 390 1285 quitur
428 1240 590 1275 laboris:
616 1245 652 1275 et
677 1239 712 1275 in
738 1250 876 1275 morem
906 1241 1122 1285 litterarum,
1159 1243 1320 1280 radicum

269 1299 547 1335 amaritudinem
567 1309 757 1345 pomorum
791 1300 950 1336 suavitas
992 1303 1253 1347 compensabit,
1286 1309 1321 1339 et

268 1358 364 1395 dices
385 1368 395 1394 τ
419 1358 533 1402 Quam
561 1357 678 1394 dulcia
708 1356 866 1401 saucibus
884 1359 969 1394 meis
984 1359 1121 1405 eloquin
1138 1367 1198 1395 tua
1218 1372 1322 1406 super

265 1418 402 1453 melori
418 1428 506 1452 meo.
536 1416 788 1462 Sponsumquc
811 1418 875 1452 tihi
894 1418 1019 1454 audies
1034 1420 1288 1455 concinentem
1310 1433 1318 1456 :

265 1477 333 1512 Mel
357 1476 535 1512 distillant
570 1477 665 1514 labia
700 1483 775 1520 tua,
817 1488 920 1514 soror
953 1489 1034 1514 mea
1061 1490 1206 1524 sponsa.
1229 1481 1323 1530 Quid

265 1537 361 1572 enim
397 1538 542 1573 suavius
567 1537 770 1582 disciplina,
805 1537 891 1584 quid
931 1539 1133 1577 eruditione
1175 1542 1320 1585 melius,

264 1597 354 1644 quid
395 1597 534 1634 dulcius
570 1597 751 1632 Domino?
777 1596 920 1635 Gustate
950 1606 981 1635 et
1015 1600 1122 1636 videte
1151 1602 1319 1648 quoniam

265 1658 383 1692 suavis
404 1665 452 1692 est
477 1657 661 1693 Dominus.
698 1658 800 1695 Unde
819 1665 856 1695 et
877 1659 1044 1705 Samson,
1070 1662 1130 1708 qui
1150 1663 1322 1710 abegerat

265 1718 481 1754 asructibus
500 1719 575 1754 suis
607 1728 706 1762 aves,
737 1725 772 1755 et
806 1721 931 1767 vulpes
964 1732 1042 1767 quae
1081 1724 1322 1762 exterminant

265 1779 390 1815 vineas
411 1779 656 1826 colligaverat,
678 1780 891 1828 leonemque
920 1783 1150 1821 interfecerat
1182 1786 1323 1832 rugien-

264 1846 349 1884 tem,
372 1841 493 1876 savum
514 1841 648 1877 invenit
670 1845 705 1878 in
725 1853 787 1880 ore
808 1844 955 1881 mortui.
975 1845 1020 1881 Et
1035 1846 1077 1883 de
1100 1846 1238 1884 Metltea
1263 1859 1322 1883 ca-

264 1903 463 1938 strametati
481 1909 562 1938 sunt
577 1904 614 1939 in
634 1903 827 1940 Hesmona.
857 1905 1038 1944 vicesima
1059 1914 1161 1943 sexta
1179 1909 1319 1945 mansio

264 1963 300 1999 in
324 1964 447 2012 lingua
483 1970 606 2000 nostra
642 1966 900 2010 festinationem
937 1973 1054 2003 sonat.
1091 1966 1197 2004 Juxta
1235 1969 1322 2006 illud

266 2025 360 2070 quod
379 2025 413 2060 in
429 2026 568 2072 psalmo
587 2027 758 2062 scribitur
779 2039 786 2062 :
814 2026 956 2064 Venient
986 2028 1090 2074 leqati
1106 2040 1148 2064 ea:
1165 2029 1213 2064 Ε
1217 2036 1319 2076 qypto

267 2083 383 2130 (Psat.
413 2085 539 2131 van).
567 2085 637 2121 Pro
660 2085 764 2131 leqati
799 2086 836 2121 in
868 2086 1018 2122 Hebraeo
1045 2087 1249 2133 festinantes
1270 2092 1320 2126 le-
1339 2064 1369 2106 C

266 2145 386 2192 gimus
407 2156 414 2179 :
436 2150 474 2180 ut
494 2151 686 2191 postquam
705 2146 826 2182 dulces
851 2146 989 2183 fructus
1010 2147 1143 2185 laboris
1160 2159 1320 2186 messue-

265 2204 394 2247 rimus,
413 2215 484 2241 non
505 2207 616 2242 simus
635 2208 754 2252 quiete
772 2209 929 2244 contenti
948 2214 983 2244 et
1002 2210 1075 2245 otio
1091 2221 1099 2251 ;
1123 2215 1157 2245 et
1176 2221 1320 2247 rursum

267 2265 312 2301 ad
332 2265 505 2302 ulteriora
542 2273 789 2313 properantes,
829 2269 1086 2306 obliviscamur
1119 2272 1320 2318 prseterito-

266 2335 347 2360 rum
371 2331 408 2363 et
441 2327 477 2362 in
514 2326 633 2362 sutura
667 2338 733 2364 nos
764 2330 1014 2366 extendamus.
1037 2331 1083 2366 Et
1114 2332 1259 2378 profecti
1279 2333 1321 2368 de

265 2378 460 2430 H'esmona,
485 2396 647 2425 venerunt
676 2390 713 2424 in
749 2389 939 2426 Moserottt.
969 2392 1146 2428 Vicesima
1169 2394 1320 2439 septima

266 2447 407 2483 mansio
443 2449 582 2485 vincula
617 2450 693 2486 sive
727 2451 932 2498 disciplinas
965 2459 1155 2490 sonatzut
1188 2455 1320 2492 festino

265 2507 376 2552 gradu
400 2517 591 2554 pergamus
609 2511 652 2545 ad
674 2510 879 2556 magistros,
903 2517 939 2547 et
962 2523 1087 2548 eorum
1124 2514 1247 2550 limina
1268 2523 1318 2552 te-

264 2577 402 2611 ramus,
439 2574 475 2604 et
488 2576 669 2616 praccepta
706 2571 880 2607 virtutum
901 2583 943 2608 ac
966 2575 1137 2620 mysteria
1158 2574 1320 2622 Scriptu-

266 2635 388 2661 rarum
426 2627 569 2663 vincula
605 2636 772 2675 putemus
801 2636 950 2667 aeterna.
987 2631 1094 2668 Juxta
1114 2633 1202 2670 illud
1224 2636 1320 2682 quod

265 2685 302 2720 in
323 2686 415 2721 isaia
445 2687 588 2723 dicitur.
634 2689 679 2724 Et
714 2689 860 2726 Sabaim
897 2692 966 2727 viri
1011 2694 1183 2730 sublimes
1221 2696 1265 2731 ad
1286 2702 1322 2732 te

265 2746 472 2780 transibunt
491 2752 528 2793 et
547 2748 597 2783 tui
617 2755 734 2784 erunt.
755 2750 841 2788 Post
858 2752 934 2788 haec
958 2755 1194 2791 ambulabunt
1208 2757 1321 2793 vincti

267 2805 434 2842 manicis.
475 2806 521 2842 Et
539 2806 676 2844 Paulus
711 2811 842 2847 vinctus
870 2812 956 2850 Jesu
985 2814 1128 2852 Christi.
1156 2817 1320 2863 Duplicia

268 2869 407 2904 suntin
430 2867 627 2916 Scripturis
653 2871 794 2906 vincula
813 2883 891 2918 quae
928 2875 1061 2922 dirupit
1100 2877 1266 2922 Samson,
1285 2884 1320 2916 et

266 2929 355 2964 vicit
374 2930 552 2967 inimicos.
590 2932 635 2967 Et
654 2932 697 2968 de
730 2934 919 2970 meretrice
937 2935 1102 2982 legimus,
1126 2939 1316 2975 Vinculum

267 2991 305 3026 in
325 2991 493 3027 manibus
513 2991 601 3036 ejus.
634 2992 678 3031 Et
715 3003 759 3028 ex
780 3003 935 3038 persona
965 2996 1106 3032 Domini
1133 2999 1286 3034 dicentis
1308 3011 1315 3034 :

267 3049 521 3098 Dirumpamtts
545 3051 684 3088 vincula
704 3063 838 3095 eorum,
867 3060 899 3088 et
931 3056 1159 3100 projiciamus
1180 3070 1201 3094 α
1221 3059 1319 3094 nobis

260 3110 390 3157 juqum
414 3113 569 3159 ipsorum
585 3111 700 3159 (Psal.
723 3111 778 3159 ιι).
806 3113 851 3148 Et
869 3113 953 3150 alibi
976 3127 983 3149 :
1006 3115 1166 3162 Laqueus
1189 3119 1318 3154 contri-

265 3178 321 3207 tus
341 3178 405 3215 est,
429 3178 461 3207 et
479 3183 541 3208 nos
559 3173 695 3209 liberati
713 3184 832 3209 sumus
855 3171 968 3220 (Psat.
990 3176 1154 3223 cxxvln).
1182 3177 1317 3214 Christi

269 3238 389 3268 autem
407 3232 550 3269 vincula
569 3233 772 3270 voluntaria
790 3239 888 3278 sunt,
908 3240 944 3271 et
961 3240 1152 3272 vertuntur
1187 3238 1222 3272 in
1239 3247 1315 3273 am-

263 3292 404 3338 plexus.
426 3292 639 3340 Quicunque
656 3293 765 3331 suerit
795 3294 996 3341 colligatus,
1012 3295 1108 3331 dicet
1127 3305 1137 3330 ε
1160 3295 1314 3331 Sinistra

265 3353 340 3398 ejus
359 3353 421 3388 sub
448 3354 559 3400 capite
577 3364 667 3398 meo,
687 3360 720 3389 et
736 3354 878 3391 dextera
905 3355 980 3405 ejus
1001 3355 1244 3402 complectetur
1262 3367 1315 3392 me

267 3409 384 3457 (Cant.
406 3411 463 3460 ιι).
483 3411 530 3447 Et
548 3412 591 3448 de
617 3413 793 3453 Moseroth
815 3413 1052 3451 castrametati
1082 3419 1162 3450 sum
1186 3414 1222 3451 in
1243 3414 1313 3450 Be-

265 3469 451 3517 nejaacan.
479 3472 657 3511 Vicesima
683 3479 809 3511 octava
828 3474 968 3513 mansio
997 3479 1052 3512 est
1074 3474 1313 3521 BeneJaacan,

267 3539 347 3575 quae
365 3530 662 3579 interpretatione
680 3533 900 3573 transfertur
921 3534 956 3571 in
989 3534 1083 3582 filios
1102 3535 1314 3573 necessitatis

267 3598 329 3625 seu
346 3591 521 3629 stridoris.
544 3591 583 3629 Si
598 3594 644 3630 ab
659 3606 731 3634 uno
762 3595 914 3642 incipias
930 3605 1095 3641 numero,
1129 3600 1166 3635 et
1192 3595 1318 3643 paula·

266 3649 332 3686 tim
348 3651 483 3700 addens
501 3653 548 3690 ad
561 3655 755 3702 septimum
770 3666 884 3707 usque
902 3658 1107 3704 pervenias,
1121 3658 1318 3699 vicesimus

216 3725 219 3728 -
267 3714 413 3748 octavus
436 3723 609 3753 numerus
622 3714 787 3753 efficitur.
806 3715 875 3766 Qui
907 3717 982 3756 sint
993 3717 1054 3757 isti
1074 3717 1139 3755 tilii
1155 3719 1316 3760 necessi-

267 3767 354 3804 tatis
370 3771 531 3823 psalmus
545 3773 624 3824 ipse
649 3784 717 3826 ,nos
739 3770 893 3820 doceat:
909 3771 1045 3826 Aderit}
1057 3778 1227 3825 Domino»
1250 3778 1317 3827 fflii

1390 1241 1542 1280 tramur,
1568 1242 1758 1282 κατακοπή,
1779 1238 1814 1275 id
1832 1244 1900 1283 est,
1920 1242 2084 1277 concisio.
2117 1242 2220 1279 llaud
2238 1244 2340 1281 aliter
2362 1256 2446 1292 pos-

1389 1309 1513 1335 sumus
1531 1300 1693 1345 magistri
1722 1300 1978 1348 discipulorum
2009 1308 2118 1350 atque
2135 1305 2357 1343 credentium
2383 1317 2445 1344 eos

1390 1357 1509 1393 facere
1549 1358 1642 1394 filios
1672 1360 1911 1404 necessitatis,
1948 1362 2018 1399 nisi
2048 1371 2289 1411 praeceptores
2319 1376 2445 1404 corum

1390 1418 1690 1461 interfecerimus,
1714 1421 1878 1458 crudeles
1907 1423 2019 1462 simus
2037 1424 2074 1462 in
2090 1426 2273 1468 occisione
2303 1438 2442 1464 eorum.

1389 1479 1468 1514 Non
1496 1485 1624 1524 parcat
1658 1490 1788 1517 manus
1822 1487 1947 1518 nostra
1979 1493 2119 1520 armum
2151 1492 2213 1523 aut
2240 1494 2444 1527 extremum

1390 1539 1561 1575 auriculae
1586 1540 1629 1576 de
1650 1551 1715 1576 ore
1751 1540 1895 1579 leonum
1924 1545 2127 1581 extrahere.
2153 1545 2362 1585 MaledIctus
2385 1551 2446 1595 qui

1391 1599 1478 1636 sacit
1520 1611 1610 1647 opus
1646 1601 1711 1638 Dei
1742 1603 1977 1649 negligenter,
2013 1610 2049 1641 et
2078 1607 2247 1652 prohibet
2287 1610 2444 1654 gladium

1391 1671 1494 1704 suum
1517 1671 1536 1696 a
1557 1662 1748 1708 sanguine.
1770 1662 1872 1699 Unde
1896 1669 1932 1700 ct
1962 1665 2098 1702 David:
2123 1666 2169 1704 In
2188 1671 2374 1714 matutino,
2393 1672 2447 1708 in-

1391 1722 1482 1767 quit,
1518 1722 1770 1767 interficiebam
1810 1735 1927 1762 omnes
1965 1733 2161 1772 peccatores
2192 1734 2295 1770 terroe
2327 1729 2441 1778 (psat.

1390 1782 1531 1829 cxvm).
1559 1783 1610 1819 De
1630 1784 1759 1820 nuntio
1780 1790 1900 1822 autem
1918 1791 1954 1823 et
1971 1788 2194 1829 accinctione
2224 1791 2294 1828 hae
2329 1791 2445 1829 brevi-

1393 1849 1446 1879 ter
1465 1854 1657 1890 possumus
1672 1845 1794 1882 dicere
1812 1846 1908 1893 quod
1929 1848 2013 1885 filiis
2046 1851 2272 1891 necessitatis
2289 1854 2444 1900 grandes

1392 1904 1435 1939 ad
1456 1906 1630 1942 virtutum
1665 1906 1828 1945 stimulos
1846 1919 2092 1956 suggeramu8‚
2111 1922 2193 1949 cum
2227 1914 2279 1950 eis
2302 1915 2443 1952 nuntia-

1391 1966 1548 2002 verimus
1566 1967 1713 2014 prmmia
1731 1967 1946 2013 futurorum,
1980 1976 2016 2007 et
2035 1972 2218 2009 accinctos
2235 1974 2325 2011 inire
2343 1975 2437 2011 bella

1391 2027 1633 2064 docuerimus.
1670 2028 1805 2066 Horum
1829 2030 1937 2067 trium
1962 2033 2136 2080 quidquid
2157 2036 2328 2081 magister
2352 2036 2443 2072 sece-

1390 2089 1452 2132 rit,
1473 2089 1508 2124 in
1531 2095 1652 2125 monte
1670 2091 1849 2128 consistit.
1868 2090 1915 2127 Et
1929 2093 2075 2139 profecti
2090 2094 2132 2129 de
2145 2101 2260 2130 monte
2278 2093 2441 2141 Gadqaot,

1391 2151 1629 2185 castrametati
1647 2157 1728 2186 sunt
1763 2151 1800 2187 in
1831 2145 2029 2188 Jeteba'ttza.
2070 2153 2268 2200 Trigesima
2303 2156 2443 2191 mansio

1374 2209 1525 2244 ‘bonitas
1544 2210 1801 2256 interpretatur
1823 2224 1831 2247 ε
1854 2217 1894 2248 ut
1913 2222 1995 2249 cum
2013 2215 2285 2260 pervenerimus
2306 2215 2350 2251 ad
2366 2225 2444 2262 pet·-

1391 2268 1524 2304 fcctum
1557 2269 1675 2305 virum
1696 2270 1731 2306 in
1770 2271 2031 2308 sacerdotalem
2051 2273 2218 2318 gradum,
2244 2279 2282 2310 et
2306 2274 2343 2311 in
2357 2279 2443 2312 :ctae

1391 2333 1462 2362 tem
1481 2328 1716 2373 plenitudinis
1748 2330 1897 2375 Christi,
1932 2332 1969 2368 in
2006 2343 2076 2379 qua
2113 2339 2148 2369 et
2166 2333 2332 2370 Ezechiel
2364 2341 2442 2373 erat

1385 2387 1489 2433 juxta
1511 2389 1657 2426 fluvium
1676 2392 1830 2434 Chobar,
1851 2394 2034 2438 possimus
2052 2404 2133 2431 cum
2153 2395 2265 2432 David
2282 2397 2319 2435 in
2337 2397 2443 2433 trice-

1389 2451 1480 2486 simo
1521 2451 1659 2498 psalmo
1698 2453 2040 2497 cane1·e:Domine,
2079 2456 2116 2491 in
2152 2462 2183 2490 te
2200 2458 2352 2501 speravi,
2371 2467 2440 2492 non

1389 2510 1587 2555 confundar
1623 2510 1658 2545 in
1689 2517 1869 2549 (eternum.
1906 2511 2035 2549 Pastor
2066 2514 2162 2549 enim
2188 2515 2304 2551 honus
2338 2517 2440 2562 pouit

1389 2571 1545 2606 animam
1567 2581 1668 2606 suam
1689 2581 1754 2616 pro
1774 2571 1900 2608 ovibus
1923 2573 2011 2608 suis.
2044 2573 2090 2610 Et
2111 2574 2258 2620 profecti
2282 2574 2326 2613 de
2359 2575 2440 2611 1οι-

1390 2631 1507 2673 batha,
1526 2631 1763 2666 castrametati
1781 2636 1861 2666 sunt
1882 2631 1918 2666 in
1937 2630 2093 2669 Ebrona.
2123 2633 2322 2680 'trigesima
2341 2644 2438 2671 man-

1390 2691 1442 2726 sio
1463 2691 1721 2736 interpretatur
1758 2691 1926 2728 transitus
1959 2692 2033 2728 sive
2065 2694 2238 2731 transitio.
2270 2694 2327 2733 Ad
2345 2695 2439 2733 hanc

1388 2754 1489 2790 venit
1506 2763 1612 2788 verus
1633 2753 1803 2789 llebraeus
1822 2759 1930 2801 atque
1954 2755 2125 2795 transitor
2157 2757 2218 2803 qui
2236 2757 2356 2795 dicere
2374 2768 2438 2804 po-

1390 2820 1458 2850 test
1476 2827 1484 2850 ς
1512 2814 1707 2851 Transiens
1725 2814 1854 2851 ridebo
1872 2815 2046 2853 visionem
2077 2817 2170 2853 hanc
2189 2827 2368 2863 magnam.
2387 2818 2438 2854 De

1389 2886 1459 2920 quo
1487 2880 1524 2910 et
1540 2874 1730 2910 Psalmista
1757 2875 1833 2911 ait:
1855 2874 1900 2912 Et
1921 2888 1989 2915 non
2026 2877 2190 2915 dixerunt
2207 2879 2267 2924 qui
2294 2886 2437 2925 proeter-

1389 2936 1499 2978 ibant,
1519 2935 1720 2972 Benedictio
1755 2936 1896 2974 Domini
1916 2949 2019 2984 super
2038 2949 2098 2977 vos
2129 2937 2244 2985 (Psat.
2266 2940 2434 2988 cxxvtu).

1387 2996 1553 3032 Praeterit
1586 2997 1681 3032 enim
1704 2997 1816 3043 figura
1852 2998 1958 3044 hujus
1995 2999 2132 3037 mundi.
2175 3000 2221 3037 Et
2246 3008 2436 3050 prepterea

1390 3057 1507 3094 saneti
1535 3058 1683 3104 cupiunt
1712 3059 1758 3094 ad
1791 3059 1940 3096 meliora
1967 3060 2134 3104 transire,
2167 3071 2235 3097 nec
2268 3063 2436 3107 proesenti

1388 3122 1483 3154 statu
1504 3109 1678 3162 contenti,
1698 3119 1939 3164 ingemiscunt
1956 3120 2131 3166 quotidie.
2152 3120 2240 3158 Haec
2277 3122 2437 3159 recorda-

1385 3182 1441 3211 tus
1455 3188 1545 3219 sum,
1579 3183 1611 3212 et
1627 3177 1737 3223 effudi
1767 3178 1803 3215 in
1826 3189 1880 3215 me
1916 3179 2071 3216 animam
2095 3189 2236 3219 meam:
2267 3181 2435 3227 quoniam

1382 3236 1540 3271 ‘transibo
1559 3238 1598 3272 in
1618 3237 1732 3276 locum
1759 3238 1977 3275 tabernaculi
2011 3239 2242 3283 admirabilis,
2264 3252 2372 3287 usque
2387 3242 2434 3281 aa

1386 3296 1528 3332 domum
1544 3297 1610 3333 Dei
1626 3297 1743 3343 (Psat.
1765 3298 1855 3344 xm).
1875 3297 1923 3333 Et
1953 3301 2082 3344 careni
2118 3301 2161 3337 de
2194 3300 2352 3346 Emona,
2373 3314 2433 3340 ca-

1386 3356 1581 3392 strametati
1619 3362 1699 3393 sunt
1726 3357 1763 3393 in
1796 3356 2024 3403 Astonqater.
2047 3359 2245 3404 'trigesima
2272 3364 2431 3400 secunda

1386 3416 1526 3453 mansio
1545 3421 1598 3452 est
1616 3416 1654 3454 in
1676 3416 1914 3463 Astongaber,
1945 3428 2026 3463 quae
2049 3419 2266 3459 transfertur
2282 3423 2318 3460 in
2337 3424 2431 3470 liquo

1385 3476 1463 3512 viri.
1486 3475 1643 3513 Possunt
1673 3475 1752 3516 haec
1772 3475 1871 3522 ligna
1901 3476 1987 3521 viri,
2017 3477 2173 3518 saltuum
2210 3486 2248 3521 et
2266 3483 2430 3522 omnium

1385 3536 1553 3574 arborum
1586 3527 1735 3585 genera,
1768 3537 2034 3577 multitudinem
2066 3541 2228 3586 gentium
2257 3542 2427 3590 figuram.

1382 3597 1463 3634 Huc
1480 3608 1595 3644 usque
1611 3597 1767 3640 solitudo
1785 3597 1926 3638 Pharan
1946 3600 2071 3638 decem
2091 3605 2128 3639 et
2150 3595 2237 3639 'octo
2264 3603 2430 3640 confina

1382 3659 1603 3703 mansiones,
1628 3668 1708 3705 quae
1725 3657 1915 3706 descriptae
1934 3659 1971 3695 in
2003 3661 2180 3708 catalogo.
2199 3661 2236 3700 in
2248 3663 2430 3708 superiori

1382 3716 1512 3770 itinere
1528 3727 1600 3761 nou
1615 3722 1811 3766 ponuntur·
1828 3717 1918 3760 Inde
1934 3720 2097 3767 profectiv
2112 3728 2278 3762 amram
2296 3723 2344 3762 u
2355 3722 2426 3762 da·

1381 3783 1513 3829 senum
1531 3776 1615 3828 *5¹³⁸-
1636 3777 1712 3827 tm
1734 3783 1786 3826 ott
1823 3777 1950 3823 Gades.
1991 3780 2173 3831 Qucum
2204 3787 2457 3831 curante-2
