2540 4016
319 227 388 266 125

741 220 783 256 B.
808 213 976 254 RABANI
1002 210 1150 251 mum
1173 209 1390 249 ARCHIEP.
1415 206 1624 247 flocum.
1649 205 1843 246 omnum
1863 204 1986 244 PARS
2007 205 2038 242 l.

2419 199 2488 238 tu

317 310 348 343 et
369 303 435 340 erit
451 309 581 337 merces
600 301 712 334 vestra
732 293 842 331 multa
856 292 892 327 in
919 288 1003 326 coelo
1021 287 1166 336 (Hateh.
1186 286 1241 335 x).
1274 285 1366 322 item
1385 285 1416 326 A
1435 292 1742 330 unumquemque,
1775 281 1951 318 bonorum
1982 286 2131 325 operum
2163 275 2417 324 primogenita,
2449 275 2488 313 in

316 362 512 402 secundum
529 358 734 406 allegoriam
750 355 818 391 hoc
837 352 915 388 toco
929 349 1013 395 quid
1027 348 1188 396 pignoris
1204 346 1364 401 nomine,

316 424 386 461 nisi
410 420 548 470 peccati
567 415 740 454 consessio
763 413 869 448 datur
886 407 1061 454 intelligi?
1083 406 1214 443 Frater
1230 405 1364 442 etenim

317 489 439 522 noster
455 481 593 520 debitor
610 477 711 515 nobis
738 472 889 510 efficitur
905 498 916 515 ,
948 479 1030 506 cnm
1047 467 1200 516 quilibet
1229 467 1265 503 in
1299 476 1370 503 nos>

316 544 497 592 proximus
535 539 723 583 deliquisse
753 537 987 570 monstratur.
1019 530 1174 566 Peccata
1207 529 1362 575 qnippe,

315 604 432 640 debita
447 607 627 636 vocamus.
641 595 740 632 Unde
753 591 933 639 peccatori
948 601 1053 627 servo
1070 589 1203 625 dicitur
1223 601 1231 623 :
1254 587 1365 623 Omne

315 664 466 698 debitum
481 658 596 694 dimisi
613 657 672 691 tibi
705 654 850 701 (Martia.
880 652 1000 698 xviii).
1037 651 1082 686 Et
1122 651 1157 686 in
1180 649 1364 685 Dominica

313 723 466 770 quotidie
500 719 660 757 oratione
690 723 906 763 precamur:
934 713 1078 748 Dimitte
1108 712 1205 747 nobis
1250 710 1366 745 debita

313 790 442 825 nostra,
464 782 551 817 sicut
594 784 625 814 et
660 788 721 813 nos
753 775 960 811 dimittimus
991 771 1204 808 debitoribus
1238 769 1365 804 nostris

314 844 453 892 (Mutth.
463 843 527 889 w).
538 841 567 876 A
577 840 737 877 debitore
751 842 869 873 autem
882 842 1005 872 nostro
1013 834 1142 881 pignus
1153 832 1363 876 accipimus,

314 905 453 951 qnando
477 905 520 939 al)
545 913 587 938 co
614 901 674 947 qni
701 901 736 936 in
772 898 877 934 nobis
907 905 1078 943 peccasse
1114 892 1363 940 cognoscitur,

314 966 446 1014 pcccati
465 964 540 1010 ejus
568 964 641 1010 jam
671 960 931 998 confessionem
953 962 1144 997 tenemus3
1173 964 1238 1000 per
1256 963 1364 999 qnam

315 1028 474 1063 relaxare
511 1029 719 1071 peccatum,
747 1021 840 1068 quod
876 1021 912 1055 in
945 1019 1050 1055 nobis
1083 1015 1366 1064 perpetrandum

315 1082 833 1132 051,ρο5111111111111.(1010111111
869 1085 1058 1127 peccatum
1088 1077 1185 1124 quod
1216 1076 1365 1112 commi-

314 1148 360 1183 sit
387 1146 516 1181 fatetur
548 1149 582 1179 ct
612 1143 750 1178 veniam
783 1142 898 1188 petit,
933 1142 1009 1188 jam
1025 1138 1127 1185 quasi
1155 1147 1221 1184 pro
1243 1137 1363 1173 debito

1433 341 1605 379 Ecclesiae
1619 340 1757 377 unitate
1777 339 1908 377 debere
1924 348 2082 381 servare,
2100 342 2137 373 et
2162 336 2198 372 in
2219 335 2289 372 fide
2311 333 2489 372 catholiea

1431 402 1607 450 quidquid
1635 401 1720 438 boni
1747 400 1872 447 possit,
1905 399 2106 443 elaborare,
2134 398 2248 434 donec
2266 401 2393 434 octava
2412 395 2491 434 dies

1430 462 1567 504 veniat,
1602 461 1638 497 id
1669 465 1739 503 est,
1761 458 2039 496 resurrectionis
2070 463 2222 504 tempus,
2246 456 2390 503 quando
2406 460 2492 493 ante

1433 522 1589 559 tribunal
1605 521 1738 567 judicis
1768 520 1901 557 Christi
1932 525 2186 567 praesentatus,
2206 520 2383 556 bonorum
2406 527 2491 565 ope-

1433 592 1513 618 rum
1546 581 1870 617 remunerationem
1901 579 1947 616 ab
1975 581 2053 627 ipso
2078 580 2241 626 accipiet.
2271 579 2374 617 Unde
2406 579 2493 616 dicit
2529 591 2532 593 “

1431 642 1651 688 Apostolus:
1677 640 1797 676 Nolite
1827 646 1907 676 ante
1931 646 2064 687 tempus
2085 641 2248 688 judicare
2265 640 2493 688 quoadusque

1432 702 1546 736 veniat
1571 700 1757 743 Dominus,
1787 699 1847 746 qui
1871 707 1903 735 et
1933 699 2147 736 illuminabit
2165 700 2370 736 abscondita
2401 707 2495 736 tene-

1433 763 1591 806 brarum,
1611 768 1640 797 et
1658 760 1895 807 maniseQbit
1911 759 2059 796 consilia
2073 760 2255 803 cordium;
2272 766 2304 795 et
2318 766 2400 796 tunc
2416 759 2495 796 taus

1432 824 1497 859 erit
1527 823 1713 869 unicuique
1745 833 1766 856 α
1792 821 1865 856 Deo
1886 820 1920 867 (1
1937 819 2100 869 Cor.1v).
2136 821 2180 856 Et
2209 821 2321 856 item:
2348 820 2491 867 Omnes,

1432 884 1564 930 inquit,
1599 882 1768 918 stabimus
1804 888 1884 917 ante
1920 880 2075 916 tribunal
2108 880 2266 924 Christi,·
2294 886 2331 917 ut
2349 882 2494 928 recipiat

1432 943 1668 990 unnsquisque
1682 942 1823 988 propria
1835 941 1990 987 corporis
2005 947 2107 987 prout
2127 940 2336 986 9051111ῖεὶ00
2349 941 2490 985 bonum,
2538 936 2540 980 ζ

1431 1007 1500 1042 sive
1514 1004 1645 1040 malum
1663 1031 1671 1039 .
1698 1003 1774 1038 Viri
1800 1003 1911 1038 sancti
1940 1002 2038 1037 eritis
2066 1002 2163 1037 mihi.
2193 1002 2343 1038 Carnem
2372 1013 2449 1049 quoe
2472 1013 2495 1038 (ι
2538 990 2540 993 ’

1431 1068 1545 1103 bestiis
1566 1068 1670 1113 suerit
1687 1072 1912 1114 prtrqusmta,
1941 1076 2011 1100 non
2041 1063 2240 1107 comedetis,
2256 1064 2317 1099 sect
2332 1063 2495 1110 projicie-

1431 1128 1474 1163 tis
1502 1127 1646 1163 canibus
1673 1126 1787 1174 (Rom.
1805 1125 1894 1172 xiv).
1917 1123 2018 1160 Licet
2045 1123 2100 1160 fas
2122 1134 2192 1160 non
2222 1125 2270 1160 sit
2293 1124 2494 1161 secundun·

315 1208 440 1255 pignus
461 1206 567 1241 dedit.
588 1204 687 1249 Quod
708 1204 878 1239 nimirum
897 1203 1026 1249 pignus
1042 1206 1126 1236 ante
1155 1200 1242 1236 solis
1260 1209 1364 1235 occa-
1384 1184 1414 1222 Β
1434 1190 1636 1232 historiam,
1657 1199 1805 1225 carnem
1826 1187 1999 1235 pollutam
2030 1186 2172 1222 bestiali
2196 1187 2303 1222 dente
2320 1186 2496 1223 dilacera-

315 1276 392 1301 511111
414 1265 511 1301 reddi
527 1263 672 1309 jubetur
689 1276 696 1298 z
717 1263 798 1308 qnia
815 1262 1023 1309 priusquam
1042 1261 1078 1296 in
1094 1259 1198 1295 nohis
1220 1268 1285 1305 per
1301 1258 1364 1294 do-

316 1326 426 1362 lorcm
443 1325 560 1361 cordis
578 1323 790 1368 solJ'ustitia:
812 1323 975 1364 occidat,
1006 1321 1177 1356 debemus
1209 1324 1245 1354 et
1277 1327 1363 1354 con-

317 1386 440 1422 sessori
462 1387 600 1421 veniam
626 1386 786 1428 reddere,
810 1396 829 1420 a
857 1394 928 1431 quo
961 1382 1225 1419 consessionem
1263 1388 1364 1415 acce-

316 1447 430 1492 pimus
445 1447 556 1493 culpae
574 1458 581 1481 :
603 1452 641 1481 nt
658 1446 770 1491 quise
789 1445 982 1490 deliquisse
1003 1445 1038 1479 in
1058 1454 1123 1479 nos
1142 1441 1319 1483 meminit,
1343 1450 1363 1475 a

316 1508 415 1543 nobis
435 1508 541 1543 etiam
569 1507 764 1543 relaxatum
797 1507 929 1542 sentiat
962 1505 1055 1551 quod
1092 1503 1254 1549 deliquit.
1289 1501 1364 1535 Diis

316 1580 382 1603 non
397 1569 564 1603 detrahes.
589 1568 765 1612 Quaeritur
791 1576 881 1612 quos
910 1567 1014 1609 deos,
1043 1571 1163 1600 utrum
1184 1563 1365 1610 principes

318 1628 375 1673 qui
402 1627 563 1671 iudicant
585 1627 768 1673 populum,
788 1628 881 1661 sicut
898 1627 1032 1660 dictum
1051 1631 1107 1660 est
1124 1624 1250 1669 Moysi,
1271 1624 1366 1668 quod

320 1686 424 1721 datus
453 1686 569 1720 suerat
589 1685 675 1720 deus
692 1684 881 1727 Pharaoni,
901 1690 940 1719 ut
959 1694 1022 1730 per
1042 1683 1303 1729 expositionem
1320 1682 1367 1718 sit

321 1746 454 1781 dictum
472 1745 565 1790 quod
585 1746 756 1790 sequitur,
773 1745 869 1781 velut
887 1745 1107 1780 ostendendo
1128 1754 1218 1790 qnos
1235 1744 1367 1779 dixerit

320 1806 405 1842 deos
423 1806 483 1842 ubi
503 1807 554 1842 ait
579 1818 587 1841 :
620 1806 664 1841 Et
695 1807 883 1852 principem
917 1805 1034 1852 populi
1066 1817 1135 1841 non
1165 1805 1365 1847 maledices,

319 1867 412 1912 quod
430 1865 572 1901 Graecus
598 1866 730 1902 habet:
752 1865 833 1901 Non
854 1865 945 1900 dices
971 1865 1073 1899 niele.
1093 1863 1148 1899 An
1169 1863 1367 1899 secundum

319 1926 401 1962 illud
419 1926 664 1972 accipiendum
681 1932 750 1968 est,
771 1925 865 1970 quod
881 1924 1074 1968 Apostolus
1089 1923 1140 1957 ait
1158 1935 1166 1957 :
1187 1922 1281 1956 Nam
1302 1922 1367 1956 etsi

319 1994 396 2021 aunt
414 1987 471 2032 qui
498 1986 659 2020 dicuntur
679 1985 740 2024 dii,
775 1984 843 2018 sive
863 1984 900 2017 in
924 1982 1007 2017 coeto
1025 1982 1092 2016 sire
1122 1982 1157 2015 in
1178 1988 1284 2023 terra,
1301 1982 1368 2015 sic-

319 2046 370 2079 uti
394 2051 470 2079 sunt
493 2044 542 2078 dii
569 2043 669 2077 multi
697 2050 727 2077 ee
747 2041 878 2076 domini
907 2041 1020 2075 multi.
1051 2040 1223 2076 Audendo
1249 2045 1367 2075 autem

323 2105 429 2140 sicuti
450 2108 533 2139 sunt
553 2104 638 2139 deos
666 2102 812 2148 intelligi
831 2102 966 2138 voluit:
989 2103 1050 2148 qni
1068 2102 1173 2148 digne
1194 2102 1300 2138 etiam
1319 2101 1371 2137 di-
1390 2088 1419 2129 C

322 2170 465 2201 cuntur.
487 2164 538 2200 lta
557 2174 643 2199 sane
662 2169 702 2198 ut
721 2163 825 2199 latria
857 2173 936 2209 quae
954 2163 1085 2199 dicitur
1103 2163 1241 2205 Graece,
1260 2168 1298 2198 et
1313 2162 1370 2198 in-

324 2230 540 2270 terpretatur
564 2223 691 2259 Latine
708 2224 862 2259 servitus
882 2236 891 2259 ε
923 2224 986 2259 sed
1007 2234 1049 2258 ea
1065 2233 1144 2269 quae
1164 2223 1207 2259 ad
1226 2222 1371 2269 religio-

323 2295 404 2320 nem
435 2285 614 2331 pertinere
644 2284 867 2331 intelligitur,
899 2294 969 2320 non
1005 2284 1177 2319 debeatur
1206 2283 1276 2319 nisi
1308 2283 1371 2318 uni

323 2346 395 2381 Deo
412 2357 509 2388 vero,
526 2347 586 2392 qui
602 2346 703 2382 nobis
722 2353 775 2382 cst
788 2346 896 2382 Deus.
917 2345 968 2381 llli
987 2351 1106 2382 antem
1125 2346 1185 2391 qui
1204 2345 1371 2381 dicuntur

323 2406 383 2449 dii,
410 2406 519 2442 etiam
539 2407 568 2442 si
587 2407 647 2453 qni
679 2413 775 2450 sunt,
797 2407 856 2442 ubi
881 2407 1010 2443 merito
1030 2406 1214 2448 dicuntur,
1243 2406 1370 2451 prohi-

321 2467 385 2502 biti
405 2471 502 2510 sunt,
519 2477 590 2502 non
605 2466 694 2511 jussi
713 2473 796 2503 sunt
823 2466 988 2503 maledici
1005 2478 1014 2509 ;
1037 2476 1103 2502 nee
1124 2471 1245 2501 tamen
1263 2465 1372 2501 sacri-

323 2525 413 2562 ficiis
434 2526 488 2562 vel
516 2527 596 2563 ullis
621 2527 735 2563 latriae
763 2527 956 2574 obsequiis,
990 2527 1173 2563 honorari.
1207 2527 1368 2563 Decimae

321 2592 397 2621 tuas
413 2592 443 2621 et
462 2580 632 2632 primitias
667 2598 734 2622 non
752 2587 906 2622 tardabis
930 2587 1067 2632 offerre.
1094 2585 1368 2632 Primoqenitum

322 2644 471 2690 filiorum
498 2651 635 2680 tuorum
666 2646 764 2681 dabis
794 2646 892 2681 mihi.
919 2645 971 2681 De
999 2646 1108 2681 bubus
1125 2657 1260 2693 quoque
1276 2651 1308 2681 et
1326 2646 1369 2682 de

323 2703 439 2738 oribus
474 2703 631 2739 similiter
662 2705 782 2757 facies,
811 2711 880 2740 etc.
919 2706 990 2752 (Ex
1020 2706 1187 2753 Isidoro).
1220 2706 1369 2743 «iubetur

324 2773 467 2809 quoque
486 2764 577 2800 inter
595 2765 670 2801 haec
699 2765 909 2809 {sraelitico‚
931 2766 1088 2803 decimas
1111 2767 1253 2813 frugum
1283 2779 1368 2804 cun-

325 2829 534 2860 ctarumoue
551 2825 729 2871 primitias
763 2835 882 2861 rerum
901 2825 1032 2862 offerre
1051 2826 1137 2863 Deo.
1167 2827 1368 2873 Spirituali-

326 2889 380 2919 ter
408 2885 538 2930 quippe
566 2885 734 2931 primitiae
771 2884 912 2932 frugum
947 2887 1003 2922 vel
1035 2887 1365 2935 primogenitorum,

325 2942 502 2990 principia
526 2953 675 2990 operum
708 2946 882 2981 bonorum
914 2947 1104 2982 ostendunt
1122 2959 1130 2990 ;
1166 2947 1222 2983 vel
1254 2949 1367 2994 ipsam

327 3004 459 3041 bonam
475 3004 706 3050 voluntatem,
737 3015 814 3052 quae
839 3008 937 3053 prior
953 3013 1008 3043 est
1033 3018 1156 3054 opere,
1179 3018 1286 3054 quam
1305 3019 1368 3055 pe-

324 3062 459 3112 tagtani
490 3066 558 3103 51111
593 3067 779 3103 tribuendo
799 3067 994 3104 offendunt.
1025 3069 1118 3105 Deus
1148 3075 1266 3106 autem
1286 3070 1369 3106 dum

327 3127 390 3166 tna
408 3127 476 3166 sibi
491 3139 512 3165 a
536 3129 638 3165 1101115
651 3129 751 3176 iubet
778 3129 912 3174 offerri,
943 3131 1076 3168 indicat
1096 3132 1140 3168 ad
1160 3132 1271 3179 ipsius
1289 3144 1371 3181 gra-

326 3187 415 3226 unm
430 3188 625 3236 pertinere.
641 3188 680 3225 ln
698 3189 846 3226 decimis
862 3190 983 3236 itaque
999 3191 1071 3228 Deo
1085 3191 1289 3235 offerendis,
1306 3194 1370 3230 de-

329 3247 456 3286 narius
471 3257 640 3286 numerus
657 3248 912 3295 perfectionem
938 3249 1129 3297 significat,
1147 3251 1233 3297 quia
1257 3262 1372 3298 nsque

329 3308 507 3357 adipsum
533 3318 705 3348 numerus
723 3307 877 3355 crescit}
910 3310 992 3348 ideo
1019 3311 1112 3348 sicut
1139 3312 1177 3348 in
1203 3312 1372 3358 primitiis

327 3369 486 3415 primitia
496 3368 733 3415 voluntatum,
747 3370 799 3408 ita
817 3371 853 3408 in
868 3371 1029 3415 decimis,
1049 3372 1372 3410 consummationes

331 3433 533 3466 nostrorum
553 3439 701 3478 operum
726 3431 773 3469 nd
798 3431 913 3468 Deum
931 3430 1069 3468 referre
1086 3431 1330 3478 praeeipimur,
1349 3442 1371 3468 a

330 3494 403 3530 ⁸⁰⁰
417 3487 549 3525 othoni
565 3491 683 3538 operis
714 3491 874 3537 initium,
901 3497 939 3530 et
966 3491 1200 3540 perfectionis
1217 3492 1373 3529 donatur

329 3545 490 3586 01001115.
509 3549 611 3595 Quod
628 3557 749 3590 antem
771 3553 921 3601 jubetur
941 3554 1182 3603 primogenita
1207 3554 1371 3592 animane

328 3605 806 3658 mumolane-im
823 3619 939 3650 11101το
956 3612 1373 3659 5001000010,011οἀ10

331 3665 577 3708 mureti!
604 3668 772 3717 Domino,
799 3673 950 3721 1111011011
966 3674 1101 3722 otgunt,
1133 3673 1172 3712 in
1199 3674 1373 3723 praue-n

460 3823 469 3829 .
965 3789 1376 3840 mm

1219 3898 1377 3951 &⁶:⁷3²

1434 1258 1521 1294 tam,
1541 1251 1677 1288 homini
1706 1250 1835 1286 divinae
1866 1249 1935 1294 legi
1967 1247 2124 1290 subdito,
2151 1253 2277 1283 contra
2304 1246 2419 1293 legem
2435 1257 2497 1285 co-

1433 1315 1590 1356 medere,
1613 1312 1675 1348 5011
1690 1311 1793 1358 quasi
1815 1310 2034 1346 immundam
2059 1314 2243 1355 reputare,
2269 1314 2391 1344 tamen
2407 1308 2496 1345 alle·
2536 1329 2540 1331 -

1434 1376 1556 1423 gerico
1589 1384 1696 1410 sensu
1733 1382 1896 1415 carnem,
1931 1371 2244 1408 conversationem
2280 1371 2492 1414 humanam,

1435 1445 1497 1471 sen
1525 1434 1718 1470 animalem
1750 1433 1952 1468 doctrinam
1978 1431 2179 1476 intelligere
2198 1440 2402 1476 possumus.
2429 1429 2498 1466 Be-

1435 1498 1542 1533 stiam
1559 1506 1659 1538 vcro,
1681 1494 1891 1531 haereticum
1912 1494 1986 1530 sive
2006 1493 2201 1529 diabolum.
2224 1493 2378 1529 Carnem
2395 1503 2495 1536 vero,

1435 1559 1504 1594 hoc
1523 1562 1579 1593 cst
1605 1555 1932 1598 conversationem,
1955 1564 2034 1600 quae
2051 1554 2095 1589 ab
2122 1554 2372 1589 haereticorum
2389 1564 2498 1602 opere

1434 1623 1612 1654 venenato
1641 1617 1811 1659 laniatur,
1845 1615 1901 1651 vel
1925 1614 2100 1650 diabolica
2138 1614 2368 1661 suggestione
2398 1614 2495 1650 dcci-

1435 1680 1546 1727 pitur,
1566 1690 1636 1714 non
1655 1684 1708 1714 cst
1723 1678 1860 1714 licitum
1881 1677 2019 1713 homini
2037 1675 2392 1713 Christianoimitari
2409 1688 2417 1720 ;
2435 1677 2498 1713 sed

1437 1740 1541 1785 quasi
1561 1738 1781 1774 immundam
1802 1737 1979 1782 projicere
1996 1737 2156 1778 canibus,
2176 1737 2243 1773 hoc
2261 1742 2316 1773 est
2331 1736 2498 1785 malignis

1438 1801 1625 1848 spiritibus
1646 1801 1721 1835 sive
1736 1798 1886 1844 paganis
1905 1802 2042 1842 aptam,
2062 1802 2169 1842 atque
2194 1798 2416 1835 consimilem
2437 1798 2499 1834 de-

1437 1867 1577 1907 putare,
1603 1859 1799 1894 secundum
1826 1857 1923 1892 illam
1944 1855 2114 1892 Veritatis
2140 1867 2279 1900 vocem,
2299 1868 2367 1903 qua
2397 1858 2501 1904 jubet

1439 1930 1519 1955 eum
1530 1919 1588 1965 qui
1599 1918 1791 1953 Ecclesiam
1803 1929 1869 1953 non
1881 1917 2047 1960 audierit,
2059 1928 2120 1963 pro
2129 1917 2263 1953 ethnico
2275 1924 2306 1953 et
2315 1918 2498 1965 publicano

1439 1979 1558 2014 haberi
1594 1979 1736 2025 (Mami.
1770 1978 1888 2025 xviii).
1926 1978 1970 2013 Et
2000 1978 2192 2024 Apostolus
2224 1980 2383 2022 mandat,
2419 1992 2498 2027 pec-

1440 2048 1576 2077 cantem
1602 2042 1694 2076 tradi
1714 2039 1856 2075 Satance
1878 2040 1914 2075 in
1940 2041 2117 2075 interitum
2138 2042 2267 2084 carnis,
2296 2049 2333 2077 ut
2356 2043 2496 2089 spiritus

1443 2103 1487 2137 sit
1502 2103 1618 2138 salvus
1644 2103 1678 2136 in
1703 2102 1758 2136 die
1777 2101 1919 2137 Domini
1946 2101 1979 2149 (1
2002 2101 2084 2137 Cor.
2103 2102 2153 2146 v).
2175 2103 2263 2139 item
2293 2113 2356 2149 per
2373 2104 2498 2141 morti-

1443 2163 1606 2199 cinorum
1622 2167 1657 2198 ct
1668 2173 1687 2198 a
1700 2162 1812 2198 bestia
1827 2169 2010 2208 captarum
2027 2163 2188 2199 carnium
2201 2165 2495 2210 prohibitionem,

1441 2233 1632 2270 possumus
1676 2223 1861 2259 advertere
1883 2250 1892 2266 ‚
1931 2234 2002 2260 non
2042 2225 2379 2262 communicandum
2418 2235 2498 2263 esse

1442 2294 1575 2319 mensae
1595 2283 1850 2319 daemoniorum
1868 2283 1939 2326 1115,
1964 2283 2024 2329 qni
2044 2294 2136 2330 pane
2168 2285 2306 2321 coelesti
2326 2284 2496 2322 reficiun-

1441 2349 1514 2386 tur,
1529 2342 1631 2388 juxta
1650 2343 1735 2378 illud
1751 2342 1911 2388 Apostoli
1930 2355 1937 2378 z
1959 2342 2042 2379 Non
2056 2346 2208 2390 potestis,
2226 2346 2353 2392 inquit,
2370 2358 2498 2383 mensas

1440 2402 1582 2439 Domini
1597 2403 1816 2449 participari,
1832 2410 1863 2439 et
1880 2414 2007 2439 mensoe
2025 2404 2279 2440 doentoniorum
2295 2406 2331 2452 (Ι
2345 2406 2426 2442 Cor.
2442 2407 2494 2455 x).

1440 2463 1479 2499 ln
1499 2464 1556 2500 his
1579 2464 1675 2500 0111111
1695 2469 1778 2500 511111
1796 2474 1881 2502 vere
1902 2465 2109 2509 morticina,
2127 2471 2162 2502 et
2183 2476 2203 2502 a
2223 2466 2347 2503 bestiis
2361 2474 2466 2514 capta
2485 2478 2495 2504 :

1441 2523 1527 2569 quia
1545 2524 1641 2559 enim
1661 2524 1768 2560 simul
1803 2530 1964 2569 sanctus,
1997 2525 2104 2561 simul
2137 2532 2257 2562 autem
2282 2532 2319 2563 et
2341 2529 2498 2566 nutritor

1440 2583 1651 2620 substantiae
1672 2589 1819 2628 nostrae,
1838 2584 2072 2631 intelligibilis
2087 2587 2280 2632 praedictus
2306 2589 2409 2635 panis
2426 2594 2495 2634 est,

1439 2655 1507 2682 nec
1532 2646 1686 2692 pollutos
1710 2647 1806 2683 enim
1830 2649 2014 2694 percipere
2048 2649 2223 2698 praecipit,
2257 2661 2342 2689 vere
2370 2663 2496 2691 rursus

1439 2706 1631 2743 mundatos
1648 2707 1832 2752 prohiberi
1855 2719 1927 2744 11011
1944 2709 2044 2753 vult;
2063 2715 2254 2757 utrumque
2275 2713 2372 2748 enim
2389 2713 2495 2760 plane

1439 2771 1475 2801 01
1503 2766 1634 2802 Paulus
1657 2767 1844 2814 praecipit:
1863 2767 2068 2816 Quicunque
2101 2770 2211 2814 enim,
2234 2771 2370 2818 inquit,
2402 2784 2494 2810 com-

1439 2827 1509 2863 edit
1537 2839 1675 2875 panem,
1703 2834 1736 2864 et
1758 2828 1841 2863 bibit
1859 2828 2001 2865 calicem
2011 2828 2152 2867 Domini
2167 2831 2319 2879 indique,
2331 2843 2410 2870 reus
2429 2835 2494 2870 erit
2515 2864 2520 2869 .

1441 2890 1594 2936 corporis
1612 2895 1645 2925 et
1660 2890 1842 2936 sanquinie
1855 2890 1999 2927 Domini
2014 2890 2049 2938 (1
2066 2890 2149 2928 Gor.
2164 2892 2231 2940 xa).
2251 2892 2344 2931 Ecee
2357 2893 2425 2931 iste
2438 2900 2492 2932 051

1439 2950 1596 2995 pollutus
1613 2956 1649 2986 et
1680 2950 1899 2987 immundus.
1934 2950 2038 2988 Hunc
2070 2953 2166 2989 enim
2196 2953 2367 3001 intelligis
2393 2955 2491 3003 0111111

1438 3011 1542 3046 modo
1560 3011 1704 3058 indigne
1719 3012 1981 3057 comedentem,
2003 3023 2023 3049 a
2043 3019 2250 3051 sanctorum
2270 3015 2491 3062 prohibitum

1437 3070 1723 3117 participatione.
1745 3071 1838 3116 Quid
1859 3073 2054 3111 antem-bis
2084 3074 2246 3112 addidit:
2271 3073 2400 3112 Probet
2426 3086 2492 3112 aa·

1438 3134 1505 3164 tem
1520 3130 1671 3176 seipsum
1690 3131 1809 3174 homo,
1829 3138 1862 3168 et
1880 3133 1930 3169 sic
1945 3133 1988 3170 de
2011 3145 2101 3179 pane
2118 3133 2181 3172 illo
2197 3135 2291 3180 edat,
2310 3140 2345 3172 et
2362 3135 2408 3172 de
2431 3146 2492 3172 oa-

1437 3187 1503 3224 lice
1522 3189 1627 3225 bibat.
1650 3190 1719 3234 Qui
1743 3198 1864 3229 autem
1893 3195 2125 3242 semetipsum
2141 3194 2284 3242 wolin,
2301 3194 2334 3232 si
2349 3195 2490 3242 podoni

1437 3247 1507 3284 51111
1525 3250 1693 3286 conscius
1708 3257 1778 3295 est,
1809 3257 1847 3288 et
1873 3254 2104 3299 pollutionem
2128 3255 2260 3293 anima
2288 3263 2330 3294 ιο
2354 3254 2491 3294 hubo-o

1438 3306 1563 3350 sentit,
1582 3309 1732 3353 poenitet
1755 3310 1833 3347 51110
1849 3312 1983 3350 dubio:
2013 3321 2051 3352 et
2077 3320 2161 3363 post
2175 3314 2490 3363 poenifleutltndo

1437 3373 1533 3411 pene
1554 3368 1744 3404 comedere
1764 3374 1801 3406 01
1818 3370 1942 3409 bibere
1966 3384 2092 3413 rursus
2109 3375 2156 3414 de
2171 3375 2287 3414 001100
2306 3375 2489 3418 ΝΜ

1436 3425 1624 3472 impolluto
1641 3433 1771 3474 potest.
2531 3457 2535 3478 1

1487 3485 1572 3524 Non
1585 3488 1753 3535 sumpte·
1766 3500 1881 3526 vocem
1907 3495 2104 3541 mendae-ii,-
2122 3505 2186 3534 neo
2197 3496 2488 3543 *non-an·-
2534 3486 2540 3491 ⁴

1438 3551 1552 3593 uam,
1572 3553 1689 3596 uum
1705 3549 1812 3596 impio
1829 3550 2068 3599 dicasmuta
2089 3553 2489 3604 embamm-
2507 3577 2521 3605 g

1434 3610 1563 3658 um).
1594 3610 1686 3647 111110
1710 3609 1798 3647 item
1825 3613 1999 3660 seriptum
2024 3622 2107 3656 eet:
2134 3612 2498 3659 Mamm

1435 3666 1744 3706 ubo-&tulit
1763 3668 1873 3708 Teate
1891 3670 2502 3724 sumamma*-

1439 3730 1597 3778 oequric
1619 3729 1759 3767 urbm
1775 3730 1823 3768 ad
1847 3728 2493 3784 [mmmitmnrffl=

1430 3920 1479 3972 2⁸-
2276 3927 2347 3970 4·
