2540 4016
0 43 26 118 it
100 91 125 120 ρ,

10 292 167 354 ihtes
186 302 391 350 manipulos
417 302 580 347 veniant,
610 302 672 348 qui
701 302 740 339 in
768 304 972 350 semipsis
1001 313 1099 344 recta

14 364 157 415 thera
170 362 524 412 &husmeremr
542 362 670 407 vitam,
687 363 899 401 ostendunt.

14 436 25 441 “
430 437 585 475 CAPUT
617 438 709 475 Xffl.

16 504 18 509 '
41 500 365 541 &ivonem-emta
389 500 568 546 maqistris
594 506 696 547 atque
717 499 899 547 -ffitdict‘bus
914 502 954 537 in
973 502 1096 548 portis,

48 572 51 573 ν
92 555 124 585 et
142 559 212 584 nou
224 546 437 594 accipiendis
453 547 608 593 personis
627 555 731 595 atque
749 548 968 594 munel—tous,
985 555 1019 585 et
1039 549 1102 596 ju-

92 596 156 633 slis
170 594 317 643 judiciis
340 593 526 639 faciendis.

93 659 212 717 (lun.)
235 679 249 702 ‹
271 667 414 704 ludices
432 673 469 704 et
495 668 687 716 magistros
705 670 906 707 constituas
925 670 963 706 in
987 670 1104 706 omni-

48 741 65 767 «
85 732 153 768 hus
177 730 294 777 portis
325 730 412 773 tuis,
433 740 523 776 quas
546 731 717 768 Dominus
746 732 842 768 Deus
861 738 945 768 tuus
963 732 1102 768 dederit

46 803 64 827 s
85 791 152 828 sibi
168 802 233 837 per
252 791 412 836 singulas
433 792 545 828 tribus
561 797 654 828 tuas.
681 806 695 827 ι
716 792 765 830 Ut
788 793 1020 829 advenientes
1036 803 1103 828 un-

42 852 169 898 daque,
185 852 306 887 statim
332 852 369 887 in
402 852 553 888 introitu
578 852 734 888 civitatis
756 852 898 899 judices
917 857 955 888 et
986 853 1102 898 magi-

42 919 142 953 stros
158 920 305 961 paratos
320 915 517 958 inveniant,
538 925 558 950 a
581 915 712 961 quibus
742 914 840 960 justa
855 912 990 957 judicia
1009 914 1104 949 acci-

46 976 158 1022 piant.
176 976 323 1023 Mysuee
337 981 457 1010 autem
471 975 715 1011 Ecclesia-um
728 974 909 1020 principes
917 974 1101 1018 admonet,

44 1043 87 1072 vut
105 1036 141 1071 in
158 1037 286 1081 portis,
303 1036 373 1072 hoc
386 1043 454 1078 est,
474 1035 719 1080 apostolorum
737 1039 774 1070 et
794 1035 830 1069 in
846 1035 1103 1080 prophetarum

47 1096 152 1134 dietis
167 1095 380 1136 consistant,
399 1095 606 1141 judiciaque
637 1094 733 1140 justa
761 1094 958 1129 secundum
975 1094 1104 1128 divinae

45 1219 253 1260 observent,
263 1216 453 1252 avaritiam
468 1221 636 1258 caveant,
648 1226 693 1251 ne
710 1214 817 1258 sorte,
833 1215 862 1250 si
879 1225 944 1260 per
956 1214 1102 1250 menda-

35 1271 142 1316 cium
159 1277 469 1322 aut-cupiditatem
486 1278 553 1322 ipsi
570 1287 591 1312 a
604 1286 691 1312 vero
706 1276 942 1318 deviaverint,
966 1276 1102 1311 abomi-

49 1339 188 1376 nabiles
207 1348 330 1374 coram
345 1338 460 1375 oculis
475 1339 538 1375 Dei
553 1337 654 1373 fiant.
673 1337 774 1373 Unde
792 1337 974 1382 sequitur:
991 1349 1004 1369 ‹
1024 1336 1102 1372 Non

47 1401 203 1446 accipies
215 1410 407 1446 personam
417 1411 482 1436 nec
495 1409 658 1442 munera,
670 1399 752 1444 quia
764 1408 912 1434 munera
923 1402 1104 1433 excaecant

50 1475 66 1496 ι
93 1462 215 1498 oculos
245 1462 462 1507 sapientum,
489 1467 527 1497 et
552 1467 694 1497 mutant
730 1462 839 1496 verba
870 1460 1064 1505 justorum.
1087 1473 1098 1494 ›

49 1524 126 1560 Non
143 1525 211 1559 hoc
233 1524 320 1559 dicit
340 1524 435 1570 quod
456 1524 632 1559 veraciter
653 1523 834 1568 sapientes
868 1528 903 1558 et
920 1522 1008 1566 justi
1039 1531 1104 1566 per

49 1594 237 1619 munerum
257 1584 489 1628 cupiditatem
501 1584 770 1625 subvertantur,
783 1583 844 1618 sed
865 1583 959 1627 quod
970 1582 1032 1624 illi,
1044 1581 1105 1626 qui

50 1644 220 1680 videntur
235 1643 303 1678 sibi
319 1652 399 1679 esse
414 1643 590 1689 sapientes
605 1650 641 1679 ct.
653 1643 755 1689 justi,
773 1644 902 1689 saepius
922 1647 1103 1679 corruant.

49 1699 208 1750 Aequos
232 1704 405 1750 propbeta
425 1704 575 1750 loquens
603 1705 680 1740 ait:
705 1717 715 1737 t
737 1705 808 1746 Vae,
835 1705 896 1750 qui
927 1704 1107 1749 sapientes

51 1764 138 1799 estis
157 1764 193 1799 in
213 1764 327 1799 oculis
344 1765 472 1799 vestris
488 1791 497 1806 ,
526 1769 563 1799 ct
593 1774 713 1799 coram
743 1764 1007 1810 vobismetipsis
1023 1773 1106 1808 pru-

53 1824 177 1860 dentes
213 1823 309 1870 (Isa.
339 1823 396 1871 v).
417 1838 430 1858 ›
472 1823 563 1859 Hinc
594 1834 656 1870 per
697 1824 911 1870 sapientiam
948 1824 1104 1859 dicitur:

56 1898 70 1919 ‹
93 1885 184 1922 Sunt
205 1886 272 1922 viae
289 1896 369 1932 quae
393 1887 561 1922 videntur
587 1887 631 1922 ab
653 1886 857 1922 hominibus
870 1885 978 1930 justa:
1007 1898 1016 1920 ε
1038 1895 1106 1920 no-

53 1947 198 1982 vissima
216 1953 336 1982 autem
356 1956 481 1982 eorum
496 1947 675 1982 deducunt
701 1956 815 1991 usque
831 1945 875 1981 ad
892 1944 1108 1991 protundum

53 2005 323 2052 ini'et·ni(Prov.
340 2006 405 2052 iv).
431 2019 444 2040 ι
471 2006 561 2042 ilinc
583 2006 748 2042 Salvator
778 2007 814 2041 in
838 2005 1031 2051 Evangelio
1052 2012 1105 2040 ta-

54 2065 147 2103 libus
172 2067 333 2112 loquitur
361 2067 510 2103 dicens:
534 2079 547 2101 (
583 2067 644 2103 Vae
668 2068 791 2111 vobis,
815 2067 875 2112 qui
905 2067 1111 2112 justificatis

56 2139 119 2165 vos
131 2139 254 2165 coram
280 2129 486 2166 homiuibus
505 2141 512 2164 :
535 2130 629 2165 Deus
647 2135 768 2165 autem
797 2130 899 2165 novit
923 2130 1034 2165 corda
1050 2139 1111 2165 ve-

56 2195 132 2226 stra
149 2190 250 2237 (Luc.
279 2191 369 2237 xVi).
394 2204 406 2224 ›
438 2190 529 2226 Nam
548 2191 610 2236 qui
636 2202 720 2227 vere
752 2197 836 2227 sunt
862 2191 1042 2236 sapientes
1078 2195 1115 2226 et

53 2250 165 2296 justi,
182 2260 367 2295 nunquam
400 2257 612 2297 praeponunt
636 2262 695 2287 res
721 2252 877 2287 caducas
896 2251 1041 2286 veritati
1062 2257 1115 2286 at-

55 2321 127 2358 que
142 2309 306 2356 justitiae,
322 2312 385 2347 sed
405 2311 440 2347 in
457 2312 556 2347 omni
589 2318 749 2358 tempore
775 2312 919 2348 student
944 2311 980 2346 in
1000 2311 1113 2356 aequi-

57 2379 134 2410 tate
154 2383 382 2419 permanere.
402 2387 414 2408 ι
447 2373 548 2410 Juste
572 2375 666 2419 quod
683 2374 820 2419 justum
839 2378 896 2409 est
926 2382 1114 2419 perseque-

62 2446 77 2468 ‹
98 2434 162 2477 ris,
180 2439 218 2469 ut
240 2434 343 2470 vivas
365 2440 402 2470 et
420 2434 605 2479 possideas
621 2440 777 2477 terram,
805 2444 913 2479 quam
943 2433 1115 2470 Dominus

64 2507 78 2528 ι
102 2495 196 2531 Deus
210 2501 295 2532 uitis
320 2497 470 2532 daturus
488 2502 543 2532 cst
566 2496 642 2531 tibi.
667 2495 830 2541 »injuste
859 2495 953 2540 quod
979 2495 1115 2539 jtistum

58 2564 117 2594 est
130 2559 351 2603 exsequitur,
369 2559 432 2603 qui
462 2559 506 2594 ad
532 2558 776 2594 defensionem
792 2557 941 2602 justitiae
959 2568 1029 2592 non
1045 2557 1116 2591 vir-

60 2619 149 2655 tutis
166 2619 408 2661 aemulatione,
423 2619 488 2654 sed
521 2629 643 2654 amore
660 2618 798 2664 praemii
823 2618 1030 2664 temporalis
1054 2628 1116 2653 ex-

61 2680 207 2715 citatur.
237 2678 372 2724 injuste
404 2680 499 2724 quod
528 2679 667 2724 justum
695 2686 753 2715 est
783 2679 1018 2724 exsequitur,
1055 2679 1116 2724 qui

61 2741 190 2787 ipsam,
205 2752 313 2786 quam
344 2741 533 2786 praetendit
559 2741 754 2787 justitiam,
787 2741 942 2776 vendere
970 2740 1117 2775 minime

59 2807 221 2838 veretur.
236 2801 336 2837 Juste
353 2812 438 2848 ergo
449 2802 587 2846 Justum
605 2803 768 2847 exsequi,
787 2807 843 2837 cst
861 2802 899 2837 in
918 2802 1118 2838 assertione

58 2860 208 2908 justitiae
222 2863 386 2898 eamdem
403 2862 518 2908 ipsam
532 2862 713 2906 Justitiam
729 2871 903 2908 quaerere.

450 2938 602 2975 CAPUT
629 2937 722 2974 XIV.

65 2999 116 3037 De
129 3011 198 3036 non
217 2999 406 3047 plantando
428 2999 504 3035 luco
529 2999 633 3045 juxta
659 2999 770 3034 altare
789 2999 946 3042 Domini,
965 3010 1023 3034 nec
1043 3005 1115 3034 sra-

111 3049 180 3083 tm's
194 3047 457 3090 constituendis,
488 3057 547 3082 nec
575 3046 764 3082 maculosis
788 3046 1023 3082 artimantibus
1057 3047 1118 3082 im-

108 3094 299 3130 nwlandis.

63 3188 67 3190 ἡ
111 3167 229 3218 (lain.)
254 3179 267 3202 ι
291 3168 369 3205 Non
389 3168 570 3215 plantabis
589 3169 709 3205 lucum
732 3173 768 3206 ct
785 3178 929 3205 omnem
953 3168 1119 3204 arborem

61 3225 82 3264 ἰ
101 3229 206 3276 juxta
226 3229 339 3266 altare
358 3230 500 3266 Domini
520 3230 583 3266 Dei
605 3231 676 3273 tui;
697 3240 763 3266 nec
795 3230 908 3265 facias
926 3229 993 3265 sibi
1013 3234 1120 3273 atque

68 3301 84 3324 t
104 3291 303 3327 constituas
319 3297 582 3338 statuam,quae
595 3291 674 3328 odit
689 3291 863 3327 Dominus
881 3290 975 3326 neus
993 3294 1086 3325 tuus.
1104 3303 1116 3323 ι

60 3346 134 3388 Pet·
151 3351 315 3389 haecDuo
325 3352 555 3389 Testamenta
571 3357 735 3399 amputat
757 3352 985 3389 occasionem
1005 3349 1119 3386 idolo-

65 3410 196 3459 utun,
213 3421 322 3461 quam
342 3419 467 3463 gentes
484 3415 652 3452 solebant
682 3424 803 3461 agere,
824 3414 862 3450 in
895 3413 986 3448 lucis
1004 3418 1041 3447 ct
1057 3412 1120 3447 de-

65 3472 178 3511 tunm
196 3470 389 3514 mera
405 3477 474 3514 sihi
489 3477 766 3518 constituentes,
787 3479 825 3510 et
851 3473 944 3509 idola
964 3472 1120 3507 adoran-

38 3533 135 3573 ''OEB-
151 3535 301 3584 Mystice
314 3541 439 3575 {iuvem
465 3538 570 3585 juxta
608 3538 724 3574 altare
754 3535 838 3571 fidei
858 3533 1022 3581 prohibet
1038 3540 1117 3568 om·-

39 3588 152 3632 ²h1
163 3591 496 3646 Μαίης
509 3598 617 3636 otiosi
635 3597 832 3641 sermonis,
849 3605 913 3632 seu
926 3597 1119 3641 pravonnn

65 3654 232 3704 ΨΜ
245 3665 284 3696 e!
304 3660 577 3698 'obscuritatem
606 3659 817 3708 ignorantiae
849 3662 1030 3699 statutam
1053 3662 1121 3690 nec

62 3708 255 3756 totunm
269 3712 429 3767 mm
441 3715 612 3758 falsitatis
645 3720 759 3766 atque
772 3717 910 3756 erroris
941 3714 1119 3764 permittit

39 3772 217 3831 *penui
230 3768 1036 3820 ΜηΜηΜοὴαηο
1053 3780 1118 3811 ne-

7 138 28 221 l
575 156 859 208 'mnam
879 167 1034 209 sumn
1056 162 1473 215 mmmm
1486 184 1544 208 «ε-
1563 178 1654 218 m
1666 180 1722 218 ι.

11 227 266 293 ''his-'⁰¹⁶
289 241 416 291 (Μ’)-
435 253 455 279 ”
475 241 533 281 Μ
546 249 703 279 Μ
715 243 852 289 (ΝΜ
870 243 998 288 judicu
1014 256 1100 292 1³⁰¹·-
1116 254 1153 295 A
1167 260 1249 289 nus
1264 253 1451 299 plantetur
1465 252 1503 288 tn
1524 253 1671 298 ιοηιο.
1686 251 1825 289 Mun·
1839 245 2205 301 {Quum

1565 19 1623 73 Q

1163 318 1202 348 et
1215 312 1446 350 infructuosae
1463 312 1647 356 sunt,sota
1660 304 2001 353 delectationem-u.
2015 320 2200 364 mm„

1165 367 1272 407 'rates
1289 378 1375 409 sunt
1388 378 1426 408 ct
1441 371 1611 419 gentiles,
1623 371 1687 416 qui
1701 371 1880 408 rationem
1896 382 2000 410 nan
2015 380 2204 419 vei-houm

1164 431 1296 468 decore
1316 438 1549 479 componunt,
1568 438 1609 469 ut
1631 442 1704 468 non
1733 435 1949 469 convertant
1975 443 1998 469 a
2024 436 2093 472 viis
2107 463 2117 480 ,
2146 442 2209 476 καὶ

1166 491 1356 536 delectent,
1375 499 1484 540 atque
1502 494 1704 530 istiusmodi
1735 494 1946 531 seductione
1961 498 2210 541 persuadeant.

1167 551 1240 589 Nos
1256 558 1379 589 autem
1409 555 1605 590 secundum
1636 561 1856 600 praeceptum
1889 553 1956 590 Dei
1978 555 2080 600 juxta
2102 557 2214 594 altare

1167 623 1296 650 nemus
1315 624 1388 650 non
1413 614 1632 661 plantamus,
1653 616 1716 651 sed
1741 616 1839 652 circa
1871 615 2095 652 Dominicam
2111 617 2216 654 tidem

1168 675 1260 710 nihil
1276 674 1521 711 infructuosis·
1533 676 1669 719 verbis,
1691 675 1780 711 nihil
1814 676 2006 712 audientiae
2036 676 2216 713 saecularis

1167 735 1419 772 illecebrarum
1435 737 1696 782 componimus,
1711 738 1774 773 sed
1793 738 1867 774 sola
1881 738 2038 783 puritate
2057 738 2218 774 veritatis

1169 796 1359 832 scientiam
1388 797 1653 842 praedicationis
1692 803 1868 835 tenemus.
1908 798 1983 834 Hoc
2020 808 2148 834 nemus
2184 799 2219 833 in

1168 857 1422 902 praedicatione
1441 859 1626 904 sapientiae
1654 858 1818 904 plantare
1834 859 1972 894 vitabat
2006 858 2218 905 Apostolus,

1169 928 1251 953 cum
1269 919 1412 954 dicebat
1434 930 1442 953 :
1469 931 1480 952 ι
1503 919 1548 955 Et
1562 918 1742 965 loquimur
1760 930 1830 956 non
1847 920 1883 955 in
1903 919 2019 956 doctis
2038 919 2222 966 saptentiae

1170 980 1334 1015 humanae
1353 980 1486 1022 verbis,
1505 981 1567 1015 sed
1588 981 1623 1015 in
1657 981 1820 1016 doctrina
1841 981 1988 1027 spiritus
2015 986 2052 1016 et
2073 981 2218 1016 virtute.

1170 1038 1249 1074 Non
1270 1040 1474 1075 immolabis
1489 1039 1641 1075 Domino
1657 1041 1730 1075 Deo
1747 1046 1809 1076 tuo
1828 1041 1955 1076 bovem
1972 1046 2008 1076 et
2027 1050 2130 1076 ovem
2147 1067 2157 1083 ,
2183 1041 2221 1075 in

1171 1109 1243 1144 quo
1261 1105 1317 1135 est
1335 1099 1487 1142 macula,
1509 1105 1571 1134 aut
1602 1100 1785 1144 quidpiam
1806 1099 1903 1135 vitii:
1924 1100 2009 1144 quia
2039 1100 2223 1134 abomina-

46 1157 136 1204 legis
147 1157 309 1193 instituta
320 1156 468 1202 singulis
478 1155 1102 1201 quibusqueimpendant,veritatem
1120 1148 1152 1187 Β
1172 1159 1222 1195 tio
1241 1165 1296 1195 esst
1314 1159 1464 1194 Domino
1485 1160 1558 1195 1330
1579 1164 1640 1195 100
1664 1159 1699 1204 (J
1718 1159 1799 1194 Cor,
1823 1159 1863 1206 ι),
1893 1172 1905 1193 ,
1928 1159 2080 1195 Omnem
2101 1169 2224 1194 magu-

1169 1220 1242 1254 lam
1258 1219 1415 1265 intellige
1429 1229 1536 1255 omne
1553 1225 1756 1264 peccatum,
1776 1220 1870 1264 quod
1886 1219 2090 1264 ubicunque
2117 1218 2225 1254 fuerit

1170 1282 1372 1324 inventum,
1393 1281 1659 1317 deformitatem
1694 1282 1802 1326 parit.
1835 1281 1879 1315 Et
1900 1281 1979 1316 ideo
1998 1281 2132 1316 oblatio
2152 1280 2223 1315 Do-

1170 1343 1274 1385 mini,
1291 1343 1366 1378 sive
1391 1343 1426 1377 in
1447 1342 1606 1387 quolibet
1634 1342 1775 1378 sortiter
1793 1342 1968 1387 operanti,
1987 1351 2091 1387 quem
2111 1342 2223 1387 signi-

1171 1402 1255 1437 fieat
1281 1403 1361 1445 bos,
1382 1403 1457 1438 sive
1483 1403 1518 1437 in
1555 1402 1784 1447 simplicitate
1807 1402 2013 1444 ambulanti,
2040 1411 2145 1447 quem
2165 1402 2226 1437 dc-

1173 1462 1290 1508 signat
1308 1462 1399 1505 ovis,
1421 1462 1553 1497 honum
1569 1468 1638 1505 est,
1658 1467 1696 1497 ut
1714 1463 1791 1498 sine
1806 1461 1945 1509 peccati
1963 1462 2129 1507 contagio
2146 1461 2222 1503 liat,

1172 1524 1257 1569 quia
1271 1534 1377 1560 omne
1397 1530 1583 1570 peccatum
1600 1525 1822 1560 contrarium
1840 1530 1895 1560 est
1919 1524 2078 1567 veritati,
2094 1533 2130 1559 et
2145 1522 2224 1568 ejus

1173 1587 1328 1623 societas
1345 1597 1415 1623 non
1438 1587 1592 1634 placebit
1609 1587 1770 1632 justitiae.

1572 1663 1722 1700 CAPUT
1753 1660 1830 1698 XV.

1172 1723 1224 1759 De
1238 1725 1403 1768 apostatis
1423 1724 1496 1770 qui,
1527 1723 1637 1758 Deum
1661 1723 1888 1769 relinquentes
1904 1749 1913 1764 ,
1945 1722 2135 1758 servierunt
2156 1720 2225 1759 dtis

1221 1771 1366 1811 alienis:
1388 1778 1417 1807 et
1449 1771 1582 1805 duobus
1604 1770 1652 1805 ve!
1685 1771 1794 1805 tribus
1812 1769 1954 1804 testibus
1974 1769 2008 1804 in
2027 1780 2133 1804 cuasa
2149 1769 2224 1804 sin-

1222 1818 1383 1862 qulorum
1411 1818 1614 1853 adhibendis
1638 1828 1783 1862 semper.

1225 1893 1342 1941 (inin.)
1365 1893 1488 1935 ‹0Cum
1523 1894 1654 1939 reperti
1674 1893 1806 1929 suerint
1829 1891 1922 1939 apud
1942 1898 1977 1928 te
2005 1892 2099 1928 intra
2120 1901 2228 1928 unam

1180 1966 1192 1988 ι
1212 1960 1397 1999 portarum
1420 1960 1577 1997 tuarum,
1596 1965 1685 2000 quas
1710 1954 1883 1990 Dominus
1912 1955 2006 1990 Deus
2031 1959 2111 1989 tuus
2131 1953 2230 1989 dabit

1185 2028 1197 2049 ‹
1224 2016 1303 2059 tibi,
1321 2017 1377 2051 vir
1399 2021 1460 2051 aut
1477 2016 1605 2051 mulier
1621 2016 1680 2061 qui
1703 2014 1837 2051 saciant
1866 2015 2000 2050 malum
2029 2014 2064 2049 in
2084 2023 2233 2059 conspe-

1186 2088 1198 2109 ι
1223 2081 1282 2112 ctu
1303 2076 1444 2111 Domini
1465 2075 1529 2111 Dei
1565 2075 1639 2118 tui,
1678 2079 1712 2110 et
1746 2071 2053 2119 transgrediantur
2089 2076 2232 2118 pactum

1186 2149 1197 2170 ι
1223 2137 1383 2178 iliius‚ut
1395 2136 1529 2171 vadant
1547 2140 1582 2170 et
1600 2133 1760 2170 serviant
1785 2133 1853 2169 diis
1873 2133 2009 2174 alienis,
2026 2137 2061 2167 et
2087 2132 2235 2167 adorent

1186 2211 1198 2231 t
1222 2208 1296 2241 eos,
1320 2203 1355 2233 et
1370 2197 1493 2232 lunam
1514 2202 1550 2232 et
1564 2206 1708 2231 omnem
1731 2194 1894 2230 militiam
1913 2194 1993 2230 coeli
2012 2220 2021 2236 ,
2058 2203 2135 2239 quae
2165 2202 2234 2227 nou

1187 2271 1198 2290 «
1224 2259 1397 2303 praecepi,
1419 2264 1489 2294 etc.
1514 2270 1526 2291 ι
1546 2257 1635 2292 Tota
1655 2257 1709 2291 lex
1725 2256 1864 2290 Domini
1897 2265 2057 2290 errorem
2076 2260 2111 2288 et
2129 2251 2236 2287 idolo-

1183 2319 1324 2354 latriam
1341 2318 1496 2353 maxime
1528 2319 1747 2358 detcstatur,
1779 2321 1814 2350 et
1833 2315 1962 2359 ubique
1982 2324 2059 2348 eam
2079 2312 2206 2347 evertit
2224 2324 2231 2346 :

1183 2379 1265 2425 quia
1280 2379 1475 2413 maximum
1504 2377 1620 2412 scelus
1641 2382 1695 2411 cst
1711 2376 1869 2410 divinum
1902 2375 2072 2408 honorem
2095 2372 2232 2417 impen-

1184 2440 1268 2474 dere
1288 2442 1473 2479 creatuioe,
1491 2437 1585 2481 quod
1602 2435 1738 2470 faciunt
1754 2434 1916 2480 gentiles,
1938 2433 2012 2467 sive
2028 2432 2135 2467 etiam
2151 2431 2233 2466 mali

1184 2498 1361 2540 catholici,
1383 2497 1443 2542 qui
1464 2496 1548 2531 licet
1582 2494 1794 2530 credulitate
1818 2494 1861 2527 ab
1898 2492 2032 2526 unitate
2068 2491 2234 2526 Ecclesia:

1183 2569 1255 2594 non
1277 2557 1460 2599 recedant,
1482 2561 1601 2590 tamen
1619 2554 1716 2588 vitiis
1738 2553 1848 2588 variis
1873 2553 1981 2587 dediti
2003 2578 2012 2594 ,
2042 2551 2156 2597 magis
2177 2551 2232 2586 in-

1183 2618 1375 2653 veniuntur
1394 2626 1458 2662 per
1478 2616 1709 2662 cupiditatem
1739 2619 1919 2648 terrenam
1939 2612 2076 2648 servire
2090 2611 2230 2647 diabolo

1185 2690 1291 2725 quain
1323 2688 1386 2724 pcr
1418 2678 1592 2712 bonorum
1632 2684 1778 2721 operum
1801 2673 2057 2709 abundantiam
2082 2672 2234 2707 militare

1184 2739 1270 2775 Deo.
1291 2739 1363 2774 llos
1390 2738 1484 2774 enim
1503 2736 1679 2782 lapidibus
1697 2734 1799 2770 obrui
1821 2734 1997 2780 praecipit,
2014 2733 2097 2778 quia
2113 2732 2234 2768 distri—

1186 2808 1243 2837 cta
1274 2799 1451 2836 sententia
1486 2796 1707 2833 damnandos
1744 2804 1823 2830 esse
1855 2794 2042 2839 praevidit:
2067 2803 2079 2826 ‹
2102 2792 2141 2827 ln
2172 2802 2235 2827 ore

1187 2862 1336 2897 duorum
1356 2860 1412 2895 vei
1433 2858 1539 2894 trium
1573 2857 1730 2899 testium,
1748 2855 1903 2901 peribit,
1941 2854 2000 2900 qui
2036 2853 2229 2889 inter-licie-

1133 2939 1170 2979 Β
1188 2927 1258 2957 tur.
1280 2934 1291 2954 ›
1321 2919 1414 2964 Quid
1444 2924 1498 2955 est
1531 2918 1625 2964 quod
1648 2918 1684 2952 in
1702 2926 1764 2952 ore
1787 2916 1939 2951 duorum
1962 2914 2019 2949 vel
2051 2914 2159 2948 trium
2177 2918 2228 2947 tc-

1188 2984 1297 3018 stium
1317 2981 1436 3026 perire
1456 2979 1599 3022 dicitur,
1621 2979 1680 3023 qui
1701 2978 1828 3013 noxius
1860 2982 1928 3018 cst,
1955 2975 2024 3011 nisi
2044 2975 2126 3020 quia
2149 2980 2237 3009 attr-

1187 3043 1380 3080 stationcm
1398 3041 1486 3087 legis
1516 3045 1553 3076 et
1573 3039 1828 3087 proplietarpm
1849 3041 1954 3081 atque
1973 3034 2235 3079 evangeliorum

1187 3114 1267 3141 csse
1283 3102 1519 3142 convincitur,
1541 3101 1600 3146 qui
1622 3100 1750 3135 divinae
1769 3099 1916 3134 culturae
1949 3097 2134 3131 indevotus
2157 3102 2234 3127 esse

1188 3165 1379 3211 reperitur.
1401 3162 1502 3199 Unde
1522 3161 1688 3196 Salvator
1706 3160 1742 3194 in
1756 3156 1949 3202 Evangelio
1968 3155 2018 3189 ait
2035 3163 2045 3187 :
2070 3164 2082 3184 c
2106 3152 2233 3187 Sermo

1189 3236 1295 3272 quem
1313 3225 1453 3261 locutus
1486 3233 1566 3259 sum
1584 3221 1700 3263 vohis,
1720 3220 1794 3264 ipse
1808 3215 1984 3261 judicabit
2009 3221 2088 3249 eum
2119 3212 2154 3247 in
2170 3220 2233 3246 no-

1187 3288 1336 3323 vissimo
1354 3286 1423 3323 dic.
1448 3298 1461 3319 2

1581 3339 1731 3378 CAPUT
1756 3337 1845 3374 XVI.

1190 3408 1293 3453 Quod
1302 3407 1441 3454 judicia
1461 3401 1613 3448 difficilia
1631 3400 1676 3435 ad
1694 3398 1887 3434 sacerdote·
1901 3395 2081 3450 resupina
2103 3397 2187 3436 sint,
2202 3399 2233 3428 et

1332 3451 1424 3499 quod
1444 3448 1674 3486 inobedienta
1698 3450 1807 3481 mono
1824 3443 1997 3491 mutendi
2011 3447 2094 3478 m.

1237 3527 1337 3575 (Car.
1357 3523 1461 3571 xvii.)
1484 3534 1496 3556 ι
1522 3522 1562 3558 Si
1592 3519 1734 3557 difficile
1768 3526 1805 3555 et
1841 3517 2046 3565 ammgtmm
2077 3514 2167 3562 'apud
2197 3519 2233 3549 te

1194 3601 1206 3623 ι
1226 3587 1400 3634 judicium
1419 3592 1499 3620 oese
1511 3581 1739 3629 perspexeris
1755 3579 1852 3615 inter
1864 3577 2077 3625 sanwlnem
2095 3578 2133 3611 et
2147 3573 2234 3610 sah-

1194 3659 1207 3682 «
1226 3647 1384 3695 guinem,
1402 3651 1550 3680 causam
1563 3647 1601 3678 et
1615 3647 1776 3682 causam,
1794 3640 1930 3684 lepram
1943 3641 1980 3673 et
1992 3638 2066 3672 nnn
2081 3633 2232 3680 mmm,

1195 3720 1207 3743 ι
1228 3713 1264 3744 et
1289 3706 1454 3752 judicum
1475 3703 1571 3740 inm
1603 3704 1725 3748 portus
1761 3702 1843 3735 tuas
1873 3694 2007 3734 videris
2028 3692 2141 3732 vem
2170 3697 2233 3728 n-

1195 3782 1210 3806 «
1229 3767 1332 3813 riui,
1353 3774 1461 3813 surge
1492 3766 1532 3802 ct
1565 3761 1720 3800 asmdc
1746 3761 1791 3798 ad
1811 3759 1929 3797 locum
1951 3759 2061 3804 qum
2074 3752 2236 3810 *merit
