2540 4016
41 121 56 157 7
114 132 217 169 sats

118 272 348 316 caman,
367 272 453 317 quia
468 275 593 310 cem
609 276 693 310 erat
705 271 756 308 de
769 281 836 308 ma
854 271 1125 310 mamutio-e
1137 281 1174 310 et

118 336 246 372 nostra
265 331 535 380 redemptionum
566 332 710 379 ivitque
732 332 779 368 ad
805 332 1059 369 dormiendum
1074 333 1175 378 juxta

117 400 293 432 aem
318 393 587 440 manipulorum
600 418 610 436 ,
640 402 722 429 cum
752 392 944 438 complevit
970 393 1175 439 passionem

116 463 222 495 sumt
233 454 341 501 juxta
353 454 562 493 testimonia
577 465 763 492 sacrarum
778 455 1060 503 Scripturarum.
1078 455 1175 493 Unde

116 517 158 554 in
175 517 307 555 eadem
331 521 440 554 nocte
459 526 530 563 qua
549 517 771 561 tradebatur,
804 518 852 554 ad
881 517 1075 564 discipulos
1097 519 1172 554 ait:

105 576 237 641 ‘fitius
251 577 402 614 hominis
421 577 526 621 vadit,
546 579 634 613 sicut
650 579 816 625 scriptum
828 584 879 614 est
894 578 1014 614 ticillo
1030 577 1173 625 (Macen.

98 637 233 731 quw).
257 637 304 674 Et
322 637 430 674 alibi:
453 639 630 685 quoniam,
655 639 786 686 inquit,
809 650 944 675 necesse
967 645 1018 675 est
1041 638 1176 684 impleri

117 698 236 734 omnia
252 708 331 744 quae
348 698 478 744 scripta
494 705 574 734 sunt
589 700 627 734 in
642 699 714 746 leqe
733 705 767 735 et
781 700 968 746 prophetis,
986 705 1017 735 et
1033 699 1176 746 psalmis

115 760 161 796 de
190 771 245 796 me
270 759 371 806 (Luc.
400 759 516 807 xxw).
552 760 617 796 Vel
649 767 748 798 certe
780 762 858 808 eJus
888 761 1048 797 dormire
1073 760 1176 806 juxta

116 833 289 860 acervum
308 823 576 869 manipulorum
596 828 671 867 est,
698 829 835 859 turmas
857 823 1015 859 fidelium
1039 822 1176 857 anima-

117 894 197 919 rum
219 883 257 920 in
278 888 395 919 morte
416 894 482 919 sua
511 884 554 920 de
584 884 751 920 claustris
779 885 919 930 eripere
947 883 1172 926 inferorum;

117 943 203 990 quia
220 942 297 990 ipse
313 949 506 990 postquam
524 944 560 979 in
576 954 683 980 cruce
699 945 820 984 emisit
834 944 1015 989 spiritum,
1031 942 1176 979 descen-

115 1004 169 1040 dit
195 1004 241 1040 ad
268 1004 430 1046 inferos,
465 1009 589 1047 portas
621 1004 754 1039 mortis
785 1001 985 1047 confregit,
1022 1003 1176 1048 indeque

116 1062 345 1108 triumphans
363 1062 565 1097 resurrexit
596 1062 633 1096 in
666 1061 791 1108 gloria.
829 1062 883 1097 Ad
910 1062 1019 1098 istum
1043 1063 1175 1098 lectum

51 196 53 199 .
874 132 1111 173 mum.
1135 135 1183 174 ΙΝ
1203 136 1380 178 mm
1402 141 1544 180 Rura.

118 207 298 257 W,
327 213 361 244 a
388 206 467 254 {pu
491 206 654 246 ahian
670 209 893 256 puniam&
914 210 1021 246 idm.
1043 210 1277 256 FaetusAet
1304 219 1481 264 nemeis
1504 219 1734 269 (hamur).
1765 220 1813 258 Et
1839 220 1948 264 hu:
1978 228 2109 276 Peme,
2134 233 2276 272 ffli-

1238 277 1354 344 vebia,
1380 281 1804 326 memma-tatu,-
1825 282 2273 337 mammo-n·-

1241 395 1281 430 in
1295 397 1431 434 non-tue
1447 409 1523 435 meo
1537 401 1633 436 dabit
1649 400 1743 436 vobis
1759 399 1879 448 (lo-n.
1895 406 1984 450 m).
2006 404 2178 457 m
2190 422 2277 461 “3⁰

1243 453 1336 490 fides
1364 455 1471 500 plena
1497 457 1656 501 postulat
1684 458 1877 496 salubriter
1892 463 2060 507 petentis,
2084 464 2279 515 benignius

1245 516 1408 551 coneedit
1426 519 1556 553 summi
1574 519 1768 565 largitoris.

1292 575 1365 612 Scit
1395 578 1488 613 euim
1515 579 1624 614 omnis
1651 579 1810 626 populus,
1841 582 1901 628 qui
1928 582 2060 619 habitat
2088 586 2180 623 intra
2202 598 2280 635 por-

1243 641 1298 671 tas
1335 636 1430 672 urbis
1472 648 1558 673 meae
1578 665 1588 682 ,
1631 639 1808 676 mutierem
1845 647 1878 677 te
1916 653 1989 679 esse
2021 644 2184 689 vin-eiu
2223 659 2283 686 nec

1244 697 1359 732 abnuo
1399 708 1453 733 me
1485 699 1725 746 pmpinquum.
1757 700 1825 737 Sed
1855 708 1906 738 est
1940 702 2032 739 alius
2065 715 2119 741 me
2146 708 2281 754 propin-

1243 757 1372 803 quior:
1402 758 1536 804 quiesce
1565 760 1630 795 hac
1652 768 1759 805 nocte,
1797 768 1829 797 et
1864 763 1959 808 [sicto
1987 774 2087 800 mne
2114 767 2146 801 si
2169 774 2202 802 te
2231 779 2285 804 ro-

1245 818 1349 854 !uerit
1376 821 1639 866 propinquitatis
1653 823 1737 868 jure
1758 824 1916 867 retinere,
1936 824 2019 860 bene
2044 836 2097 861 res
2122 835 2199 862 acta
2222 835 2283 864 at.

1246 879 1287 915 Si
1318 886 1433 915 autem
1460 880 1518 917 ille
1553 882 1714 926 noluerit,
1741 895 1802 930 eqo
1831 891 1862 920 te
1896 885 2022 932 ubsque
2053 886 2126 922 ulta
2152 888 2287 924 dubita-

1245 942 1336 975 tione
1363 942 1561 988 suscipiam.
1591 943 1706 979 Portae
1728 945 1828 981 urbis
1851 944 1981 982 Christi
2003 951 2085 982 sunt
2106 947 2287 993 propheta:

1245 1007 1281 1036 et
1314 1003 1490 1046 apostoli,
1531 1003 1575 1040 de
1604 1005 1732 1049 quibus
1763 1005 1948 1043 Psalmista
1978 1016 2022 1042 ex
2046 1017 2198 1054 persona
2224 1007 2287 1044 Ec-

1246 1061 1363 1097 elesiae
1394 1063 1574 1098 ait:Milii
1605 1072 1721 1099 autem
1751 1066 1927 1101 adhoerere
1956 1066 2029 1102 Deo
2061 1066 2185 1102 tonum
2214 1072 2285 1111 est,

116 1122 372 1169 Redemptoris
398 1123 513 1158 nostri
540 1123 750 1168 properavit
780 1123 943 1159 Ecclesia
959 1150 968 1166 ,
1003 1129 1039 1159 et
1061 1124 1178 1160 disco·
1195 1109 1228 1151 Β
1245 1112 1372 1166 fiditer&
1401 1121 1438 1154 in
1458 1121 1607 1156 Domino
1634 1123 1706 1156 ⁰2⁰
1738 1134 1831 1168 spem
1864 1135 1996 1168 meam,
2023 1131 2060 1160 αἱ
2090 1127 2288 1161 annuntiem

115 1188 242 1231 operto
262 1194 282 1219 a
299 1183 454 1229 pedihus
470 1183 548 1228 ejus
567 1183 691 1228 pallio,
711 1183 780 1218 hoc
798 1188 866 1225 est,
886 1182 1045 1218 revelato
1063 1183 1106 1218 de
1124 1183 1179 1218 in-

115 1248 329 1285 carnatione
342 1247 420 1293 ejus
435 1250 677 1288 sacramento,
688 1244 774 1280 illuc
786 1255 824 1280 se
839 1244 1024 1280 humiliter
1037 1245 1178 1280 veniam

117 1308 344 1356 deprecando
365 1312 402 1342 et
419 1307 570 1343 salutem
590 1306 784 1352 quaerendo
800 1304 1009 1351 prostravit.

165 1369 211 1404 Ec
231 1380 307 1405 ecce
329 1374 428 1404 nocte
452 1368 525 1413 iam
548 1367 662 1403 media
683 1368 819 1414 expavit
843 1367 961 1409 honio,
982 1371 1014 1400 et
1034 1371 1175 1401 contur-

118 1433 220 1469 batus
238 1437 301 1476 est,
323 1432 474 1478 viditque
493 1430 674 1466 mulierem
694 1430 870 1476 jacentem
891 1429 935 1464 ad
959 1428 1060 1474 pedes
1080 1438 1174 1470 suos,

117 1498 151 1529 et
168 1493 217 1528 ait
235 1491 290 1528 itti
305 1503 316 1528 .·
337 1491 424 1534 Quae
438 1492 500 1527 es?
518 1491 658 1538 Illoque
676 1490 854 1536 respondit
869 1499 880 1524 :
898 1489 973 1536 qu
992 1500 1068 1524 sum
1083 1488 1176 1523 Ruth

118 1552 251 1588 ancilla
277 1557 366 1594 tua;
398 1552 557 1598 expande
583 1550 731 1597 pallium
759 1556 856 1585 tuum
882 1561 986 1596 super
1007 1548 1176 1594 famulam

119 1618 240 1657 tuam,
264 1614 347 1659 quia
373 1613 589 1659 propinquus
614 1623 662 1647 es.
697 1611 790 1655 Quid
809 1610 975 1656 estquod
1000 1610 1034 1645 in
1059 1609 1178 1645 media

119 1681 226 1713 nocte
245 1676 354 1712 homo
371 1675 430 1712 hic
447 1675 572 1711 videns
589 1675 777 1710 mulierem
795 1674 959 1719 expavit,
985 1672 1055 1708 nisi
1083 1671 1176 1718 quod

120 1737 256 1773 mundo
274 1736 432 1772 tenebris
449 1745 613 1771 errorum
634 1734 807 1777 involuto,
825 1734 990 1770 Christus
1007 1732 1178 1768 Ecclesiae

119 1803 203 1844 post
221 1798 302 1834 tidei
323 1797 517 1833 adventum
537 1796 688 1832 celerem
714 1795 918 1831 mirandum
939 1792 1041 1829 nobis
1058 1796 1179 1827 osten-

121 1860 174 1896 dit
192 1872 199 1895 ε
224 1859 319 1895 unde
336 1858 469 1905 legitur
485 1858 561 1904 ipse
580 1856 703 1892 mirari
722 1856 756 1891 in
776 1854 1000 1891 centurionis
1018 1852 1100 1893 fide,
1117 1851 1178 1896 qui

118 1921 366 1968 praefiguravit
395 1918 683 1956 incredulitatem
714 1916 836 1963 populi
865 1914 1009 1962 gentilis
1033 1911 1176 1959 (Manli.

118 1981 225 2027 v111);
255 1992 330 2017 non
350 1981 446 2026 quod
466 1980 542 2026 ipse
561 1979 663 2024 quasi
694 1979 867 2023 ignorans
890 1975 1024 2020 aliquid
1046 1982 1177 2008 novum

120 2042 407 2087 obstupesceret,
427 2040 490 2075 sed
510 2044 551 2074 ut
569 2038 689 2074 omnia
709 2038 828 2073 sciens
848 2036 952 2072 nobis
973 2035 1178 2070 mirandum

122 2102 331 2139 ostenderet
351 2101 388 2137 in
407 2099 477 2136 fide
497 2099 676 2146 gentium,
702 2099 797 2144 quod
820 2098 913 2142 apud
935 2107 1019 2133 eum
1032 2087 1180 2141 'semper

120 2161 232 2199 fiebat
244 2165 396 2196 eertum.
417 2158 512 2193 Vidit
529 2158 710 2192 mulierem
721 2162 894 2202 jacentem
909 2155 956 2190 ad
969 2154 1071 2201 pedes
1085 2163 1178 2195 suo-5,

121 2222 207 2269 quia
223 2219 425 2256 Ecclesiam
445 2217 708 2254 incarnationis
726 2226 799 2252 suae
818 2218 1085 2250 sacramentum
1106 2213 1176 2248 hu-

122 2283 258 2320 militer
283 2279 451 2318 venerari
478 2278 679 2324 conspexit.
715 2276 800 2321 Quae
832 2280 929 2312 esset
945 2301 954 2317 ,
989 2265 1177 2320 quiesivit;

124 2344 209 2390 quia
225 2341 304 2388 ejus
322 2339 585 2387 professionem
605 2337 792 2384 expetivit.
813 2335 859 2371 At
877 2335 936 2371 illa
953 2333 1102 2381 pallium
1122 2341 1181 2368 su-

124 2414 190 2451 per
208 2414 248 2440 se
264 2401 418 2449 expandi
446 2399 664 2447 postulauit,
694 2397 776 2444 quia
801 2396 878 2441 ejus
897 2394 978 2431 fidei
998 2403 1040 2430 ac
1058 2398 1178 2440 prote-

125 2463 258 2500 ctionis
275 2462 428 2509 gratiam
447 2465 529 2496 ante
545 2458 667 2495 omnia
684 2456 916 2493 desideravit.

172 2523 219 2559 Et
237 2522 324 2558 iile:
345 2521 554 2561 Benedicta,
582 2518 718 2564 inquit,
747 2527 782 2552 es
807 2515 902 2561 filia,
931 2514 1014 2561 quia
1032 2513 1182 2560 priorem

125 2584 402 2623 misericordiam
417 2581 608 2629 posteriore
623 2578 811 2625 superasti,
830 2577 912 2623 quia
929 2586 998 2610 non
1013 2585 1048 2610 es
1067 2578 1183 2609 secuta

125 2646 266 2692 iuvenes
287 2653 455 2690 pauperes
475 2641 545 2676 sive
564 2640 698 2675 divites.
726 2637 811 2673 Noli
831 2648 911 2683 erqo
932 2641 1103 2676 metuere;
1124 2633 1183 2669 sed

127 2702 296 2752 quidquid
313 2701 444 2738 dixeris
458 2699 557 2742 mihi,
574 2698 701 2745 faciam
716 2697 790 2733 tibi.
811 2696 897 2741 Quae
913 2695 1061 2741 pallium
1078 2703 1185 2740 super

129 2774 168 2802 se
187 2762 341 2809 expandi
362 2760 582 2808 postulavit,
617 2758 902 2795 benedictionem
925 2756 1088 2802 accipere
1106 2765 1184 2791 me-

129 2825 229 2861 ruit:
258 2823 343 2870 quia
368 2820 533 2868 quisquis
558 2819 711 2866 gratiam
732 2817 815 2854 fidei
833 2817 990 2864 pleniter
1010 2816 1184 2863 percipit,

129 2884 420 2922 benedictionem
441 2882 616 2917 virtutum
636 2879 852 2926 spiritalium
872 2878 1008 2925 pariter
1026 2875 1188 2923 posside-

131 2947 198 2983 bit.
234 2943 418 2987 Priorem,
447 2942 586 2990 inquit,
615 2940 892 2978 misericordiam
915 2938 1104 2986 posteriore
1125 2948 1184 2971 su-

131 3005 262 3053 perasti
275 3032 285 3049 ‚
319 3004 404 3051 quia
435 3013 507 3038 non
538 3013 572 3038 es
601 3007 719 3038 secuta
748 3001 893 3047 juvenes
923 3009 1090 3046 pauperes
1119 2997 1187 3032 sive

133 3067 269 3102 divites.
304 3063 412 3100 Prior
438 3061 687 3100 misericordia
715 3066 818 3104 erat,
851 3059 947 3106 quod
973 3056 1187 3103 sibimetipsi

135 3124 328 3163 consulens
363 3134 508 3161 errores
543 3123 756 3160 idololatriae
794 3120 965 3158 deseruit.
1004 3117 1189 3155 Posterior

135 3184 384 3222 misericordia
401 3189 459 3220 est
474 3184 570 3229 quod
588 3189 779 3229 postquam
801 3180 845 3217 ad
864 3179 1048 3216 Christum
1069 3177 1187 3220 venit,

136 3250 350 3283 constanter
366 3244 405 3280 in
422 3242 501 3290 eius
519 3243 589 3279 fide
606 3241 866 3289 perseveravit.
890 3239 973 3275 Non
990 3250 1039 3282 es,
1062 3237 1193 3283 inquit,

138 3309 258 3342 secuta
269 3303 417 3350 juvenes
432 3312 605 3350 pauperes
620 3302 689 3338 sive
708 3301 844 3338 divites.
870 3298 1025 3335 Juvenes
1042 3296 1198 3344 appellat

141 3364 332 3402 hmuoos
358 3363 437 3399 sive
459 3361 727 3404 schismaticos,
757 3360 821 3406 qui
849 3369 921 3394 non
951 3357 1196 3393 maturitatem

140 3425 219 3463 veri
246 3423 390 3461 consilii
418 3418 578 3467 liabent,
609 3421 672 3458 sed
692 3429 836 3466 semper
853 3416 1054 3459 instabiles,
1076 3415 1197 3451 varios

141 3496 287 3524 errores
301 3489 515 3531 sequuntur.
534 3481 611 3521 Hos
626 3492 712 3530 ergo
728 3479 887 3517 Ecclesia
907 3477 1004 3514 nullo
1021 3474 1127 3513 modo
1143 3480 1198 3511 est

144 3552 290 3590 seona,
320 3544 407 3593 quia
423 3549 573 3580 omem
594 3541 786 3590 perfidiam
811 3537 1063 3576 haereticorum
1090 3539 1198 3582 atquc

145 3604 333 3642 lascivum
350 3601 583 3652 peccantium
598 3605 661 3637 αι
675 3599 894 3638 nhmninata.
923 3593 1115 3642 Quidquid,
1135 3592 1198 3635 ait,

146 3665 281 3704 atun-
301 3665 413 3710 m,
441 3663 571 3712 faciam
597 3658 674 3696 tm.
706 3658 845 3697 'diter
875 3663 913 3696 et
942 3657 979 3694 in
1010 3652 1200 3700 Evangelio

150 3723 538 3774 mancipetis
549 3721 627 3762 suls
642 3719 788 3760 lemn·
801 3724 878 3764 m,
903 3717 1052 3756 dicens:
1074 3711 1197 3757 Petite,

1249 1189 1366 1213 omnes
1387 1178 1506 1214 laudes
1531 1186 1609 1214 tuas
1631 1181 1667 1214 in
1686 1182 1794 1225 portis
1814 1182 1896 1218 filiae
1923 1182 2008 1218 Sion
2025 1180 2136 1230 (Psat.
2163 1184 2287 1230 Lxxn).

1250 1237 1333 1273 Sive
1350 1244 1460 1283 portae
1474 1245 1556 1274 suut
1577 1238 1687 1284 ipsius
1706 1240 1804 1275 urbis
1819 1240 1931 1276 divini
1951 1241 2046 1284 libri,
2063 1252 2213 1288 quorum
2228 1243 2290 1278 do-

1247 1303 1414 1332 cumento
1449 1298 1493 1332 ad
1524 1298 1628 1333 iidem
1659 1299 1870 1334 catholicam
1903 1300 2126 1336 luti-avimus.
2166 1302 2290 1337 Sciunt

1246 1366 1331 1403 ergo
1349 1367 1485 1401 omnes,
1515 1359 1574 1404 qui
1593 1358 1695 1402 juxta
1710 1359 1774 1395 has
1800 1366 1922 1405 portas
1953 1361 2166 1404 inhabitant,
2199 1363 2290 1398 lianc

1245 1416 1433 1453 mullerem
1451 1427 1529 1453 esse
1548 1419 1705 1461 virtutis,
1727 1419 1810 1464 quia
1836 1420 1995 1455 omnium
2023 1419 2178 1456 fidelium
2206 1430 2288 1456 eor-

1247 1477 1350 1514 dibus
1386 1479 1452 1514 hoc
1484 1479 1634 1515 firmiter
1664 1489 1873 1524 persuasum
1907 1485 1974 1521 cst,
2007 1480 2101 1525 quod
2129 1479 2291 1516 Ecclesia

1246 1539 1406 1585 gentium
1426 1540 1599 1575 virtutum
1619 1549 1686 1585 ope
1715 1540 1891 1576 ditissima
1909 1540 1955 1575 sit
1982 1540 2024 1574 de
2042 1550 2112 1585 qua
2142 1540 2290 1576 muliere

1247 1598 1283 1633 in
1297 1598 1500 1635 Proverbiis
1522 1599 1572 1634 ita
1590 1599 1762 1645 scriptum
1780 1605 1835 1635 est
1851 1611 1859 1634 ε
1877 1599 2058 1634 Mulierem
2074 1598 2195 1643 [ortem
2212 1599 2289 1644 quis

1245 1659 1419 1694 inveniet?
1435 1658 1565 1694 Procul
1585 1665 1616 1694 et
1633 1659 1675 1694 de
1695 1658 1826 1694 ultimis
1841 1658 1965 1703 finibus
1985 1658 2130 1702 pretium
2145 1660 2233 1702 ejus,
2253 1662 2290 1691 et

1247 1723 1388 1753 caetera.
1429 1718 1530 1754 Unde
1555 1722 1591 1753 et
1623 1718 1796 1754 doctrinae
1825 1717 1900 1762 ejus
1932 1716 2096 1757 claritas,
2132 1714 2289 1751 scientia:

1247 1778 1467 1824 magnitudo,
1485 1778 1566 1814 [idei
1579 1778 1725 1820 veritas,
1746 1778 1921 1814 bonorum
1935 1785 2081 1821 operum
2097 1774 2212 1820 copia,
2228 1783 2292 1818 pa-

1250 1841 1382 1876 tientiae
1419 1842 1641 1883 constantia,
1674 1844 1710 1876 et
1743 1839 1930 1876 charitatis
1958 1837 2130 1884 perfectio
2161 1836 2292 1881 ubique

1247 1902 1474 1946 praedicatur.
1495 1902 1587 1946 Quid
1609 1906 1663 1937 est
1683 1906 1817 1942 autem,
1838 1899 1931 1944 quod
1949 1898 2040 1934 Booz
2061 1896 2120 1932 hic
2133 1904 2203 1931 non
2226 1894 2290 1930 ab·

1249 1963 1340 2004 nuit,
1367 1972 1405 1998 se
1437 1962 1532 1997 Ruth
1562 1971 1641 1997 esse
1666 1960 1918 2006 propinquum,
1940 1958 2002 1994 sed
2026 1957 2135 1992 alium
2163 1953 2293 1991 asserit

1249 2021 1317 2056 sibi
1344 2031 1423 2056 esse
1448 2020 1764 2066 propinquiorem?
1791 2019 1976 2063 Quomodo
2002 2026 2089 2062 ergo
2116 2014 2208 2050 alius
2238 2018 2293 2049 est

1247 2082 1481 2127 propinquior
1493 2082 1672 2123 Ecclesiae,
1689 2091 1798 2126 quam
1812 2080 1975 2116 Christus
1989 2078 2051 2123 qui
2062 2081 2169 2122 caput
2180 2074 2291 2120 ipsius

1249 2142 1326 2176 est?
1346 2140 1416 2176 Sed
1434 2142 1511 2176 haec
1526 2140 1775 2185 propinquitas
1789 2137 1984 2174 secundnm
2000 2134 2210 2180 mysterium
2223 2141 2295 2168 non

1250 2203 1296 2238 ad
1323 2201 1572 2247 cognationem
1606 2200 1762 2246 generis,
1787 2199 1849 2234 sed
1880 2198 1924 2233 ad
1951 2206 2088 2233 moram
2114 2193 2294 2240 temporis.

1248 2262 1319 2297 iste
1343 2262 1438 2296 enim
1469 2261 1690 2305 propinquus
1709 2258 1920 2303 intelligitur
1946 2267 2026 2292 esse
2050 2254 2206 2290 Ioannes
2229 2254 2295 2290 Ba-

1248 2323 1368 2369 ptista,
1388 2321 1450 2366 qui
1465 2320 1659 2366 putabatur
1672 2329 1691 2354 a
1705 2317 1836 2354 Judaeis
1847 2325 1925 2352 esse
1941 2315 2103 2352 Christus
2118 2313 2238 2362 (Joau.
2250 2314 2292 2360 ι),

1249 2383 1311 2419 sed
1339 2381 1397 2417 ille
1424 2380 1491 2417 sibi
1519 2389 1649 2416 nomen
1683 2377 1805 2424 sponsi
1837 2374 1933 2412 nullo
1961 2374 2067 2410 modo
2088 2372 2293 2418 usurpavit;

1250 2445 1335 2491 quin
1353 2442 1472 2490 potius
1491 2441 1576 2478 illud
1601 2449 1686 2476 vero
1707 2448 1837 2485 sponso
1852 2434 2107 2474 venerabiliter
2130 2442 2294 2469 reserva·

1248 2505 1313 2547 vit,
1325 2504 1446 2540 dicens
1460 2515 1467 2522 ·
1479 2501 1548 2545 Qui
1561 2500 1662 2535 habet
1674 2508 1850 2544 sponsam,
1862 2506 2006 2543 sponsus
2020 2499 2083 2538 est,
2094 2493 2224 2529 amicus
2236 2502 2296 2528 au-

1252 2571 1319 2601 tem
1340 2563 1469 2610 sponsi,
1498 2557 1555 2607 qui
1575 2565 1643 2595 stat
1668 2565 1699 2594 et
1728 2557 1826 2594 audit
1854 2566 1966 2592 vocem
1984 2565 2059 2598 ejus
2077 2550 2197 2600 (toan.
2221 2549 2292 2596 ιιι).

1251 2623 1489 2671 Propinquior
1507 2621 1603 2656 enim
1624 2623 1700 2655 erat
1717 2614 1883 2660 loannes,
1899 2614 1980 2661 quia
1999 2613 2034 2649 in
2054 2611 2186 2648 mundo
2197 2609 2296 2657 prior

1251 2691 1360 2728 natu;
1380 2685 1455 2726 scd,
1472 2683 1549 2729 ipso
1567 2684 1740 2717 renuente
1758 2676 1978 2715 consortium
1995 2671 2165 2720 conjugii,
2187 2680 2293 2717 spon-

1254 2757 1330 2783 sam
1362 2754 1462 2781 suam
1486 2753 1591 2778 verus
1624 2739 1764 2786 accepit
1789 2745 1952 2784 sponsus.
1989 2733 2080 2770 Sunt
2109 2731 2169 2778 qui
2200 2730 2295 2766 hune

1255 2806 1494 2853 propinquum
1518 2805 1632 2849 ipsum
1651 2800 1865 2846 Decalogum
1885 2797 1973 2843 legis
1994 2793 2141 2839 intelligi
2158 2790 2295 2834 volunt,

1256 2868 1315 2904 hic
1353 2867 1388 2902 in
1423 2875 1466 2900 eo
1502 2862 1690 2899 videbatur
1724 2858 1958 2907 propinquior
1992 2864 2071 2891 esse
2101 2852 2296 2900 Synagogae

1257 2937 1365 2974 quam
1384 2923 1629 2971 Evangelium,
1649 2921 1743 2967 quod
1762 2918 1963 2966 specialiter
1981 2914 2031 2951 illi
2050 2911 2179 2960 populo
2196 2909 2298 2946 datus

1260 2993 1316 3024 est
1335 2995 1399 3033 per
1414 2985 1572 3030 Moysen,
1596 2986 1632 3017 ct
1647 2980 1746 3027 prior
1764 2983 1842 3014 erat
1872 2981 2032 3021 tempore
2051 2981 2157 3020 quam
2172 2970 2296 3018 gratia.

1260 3046 1430 3084 Dormivit
1448 3046 1562 3091 itaque
1578 3042 1623 3077 ad
1646 3039 1747 3087 pedes
1768 3038 1842 3083 ejus
1854 3046 1959 3082 usque
1979 3033 2025 3068 ad
2043 3031 2151 3067 noctis
2171 3029 2299 3063 absces-

1261 3119 1360 3151 sum,·
1381 3106 1599 3152 surrexitque
1618 3108 1798 3147 antequam
1830 3095 1982 3130 hanzines
2006 3102 2042 3126 se
2057 3092 2297 3135 cognoscerent

1261 3175 1396 3205 mutuo.
1434 3163 1608 3202 Dormivit
1639 3159 1733 3194 Ruth
1756 3153 1924 3200 spiritalis
1951 3151 1993 3186 ad
2013 3148 2120 3196 pedes
2144 3145 2295 3190 Christi,

1263 3239 1346 3268 cum
1366 3229 1401 3265 in
1423 3237 1484 3273 spe
1505 3217 1756 3260 incarnationis
1777 3213 1864 3259 ejus,
1885 3211 1978 3248 unde
1996 3209 2063 3246 sibi
2083 3211 2217 3244 certam
2236 3215 2294 3242 sa-

1263 3290 1373 3327 lutem
1401 3283 1566 3323 credebat
1593 3288 1671 3315 esse
1702 3281 1903 3316 venturam,
1927 3270 2027 3317 quasi
2054 3266 2293 3314 requiescens,

1264 3351 1438 3398 patienter
1462 3350 1542 3379 eum
1569 3335 1821 3384 exspectabat:
1839 3337 1876 3368 et
1900 3331 1969 3368 hoc
1987 3338 2092 3375 usque
2115 3325 2160 3362 ad
2186 3321 2293 3359 noctis

1263 3408 1468 3444 abscessum,
1489 3398 1626 3436 scilicet
1639 3403 1751 3442 usque
1765 3392 1810 3428 ad
1827 3389 2055 3428 tenebrarum
2079 3377 2294 3421 infidelitatis

1262 3471 1452 3504 remotum.
1470 3458 1629 3498 Surrexit
1644 3462 1825 3502 antequam
1844 3449 1996 3487 homines
2011 3457 2047 3482 te
2062 3447 2178 3480 mmo
2191 3448 2294 3486 aquo-

1263 3531 1395 3564 :cerem
1407 3535 1420 3569 ,·
1435 3521 1519 3569 quia
1541 3523 1731 3563 antequam
1757 3509 1918 3550 carnales
1941 3504 2067 3548 Judaei,
2083 3511 2148 3551 per
2163 3495 2295 3535 doctr!-

1263 3595 1347 3624 nam
1363 3584 1450 3632 legis
1478 3578 1618 3622 imbuti,
1641 3579 1778 3613 naturae
1796 3579 1867 3608 suae
1886 3567 1969 3616 lura
1993 3565 2084 3602 bene
2105 3563 2296 3607 0090509·

1263 3651 1358 3689 rent‚
1389 3640 1547 3680 Ecclesia
1571 3637 1615 3674 de
1648 3632 1812 3685 gentibus
1842 3628 2051 3667 convocata,
2081 3620 2125 3659 de
2155 3613 2296 3657 martit

1267 3715 1392 3746 somno
1425 3712 1465 3742 se
1493 3697 1690 3742 excutiens,
1714 3689 1868 3734 diluculo
1898 3681 2079 3727 nascentis
2106 3676 2192 3721 nu
2214 3684 2295 3718 m·-
