2540 4016
73 145 119 183 41

718 137 1054 178 COMMENTARIA
1077 136 1124 174 IN
1149 136 1356 175 EXODUM.
1382 157 1430 164 —
1454 137 1545 173 LIB.
1571 139 1600 174 l.

2206 143 2255 183 42

73 213 131 257 'rat
153 228 195 255 ea
215 218 402 263 moritura,
418 227 499 265 quae
514 217 552 254 in
573 224 702 261 campo
727 214 896 258 fuissent,
916 218 956 250 ut
972 215 1050 250 haec
1067 223 1128 250 ac·
1143 222 1181 262 Α
1197 211 1343 259 Moysen
1362 220 1372 247 :
1393 211 1496 248 Intra
1529 212 1576 248 ad
1603 210 1827 250 Pharaonem
1842 223 1855 248 :
1872 215 1949 262 Eyo
1988 220 2081 256 enim
2111 221 2254 267 yravavi

72 280 252 327 cipiantur
268 281 409 323 omnia;
427 277 674 323 intelligantur
692 283 813 313 autem
827 277 986 313 evasisse
999 285 1078 322 quae
1088 276 1126 311 in

72 341 236 378 domibus
262 345 376 383 erant,
393 347 473 384 quae
496 342 691 383 potuerunt
709 337 819 373 etiam
835 348 857 372 a
876 336 1125 374 dubitantibus

71 402 205 450 colligi,
221 407 257 439 et
274 401 311 437 in
326 400 431 437 domo
446 403 582 442 tenere,
604 409 650 435 ne
667 398 761 435 forte
775 409 899 436 verum
919 403 1014 435 esset
1029 398 1126 444 quod

71 461 210 509 Moyses
229 459 417 498 Dominum
449 459 629 495 facturum
657 470 737 496 esse
765 460 1000 506 praedixerat;
1021 464 1058 496 et
1079 469 1125 495 ex

70 520 126 556 bis
149 530 229 557 esse
251 518 290 555 in
317 519 453 565 campis
472 520 604 555 iterum
631 524 810 565 poterant,
836 530 915 565 quae
934 518 1042 555 modo
1062 519 1124 554 ad-

70 585 190 617 monet
203 585 240 616 et
257 581 469 627 congregari
489 580 527 616 in
545 581 683 624 domos,
700 591 745 617 ne
759 580 934 628 grandine
952 580 1125 626 pereant?

68 640 219 689 Maxime
231 640 315 685 quia
331 641 494 686 sequitur
512 641 712 688 Scriptura,
733 647 768 678 et
787 641 874 678 dicit
890 654 898 677 :
923 641 991 685 Qui
1009 642 1125 678 timuit

68 700 203 736 verbum
223 701 364 737 Domini
389 712 566 737 servorum
592 701 808 747 Pharaonis,
832 703 1050 749 conyreyavit
1066 713 1124 748 pe-

66 770 147 795 cora
162 771 227 796 sua
249 761 288 796 in
315 761 449 797 domos.
479 762 549 806 Qui
570 768 686 798 autem
709 774 778 799 non
800 762 947 798 intendit
975 768 1123 798 mentem

65 816 101 854 iit
126 819 265 856 verbum
280 821 437 866 Domini,
454 822 586 858 dimisit
603 833 730 869 pecora
745 833 811 858 sua
837 823 874 858 in
891 833 1026 868 campo.
1047 821 1123 859 Hoc

63 888 150 926 ergo
181 880 260 917 fieri
284 882 426 927 potuit,
461 882 604 927 quando
630 881 742 917 etiam
758 886 922 917 mortem
949 891 1121 926 pecorum

63 939 221 977 minatus
240 946 296 978 est
315 942 426 986 Deus,
446 942 627 990 quamvis,
635 940 671 977 id
697 941 886 987 Scriptura
905 941 1070 978 tacuerit.

449 1013 600 1051 CAPUT
629 1015 750 1051 XVIII.

340 1060 390 1096 De
411 1061 593 1107 yrandinis
611 1062 838 1098 immissione.

1193 283 1255 308 cor
1285 273 1361 318 ejus
1390 278 1422 308 et
1452 283 1630 309 servorum
1659 274 1748 320 ejus,
1775 279 1815 309 ut
1843 275 1965 311 ordine
2010 281 2253 323 superveniant

1194 331 1326 379 (Exod.
1347 332 1404 380 x),
1428 333 1530 380 signa
1552 343 1634 370 mea
1665 334 1744 371 haec
1766 344 1875 380 super
1893 344 1969 379 eos,
1989 346 2062 388 ¹¹.⁰¹¹
2081 339 2135 375 sic
2157 340 2254 377 acci-

1192 391 1362 439 piendum
1381 398 1457 437 est,
1475 399 1647 439 tanquam
1664 404 1755 441 opus
1772 395 1905 431 habeat
1927 395 2023 432 Deus
2041 396 2252 445 cujusquam

1192 451 1341 488 malitia.
1363 451 1436 489 Sed
1454 453 1508 489 si'c
1525 453 1798 501 intelligendum
1814 459 1870 491 est
1886 465 1929 491 ac
1947 455 1978 491 si
1988 455 2135 497 ‚diceret
2150 469 2160 493 ι
2176 458 2252 505 Ego

1193 513 1288 550 enim
1317 514 1461 560 patiens
1481 514 1532 550 sui
1550 526 1659 562 super
1688 525 1769 551 eum
1790 521 1827 552 et
1854 526 1979 553 servos
2012 517 2090 565 ejus
2109 523 2149 554 ut
2178 530 2252 557 non

1191 583 1254 610 eos
1270 574 1465 619 auferrem,
1480 581 1518 611 ut
1532 576 1659 612 ordine
1669 576 1924 622 superveniant
1942 577 2043 624 signa
2052 588 2132 615 mea
2145 589 2254 625 super

1190 643 1266 669 eos.
1287 634 1364 678 Qua
1383 635 1558 681 patientia
1577 636 1674 672 enim
1692 636 1757 672 Dei
1772 637 1990 673 obstinatior
2009 637 2118 675 fiebat
2135 639 2252 676 malus

1192 696 1349 740 animus,
1365 697 1446 734 ideo
1464 707 1531 744 pro
1549 707 1593 734 eo
1608 698 1692 743 quia
1711 698 1748 734 in
1765 708 1848 734 eum
1866 698 1946 743 fuit,
1967 699 2098 737 dicitur
2109 701 2252 747 gravari

1191 766 1255 794 cor
1272 756 1364 802 eJus.

1581 818 1733 856 CAPUT
1760 819 1854 855 XIX.

1599 880 1650 916 De
1675 881 1832 918 locustis.

1236 939 1335 974 Dixit
1361 945 1478 974 autem
1507 940 1678 976 Dominus
1700 942 1746 977 ad
1770 942 1928 990 Moysem
1948 953 1961 980 .·
1993 943 2154 981 Extende
2174 956 2251 982 ma-

1188 1010 1273 1035 num
1290 1005 1387 1035 tuam
1403 1010 1508 1045 super
1526 1005 1654 1035 terram
1680 1001 1827 1048 AEyypti
1848 1003 1894 1038 ad
1914 1003 2102 1048 locustam,
2134 1012 2173 1041 ut
2190 1016 2249 1042 as-

1189 1060 1311 1096 cendat
1326 1071 1428 1107 super
1442 1071 1520 1096 eam
1535 1071 1547 1097 :
1564 1068 1596 1097 et
1609 1062 1746 1098 devoret
1763 1074 1900 1099 omnem
1915 1065 2057 1101 herbam
2071 1077 2148 1112 quce
2163 1068 2251 1104 resi-

108 1120 154 1155 Et
183 1120 272 1156 dixit
303 1113 475 1157 Dominus
503 1121 550 1157 ad
587 1121 765 1168 Moysen:
795 1122 954 1158 Extende
978 1133 1122 1158 manum
1142 1126 1173 1165 B
1192 1122 1264 1157 dua
1293 1122 1360 1167 fuit
1377 1122 1556 1168 yrandini.
1586 1122 1631 1157 Et
1647 1123 1802 1158 extendit
1825 1123 1964 1170 Moyses
1985 1125 2119 1171 viryam
2145 1138 2250 1172 super

61 1186 157 1216 tuam
176 1181 212 1216 in
233 1181 368 1224 coelum,
389 1187 420 1217 et
444 1182 509 1217 erit
529 1182 662 1229 yrando
681 1183 718 1218 in
740 1183 834 1218 omni
858 1189 953 1218 terra
973 1182 1120 1229 AEyypti

61 1239 191 1288 (Eaeoa.
208 1240 274 1288 ix).
293 1241 385 1278 Ecce
401 1242 534 1277 iterum
550 1241 670 1277 nonin
687 1247 833 1285 terram,
854 1243 919 1279 sed
934 1243 971 1279 in
989 1243 1119 1279 coelum

59 1310 205 1336 inanum
217 1301 364 1347 jubetur
381 1302 589 1346 extendere,
612 1302 705 1338 sicut
723 1303 890 1349 superius
907 1305 952 1340 de
982 1303 1115 1340 favilla.

58 1360 291 1412 Extenditque
320 1362 457 1409 Moyses
487 1364 618 1410 viryam
642 1364 678 1399 in
711 1363 855 1408 coelum,
884 1370 914 1400 et
947 1365 1117 1401 Dominus

58 1422 151 1458 dedit
173 1423 327 1458 tonitrua
346 1429 379 1459 et
407 1423 626 1470 yrandinem,
653 1435 694 1459 ac
718 1424 954 1460 discurrentia
974 1425 1117 1472 sulyura

57 1494 159 1530 super
176 1491 304 1520 terram
313 1497 325 1528 ;
342 1490 378 1521 et
403 1485 555 1530 reliqua.
573 1484 645 1532 (Ex
665 1484 836 1533 Isidoro.)
853 1485 1015 1531 Septimo
1039 1486 1118 1522 loco

59 1554 167 1590 super
186 1544 382 1592 AEgyptum
404 1546 557 1582 verbera
574 1546 725 1581 veniunt
746 1546 790 1581 de
808 1548 988 1591 supernis,
1010 1557 1116 1583 voces

58 1606 196 1642 scilicet
219 1612 255 1642 et
276 1607 448 1650 tonitrua,
469 1612 504 1642 et
524 1608 661 1652 grando
677 1612 712 1643 et
731 1608 823 1654 ignis
838 1608 1054 1645 discurrens.
1077 1609 1116 1646 ln

58 1666 242 1702 tonitruis
259 1667 355 1703 enim
375 1667 639 1713 increpationes
659 1678 702 1704 ac
721 1669 851 1704 divinae
870 1670 1115 1715 correptiones

57 1727 319 1773 intelliguntur,
348 1727 432 1773 quia
465 1738 537 1763 non
561 1738 644 1763 cum
676 1728 819 1764 silentio
849 1729 1032 1773 verberat,
1053 1731 1116 1766 sed

57 1787 118 1823 dat
141 1797 269 1830 voces3
288 1793 325 1823 et
346 1786 566 1822 doctrinam·
582 1788 724 1824 coelitus
755 1788 881 1832 mittit,
913 1799 979 1834 per
1006 1800 1115 1836 quam

55 1847 167 1893 possit
193 1847 335 1892 culpam
366 1857 485 1891 suam,
506 1848 650 1884 coelitus
675 1850 885 1896 castigatus,
916 1859 1116 1896 agnoscere

55 1909 220 1944 mundus.
242 1908 311 1943 Dat
328 1913 364 1943 et
382 1909 607 1955 grandinem,
628 1919 693 1956 per
724 1921 832 1956 quam
852 1915 978 1946 tenera
997 1911 1115 1947 adhuc

55 1974 239 2004 vastentur
269 1971 455 2006 nascentia
477 1971 671 2015 vitiorum;
695 1972 752 2008 dat
774 1977 811 2008 et
831 1973 966 2018 ignem,
995 1972 1115 2010 sciens

1189 1187 1317 1216 terram
1345 1181 1493 1228 AEyypti
1527 1180 1665 1229 (Exod.
1685 1181 1816 1230 xvui).
1843 1183 1916 1231 [Ex
1937 1183 2109 1232 Isidoro]
2145 1185 2249 1229 Quod

1187 1242 1410 1278 locustarum
1426 1247 1554 1278 octavo
1569 1243 1606 1278 in
1626 1242 1705 1279 loco
1722 1242 1763 1278 fit
1780 1244 1931 1288 mentio,
1959 1250 2109 1291 putatur
2128 1256 2149 1282 a
2167 1246 2252 1293 qui-

1186 1302 1352 1347 busdam,
1380 1313 1444 1349 per
1471 1304 1540 1340 hoc
1564 1315 1678 1352 genus
1706 1305 1834 1353 plagae,
1863 1306 2073 1346 dissidentis
2100 1319 2121 1345 a
2140 1320 2179 1346 se
2210 1317 2247 1347 et

1188 1365 1442 1408 discordantis,
1461 1367 1610 1403 humani
1630 1368 2036 1415 generifflnconstantia
2050 1371 2246 1409 contutari.

1185 1426 1264 1462 Alio
1275 1436 1416 1473 quoque
1431 1437 1540 1464 sensu
1554 1428 1704 1465 locustae
1716 1438 1782 1475 pro
1799 1431 2000 1467 mobilitate
2014 1431 2170 1469 levitatis
2190 1443 2251 1470 ac-

1185 1489 1359 1534 cipiendae
1370 1494 1454 1524 sunt
1465 1494 1637 1535 tanquam
1646 1501 1747 1537 vagae
1761 1496 1796 1527 et
1809 1492 1978 1528 salientes
1989 1493 2118 1530 animae
2132 1494 2169 1530 in
2185 1505 2250 1531 sac-

1184 1550 1255 1586 culi
1272 1550 1487 1596 voluptates.
1523 1550 1570 1586 Et
1590 1552 1763 1588 Dominus
1784 1554 1926 1590 induxit
1939 1561 2080 1591 ventum
2094 1562 2250 1592 urentem

1183 1615 1254 1645 tota
1263 1610 1390 1657 itladie
1405 1622 1445 1646 ac
1459 1617 1570 1655 nocte,
1584 1618 1629 1656 et,
1641 1612 1733 1658 facto
1747 1623 1866 1658 mane,
1877 1620 1997 1650 ventus
2012 1626 2115 1650 urens
2125 1617 2249 1653 levavit

1184 1670 1349 1714 locustas,
1383 1682 1462 1718 quse
1494 1672 1725 1708 ascenderunt
1755 1684 1860 1720 super
1888 1675 2086 1711 universam
2116 1682 2247 1712 terram

1186 1731 1347 1778 AEyypti,
1367 1737 1400 1767 et
1433 1732 1597 1768 sederunt
1628 1734 1665 1769 in
1680 1735 1814 1769 cunctis
1839 1734 1968 1780 finibus
1993 1735 2244 1783 AEyyptiorum

1182 1792 1465 1835 innumerabiles,
1496 1793 1618 1839 quales
1638 1800 1717 1830 ante
1732 1794 1820 1830 illud
1834 1801 1967 1843 tempus
1997 1808 2067 1833 non
2091 1798 2248 1843 suerunt,

1182 1865 1244 1889 nee
1260 1859 1380 1899 postea
1409 1854 1539 1899 suturae
1554 1860 1634 1889 sunt
1648 1865 1661 1897 ;
1678 1862 1957 1902 operueruntque
1971 1857 2170 1893 universam
2187 1869 2249 1894 su-

1182 1913 1358 1958 perficiem
1385 1918 1501 1957 terrm,
1518 1919 1693 1949 vastantes
1709 1916 1842 1951 omnia.
1873 1915 2049 1952 Devorata
2063 1922 2114 1954 est
2142 1918 2252 1964 iyitur

1182 1974 1289 2010 herba
1306 1980 1420 2016 terra’,
1457 1980 1489 2010 et
1513 1975 1682 2022 quidquid
1700 1987 1885 2022 pomorum
1905 1978 1942 2012 in
1957 1978 2140 2014 arboribus
2165 1979 2246 2025 suit,

56 2034 134 2064 esse
163 2029 285 2075 spinas
304 2034 341 2067 et
376 2030 539 2075 tribulos,
571 2042 661 2077 quos
692 2032 821 2069 debeat
848 2033 941 2080 ignis
958 2033 1018 2070 ille
1050 2034 1114 2070 de-
1134 2022 1163 2065 C
1187 2045 1265 2082 quw
1286 2035 1420 2081 yrando
1441 2035 1650 2072 dimiserat:
1676 2036 1832 2084 nihilque
1864 2039 2006 2074 omnino
2030 2039 2142 2075 virens
2173 2041 2251 2077 reli-

55 2090 175 2136 pasci;
198 2091 243 2127 de
262 2101 333 2137 quo
358 2092 445 2128 dicit
468 2092 654 2137 Dominus,
678 2093 801 2140 Iynem
822 2096 896 2130 veni
919 2095 1056 2131 mittere
1082 2097 1122 2132 in

59 2156 188 2188 terram
213 2151 314 2200 (Luc.
331 2154 411 2202 xii).
436 2154 504 2191 Per
521 2155 618 2191 hunc
640 2156 738 2191 enim
756 2156 935 2192 incentiva
955 2156 1120 2203 volupta-

62 2210 111 2248 tis
143 2217 180 2248 et
212 2212 370 2250 libidinis
396 2221 668 2252 consumuntur.
700 2215 864 2263 Misitque
893 2215 1060 2260 Pharao,
1086 2222 1119 2252 et

62 2274 261 2309 convocavit
287 2274 431 2322 Moysen
451 2282 483 2311 et
506 2276 626 2313 Aaron
644 2278 762 2313 dicens
793 2278 838 2313 ad
866 2288 951 2314 eos:
971 2277 1120 2314 Peccavi

58 2334 165 2369 etiam
198 2345 306 2378 nunc,
325 2335 495 2372 Dominus
518 2337 636 2384 justus
653 2349 664 2381 ;
683 2349 743 2384 eyo
770 2344 803 2376 et
831 2337 980 2387 populus
1005 2349 1118 2383 meus,

58 2395 170 2435 impii.
201 2391 544 2443 Orace'Dominum‚
566 2405 603 2434 ut
631 2399 791 2436 desinant
819 2402 972 2437 tonitrua
995 2400 1061 2437 Dei
1085 2406 1119 2437 et

58 2457 206 2503 yrando,
231 2464 263 2494 et
286 2459 460 2496 dimittam
476 2472 547 2503 vos,
566 2467 598 2497 et
619 2473 836 2509 nequaquam
856 2463 911 2498 hic
931 2462 1025 2498 ultra
1042 2473 1118 2498 ma-

61 2518 184 2553 neatis.
203 2519 260 2554 Ait
281 2516 448 2566 Moyses:
470 2521 558 2557 Cum
583 2533 738 2568 eyressus
759 2522 858 2568 suero
879 2523 922 2558 de
940 2522 1038 2565 urbe,
1057 2532 1119 2557 etc-

59 2578 197 2613 tendam
216 2579 350 2624 palmas
377 2592 471 2616 meas
501 2581 547 2617 ad
567 2582 777 2625 Dominum,
798 2589 830 2618 et
852 2581 1035 2617 cessabunt
1064 2586 1117 2616 to-

61 2637 194 2680 nitrua,
213 2643 245 2672 et
269 2639 403 2684 yrando
425 2650 494 2674 non
516 2641 606 2675 erit:
626 2646 664 2675 ut
686 2642 777 2676 scias
798 2642 880 2687 quia
906 2641 1050 2675 Domini
1068 2645 1118 2675 est

61 2703 166 2732 terra.
189 2697 280 2734 Novi
296 2704 413 2734 autem
437 2700 528 2746 quod
543 2706 575 2735 et
592 2707 629 2735 tu
645 2706 677 2736 et
695 2701 782 2736 servi
804 2701 869 2743 tui,
889 2712 950 2736 nec
971 2701 1056 2736 dum
1074 2701 1118 2737 ti-

60 2757 182 2794 meatis
216 2757 404 2794 Dominum
429 2758 565 2803 Deum,
594 2765 631 2796 et
653 2760 791 2807 reliqua
815 2761 916 2807 (Luc.
935 2761 1015 2808 xn).
1045 2761 1117 2809 (Ex

60 2816 284 2865 Auyustino.)
301 2816 391 2854 Cum
415 2818 558 2865 fragore
579 2819 661 2855 coeli
679 2820 742 2866 qui
762 2821 956 2857 vehemens
981 2826 1059 2857 erat
1078 2821 1116 2857 in

61 2879 247 2926 grandine,
267 2879 407 2916 Pharao
436 2882 563 2918 tertius
583 2883 722 2928 rogavit
750 2882 896 2930 Moysen
925 2888 964 2919 ut
992 2889 1115 2920 oraret

61 2947 126 2984 pro
149 2938 224 2983 illo,
246 2939 422 2977 confitens
442 2942 670 2987 iniquitatem
695 2953 820 2986 suam,
841 2949 878 2979 et
895 2943 1016 2990 populi
1036 2944 1113 2987 sui;

63 2997 202 3045 Moyses
219 3000 252 3036 ei
269 3001 384 3037 dixit:
403 3001 451 3037 Et
470 3007 508 3037 tu
531 3008 562 3038 et
579 3003 668 3038 servi
686 3004 738 3038 tui
757 3004 829 3039 scio
848 3004 940 3051 quod
961 3005 1116 3041 nondum

63 3050 186 3095 timetis
205 3059 407 3097 Dominum.
439 3061 589 3105 Qualem
618 3063 786 3100 timorem
817 3065 1025 3110 quaerebat,
1058 3066 1118 3102 cui

64 3106 171 3154 timor
200 3118 268 3156 iste
289 3120 450 3156 nondum
467 3126 546 3157 erat
565 3122 708 3158 Domini
727 3122 861 3159 timor?
879 3123 1000 3160 Facile
1019 3125 1116 3161 enim

65 3171 120 3233 fist
140 3187 285 3225 poenam
303 3180 446 3226 timere,
465 3183 530 3219 sed
549 3183 619 3219 hoc
645 3194 717 3220 non
747 3189 805 3221 est
835 3184 950 3221 Deum
972 3186 1112 3230 timere,

64 3229 126 3283 110
153 3239 290 3277 scilieet
306 3242 437 3279 timore
451 3243 610 3290 pietatis,
632 3254 712 3290 quae
730 3251 988 3282 commemorat
1004 3245 1116 3284 Jacob

83 3316 106 3359 5
114 3298 127 3337 i
142 3300 254 3338 dicit:
277 3300 359 3339 Nisi
376 3303 472 3341 Deus
502 3306 613 3352 patris
646 3307 714 3342 mei
740 3305 934 3352 Abraham,
952 3314 984 3344 et
1013 3309 1118 3344 timor

47 3359 53 3363 ’
85 3367 92 3387 ='
115 3376 142 3387 f*
187 3367 274 3399 esset
289 3364 388 3408 mihi,
407 3375 499 3400 nune
512 3375 567 3401 me
584 3366 726 3402 inanem
743 3366 946 3404 dimisisses.
963 3367 1011 3403 Et
1029 3367 1119 3404 dixit

141 3415 147 3423 '
204 3443 206 3448 f
251 3423 298 3459 ad
325 3423 470 3471 Moysen
485 3434 498 3459 .·
513 3424 534 3460 1
537 3426 702 3472 nyredere
722 3427 769 3463 ad
788 3426 1026 3464 Pharaonem.
1042 3428 1119 3475 Eyo

157 3513 163 3519 ..
178 3483 342 3536 §induravi
370 3497 432 3522 cor
447 3486 525 3533 ejus
540 3492 574 3523 et
601 3498 778 3524 servorum
796 3487 909 3533 illius,
926 3494 966 3525 ut
988 3489 1120 3535 faciam

67 3590 77 3594 ἡ
97 3581 114 3590 „
158 3556 175 3584 ,’
281 3545 356 3583 ltoee
371 3547 410 3583 in
429 3557 470 3584 eo
484 3558 498 3584 .·
514 3553 548 3584 et
564 3559 686 3585 narres
704 3549 743 3586 in
767 3550 913 3590 autibus
933 3549 999 3596 lilii
1019 3550 1072 3586 tui
1088 3555 1121 3586 et

107 3605 118 3632 Ἰ
164 3602 241 3650 ,sss
260 3610 412 3652 tuorum,
441 3608 576 3655 quoties
609 3609 830 3646 contriverim
862 3609 1062 3658 AEyyptios‚
1088 3615 1123 3646 et

223 3667 227 3676 ²
369 3668 417 3706 'm
429 3669 468 3716 in
483 3669 559 3706 eis:
577 3675 610 3706 et
629 3670 749 3707 sciatis
767 3671 852 3719 quia
869 3683 932 3719 eqo
949 3671 1122 3708 Dominus

293 3743 354 3781 χ,
374 3766 382 3776 ,,
403 3753 419 3778 „
432 3732 471 3766 et
485 3730 639 3777 reliqua.
658 3731 763 3777 Quod
779 3732 955 3772 Dominus
973 3733 1061 3772 dicit
1076 3733 1124 3771 ad

311 3799 314 3802 ⁴
393 3798 519 3830 ol..
541 3790 687 3833 CVIII.

1190 2101 1286 2132 ctum
1305 2101 1354 2132 est
1371 2096 1410 2132 in
1425 2095 1529 2142 liynis
1560 2103 1592 2132 et
1607 2098 1722 2134 herbis
1738 2104 1854 2142 terroe,
1879 2098 1917 2135 in
1931 2104 2058 2135 cuncta
2073 2099 2245 2147 AEyypto,

1190 2155 1263 2203 (Ex
1281 2155 1480 2205 Greyorio.)
1496 2157 1645 2201 Ventus,
1657 2159 1785 2205 inquit,
1797 2169 1908 2196 urens
1924 2159 2057 2196 levavit
2071 2160 2247 2205 locustas,

1188 2226 1268 2262 quae
1301 2218 1541 2254 ascenderunt
1560 2228 1670 2266 super
1687 2219 1897 2256 universam
1927 2225 2064 2256 terram
2081 2220 2245 2269 AEgypti,

1187 2283 1480 2324 operueruntque
1509 2279 1715 2315 universam
1751 2278 1883 2316 faciem
1916 2283 2038 2324 terrae,
2058 2285 2250 2319 vastantes

1185 2337 1322 2374 omnia.
1347 2338 1523 2375 Devorata
1542 2346 1592 2376 est
1620 2341 1729 2387 iyitur
1756 2340 1863 2377 herba
1891 2346 1995 2377 terrae
2018 2346 2052 2377 et
2079 2342 2250 2389 quidquid

1185 2409 1367 2444 pomorum
1382 2401 1419 2435 in
1433 2400 1615 2437 arboribus
1630 2401 1711 2447 fuit.
1738 2401 1918 2439 Exhibitae
1930 2401 2074 2439 coelitus
2099 2401 2247 2448 AEgypti

1186 2460 1317 2504 plagae,
1341 2471 1421 2506 quae
1452 2462 1680 2508 exigentibus
1699 2464 1842 2499 meritis
1863 2463 2103 2508 corporaliter
2129 2461 2242 2499 seme¹

1186 2519 1295 2555 illatae
1311 2525 1408 2563 sunt,
1423 2531 1503 2566 quae
1518 2522 1612 2557 mala
1626 2533 1755 2568 pravas
1764 2529 1904 2558 mentes
1919 2523 2078 2567 quotidie
2094 2522 2247 2567 feriant,

1185 2580 1420 2625 spiritualiter
1454 2581 1699 2627 signaverunt.
1726 2583 1788 2618 Eis
1820 2581 1916 2617 enim
1950 2581 2129 2628 AEgyptus
2165 2582 2244 2628 pla-

1185 2639 1240 2685 gis
1256 2638 1381 2675 affecta
1399 2645 1468 2683 est,
1496 2640 1533 2675 in
1549 2641 1680 2687 quibus
1697 2641 1877 2677 exteriore
1893 2642 2124 2686 percussione
2144 2652 2245 2680 com-

1185 2704 1296 2743 mota,
1342 2701 1538 2747 dolensque
1588 2702 1841 2748 perpenderit,
1870 2712 1949 2748 quae
1985 2703 2244 2740 devastationis

1185 2760 1315 2796 damna
1336 2760 1489 2798 interius
1506 2762 1691 2808 negligens
1705 2762 1882 2806 tolerarit,
1916 2767 1956 2798 ut
1975 2763 2060 2799 dum
2077 2763 2166 2800 soris
2181 2774 2244 2810 pe-

1182 2821 1296 2857 rirent
1318 2822 1481 2867 minima,
1506 2823 1659 2869 amplius
1675 2823 1805 2860 delicta
1825 2829 2015 2860 cernerent
2032 2834 2098 2871 per
2116 2834 2243 2862 eorum

1186 2883 1354 2928 speciem,
1392 2889 1430 2919 et
1453 2893 1532 2930 quae
1547 2884 1647 2920 intus
1677 2884 1834 2921 tolerant
1864 2885 2030 2931 graviora
2053 2884 2241 2921 sentirent.

1186 2941 1278 2986 Quid
1302 2954 1387 2990 ergo
1414 2954 1479 2989 per
1501 2944 1799 2991 significationem
1830 2945 1977 2982 locustae
2007 2946 2240 2992 portendunt,

1185 3013 1266 3049 quae
1297 3004 1488 3050 plusquam
1517 3010 1649 3041 caetera
1678 3006 1818 3042 minuta
1846 3017 1999 3054 quaeque
2026 3006 2239 3050 animantia,

1185 3064 1351 3100 humanis
1370 3065 1533 3112 frugibus
1550 3071 1695 3110 nocent,
1722 3067 1792 3103 nisi
1820 3067 1961 3114 linguas
1981 3066 2241 3109 advolantium,

1185 3133 1266 3168 quae
1291 3127 1520 3160 terrenorum
1545 3125 1730 3162 bominum
1747 3131 1901 3171 mentes,
1937 3127 1967 3164 si
1986 3126 2131 3174 quando
2146 3127 2242 3163 bona

1185 3183 1306 3230 aliqua
1323 3184 1487 3230 proferre
1501 3186 1739 3233 conspiciunt,
1778 3187 1856 3223 haec
1871 3187 2145 3224 immoderatius
2165 3185 2243 3220 lau-

1188 3245 1307 3282 dando
1321 3253 1569 3293 corrumpunt.
1588 3247 1744 3285 Fructus
1761 3249 1893 3295 quippe
1914 3247 2167 3294 AEgyptiorum
2185 3250 2241 3280 est

1188 3315 1299 3352 opera
1311 3308 1578 3344 cenodoxorum
1597 3319 1707 3355 quam
1725 3309 1872 3346 locustae
1886 3306 2140 3347 exterminant,
2155 3303 2242 3340 dum

1189 3367 1369 3405 adulantis
1385 3369 1516 3416 linguae
1541 3369 1587 3406 ad
1607 3370 1826 3416 appetendas
1851 3368 1976 3404 laudes
1995 3364 2240 3408 transitorias,

1161 3432 1165 3433 ⁷
1189 3436 1254 3463 cor
1269 3429 1453 3474 operantis
1488 3429 1675 3466 inclinant.
1703 3428 1841 3464 Herbas
1859 3425 2117 3463 verolocustae
2144 3435 2243 3461 com-

1191 3488 1316 3532 edunt,
1335 3489 1481 3534 quando
1497 3490 1702 3525 adulatores
1716 3487 1852 3534 quique
1878 3487 1988 3524 verba
2013 3486 2239 3533 loquentium

1187 3547 1372 3586 favoribus
1385 3549 1575 3586 extollunt.
1590 3549 1701 3584 Poma
1714 3558 1858 3595 quoque
1873 3549 2043 3586 arborum
2052 3549 2241 3590 devorant,

1163 3629 1165 3631 -
1190 3609 1335 3656 quando
1351 3609 1456 3645 vanis
1474 3608 1640 3646 laudibus
1668 3610 1907 3655 quorumdam
1929 3610 2008 3657 jam
2038 3609 2144 3656 quasi
2163 3608 2240 3646 ἴοι·-

1192 3671 1282 3706 tium
1305 3679 1418 3716 opera
1451 3674 1638 3706 enervant.
1671 3669 1842 3716 Eyressus
1855 3675 1906 3707 est
1936 3670 2074 3718 Moyses
2099 3669 2142 3714 de
2158 3682 2240 3708 con-

1190 3735 1309 3778 spectu
1326 3727 1550 3779 Pharaonis,
1576 3735 1608 3767 et
1622 3730 1734 3767 oravit
1750 3730 1952 3774 Dominum,
1982 3731 2144 3779 quitiam
2159 3730 2240 3780 fecit

1924 3791 1952 3834 2
