2540 4016
321 207 390 244 ⁷4⁷

767 206 807 244 Β.
835 207 1006 246 RABANI
1032 208 1181 249 Manat
1203 207 1418 250 Ancmnp.

1443 206 1652 251 Modum.
1678 204 1871 251 ermen
1893 209 2017 250 *Ans
2039 209 2069 249 1.
2424 176 2510 254 its·

315 281 417 319 tentis
440 278 589 316 intuitus
611 285 677 324 est,
708 282 769 328 qui
795 283 891 319 cadit
916 289 950 320 et
977 284 1028 320 sic
1049 285 1256 332 aperiuntur
1275 286 1369 322 oculi
1386 287 1423 329 Α
1438 287 1498 334 qui
1514 287 1725 325 divinationi
1743 292 1780 324 et
1798 286 1961 335 auguriis
1974 294 2121 331 operam
2132 282 2286 328 dederit,
2305 284 2367 332 qui
2381 290 2493 327 etiam

313 341 402 388 ejus.
424 339 516 384 Quid
539 344 596 376 est
628 342 724 385 quod
738 342 782 377 de
799 342 945 379 Balaam
974 345 1237 390 scriptum·est,
1273 343 1370 392 quod

312 402 419 437 homo
439 399 570 435 dixerit
584 399 688 445 qu'us
709 401 898 439 obturatus
913 409 971 440 est
987 405 1128 449 oculus,
1161 406 1251 442 dixit
1267 407 1368 443 audi-

312 466 370 496 tor
384 470 592 497 sermonum
611 459 690 504 Dei,
718 461 895 498 visionem
917 464 1179 510 omnipotentis
1197 466 1368 503 intuens?

311 519 496 564 Quomodo
516 521 686 556 obturato
705 521 810 558 oculo
833 522 1010 560 visionem
1033 522 1148 561 vidit?
1167 535 1240 562 non
1271 527 1368 573 quod

309 580 543 617 historialiter
572 581 609 617 in
638 583 789 627 somnis,
813 585 956 629 quando
980 585 1076 622 oculi
1096 588 1261 634 corporei
1290 587 1367 632 jam

307 642 421 678 clausi
441 641 587 685 fuerint,
611 653 676 690 per
692 644 867 682 visionem
893 657 974 693 quae
1004 648 1154 685 dicenda
1178 656 1284 685 erant
1298 660 1364 685 an-

307 706 421 752 gelloo
446 706 652 743 ministerio
690 709 868 754 cognovit.
907 708 1114 747 Secundum
1156 711 1366 758 allegoriam

306 779 393 804 vero
408 769 678 804 demonstratur
698 769 818 816 aliquo
840 770 948 807 modo
965 771 1100 808 habere
1120 771 1244 808 oculos
1269 782 1366 808 men-

306 829 353 865 tis
368 834 524 875 apertos,
543 829 664 876 aliquo
686 831 793 867 modo
811 831 970 868 clausos.
987 832 1144 879 Aper-tos
1160 834 1303 879 quidem
1321 833 1367 869 ad

305 894 479 941 mysteria
514 894 741 940 agnoscenda
775 894 813 930 in
850 894 987 939 futuro,
1025 894 1169 932 clausos
1203 906 1289 931 vero
1320 895 1366 931 ad

305 957 558 1004 corrigendum
574 967 738 994 errorem
754 968 871 994 suum.
892 957 1025 994 Habuit
1043 959 1177 1005 quippe
1191 958 1364 994 intuitum

303 1019 423 1054 cordis
444 1018 655 1061 revelatum,
695 1019 740 1054 ad
767 1019 1061 1065 perspiciendum
1092 1020 1291 1066 prophetia>
1311 1029 1365 1054 sa

303 1083 543 1120 eramentum,
581 1079 644 1114 sed
678 1079 722 1113 ad
754 1079 944 1114 colendum
984 1085 1093 1124 atque
1118 1081 1364 1116 venerandum

302 1137 418 1183 ipsum
452 1138 651 1185 prophetiae
681 1143 866 1175 auctorem
887 1149 959 1175 non
980 1140 1120 1175 hahuit.
1143 1139 1254 1187 Cujus
1290 1152 1362 1176 om-

1437 348 1565 395 magiae
1575 347 1754 384 studuerit
1762 348 1855 383 sicut
1863 356 1972 392 snpra
1981 345 2221 390 ostendimus,
2244 347 2350 384 valde
2356 349 2494 389 mirum

1436 414 1504 452 est,
1514 409 1585 446 nisi
1596 409 1688 446 sorte
1695 420 1760 455 pro
1774 407 1922 454 eoquod
1934 417 2043 454 supra
2052 408 2188 444 dietum
2197 414 2266 452 est,
2286 410 2371 455 qnia
2384 411 2496 456 spiri-

1436 475 1493 506 tus
1502 470 1567 506 Dei
1575 470 1692 506 sactus
1708 468 1816 504 fuerit
1836 468 1872 503 in
1889 467 1980 514 ipso,
2001 473 2036 506 et
2050 470 2135 516 quia
2148 469 2299 506 verbum
2318 471 2382 507 Dei
2397 471 2493 518 posi-

1434 535 1510 566 tum
1531 531 1578 566 sit
1602 530 1638 566 in
1656 539 1718 566 ore
1739 527 1829 574 ejus,
1853 529 1933 566 haec
1953 530 1998 566 de
2017 540 2060 567 eo
2082 536 2256 577 putentur
2272 537 2347 568 tam
2362 541 2494 580 magna

1434 590 1639 635 conscripta
1670 599 1750 625 esse
1783 590 1979 635 praeconia.
2012 590 2087 627 Nee
2115 591 2255 639 Moyses
2283 593 2394 637 enim,
2426 603 2495 630 nee

1433 650 1525 685 alius
1544 650 1633 695 quis*
1643 650 1901 696 prophetarum
1921 650 2027 687 facile
2052 652 2256 689 invenietur
2277 654 2389 690 tantis
2411 654 2494 691 lau-

1433 710 1537 746 dibus
1565 710 1693 746 elatus.
1729 711 1831 747 Unde
1857 712 1973 758 magis
2002 712 2091 748 mihi
2123 714 2306 750 videretur
2335 715 2413 751 haec
2441 714 2492 751 illi

1431 771 1563 818 populo
1582 773 1773 808 convenire
1789 782 1832 809 eo
1852 777 2016 820 tempore
2034 784 2117 820 quo,
2137 774 2212 821 jam
2235 786 2429 812 conversus
2446 776 2492 812 ad
2526 776 2535 798 ³

1432 833 1638 876 Dominum,
1675 834 1839 879 deposuit
1867 835 2031 872 velamen
2061 837 2157 883 quod
2182 844 2262 874 erat
2291 848 2400 885 super
2429 848 2494 874 cor

1433 903 1551 930 suum.
1583 894 1756 930 Dominus
1780 901 1899 931 autem
1921 896 2069 942 spiritus
2089 903 2158 934 est.
2178 898 2316 934 ideirco
2337 900 2493 945 denique

1432 955 1532 998 dicit,
1551 955 1689 990 revelati
1707 957 1798 991 oculi
1824 958 1928 1003 ejus:
1946 959 2047 1004 quasi
2077 959 2138 1004 qui
2162 970 2258 996 nunc
2283 959 2399 996 clausi
2416 959 2494 997 fne-

1432 1015 1518 1059 rint,
1552 1020 1587 1051 et
1612 1027 1707 1052 nunc
1733 1027 1798 1062 per
1823 1019 1987 1063 spiritum
2015 1019 2093 1063 Dei,
2122 1021 2182 1066 qui
2208 1031 2316 1067 snper
2332 1031 2413 1058 eum
2436 1021 2491 1058 l'a-

1430 1082 1510 1114 ctus
1530 1083 1597 1121 est,
1618 1078 1673 1113 abl
1678 1084 1738 1114 ‘lto
1756 1079 1935 1116 velamine
1962 1081 2182 1117 revelentur.
2211 1081 2314 1118 Nunc
2333 1093 2419 1128 ergo
2438 1087 2494 1118 est

1431 1150 1487 1185 qu
1483 1140 1574 1176 mdo
1594 1150 1678 1176 wele
1697 1127 1793 1176 xidet
1811 1146 1847 1176 et
1864 1151 1948 1177 xele
1975 1142 2075 1178 audit
2096 1143 2204 1177 verba
2228 1142 2346 1187 lorus,
2377 1148 2413 1179 et
2441 1144 2495 1179 vi-

301 1210 373 1242 nes,
411 1200 541 1246 inquit,
568 1207 687 1248 typum
709 1207 838 1245 tenent,
871 1202 931 1248 qui
953 1202 1050 1237 aliud
1069 1202 1225 1245 scientia,
1263 1202 1361 1238 aliud
1381 1202 1413 1241 B
1433 1211 1511 1237 sunl
1538 1201 1601 1236 Dei
1626 1200 1722 1236 ιίιῖοι
1752 1201 1788 1236 in
1815 1202 1963 1243 somnis,
1992 1202 2026 1238 id
2046 1208 2114 1245 est,
2141 1213 2182 1238 ea
2202 1213 2282 1249 quse
2300 1203 2335 1239 in
2356 1204 2492 1240 somnis

299 1259 455 1294 moribus
491 1266 627 1305 aquam
656 1259 754 1295 aliud
782 1271 854 1304 ore,
895 1261 993 1296 aliud
1019 1262 1123 1307 factis
1159 1263 1359 1299 ostendunt.

300 1321 350 1356 De
370 1320 536 1366 qualibus
554 1319 751 1366 Apostolus
765 1321 816 1356 ait
839 1333 846 1356 ε
870 1321 938 1363 Qui
955 1334 1035 1356 cum
1056 1322 1168 1358 Deum
1186 1324 1362 1370 cognovis-

297 1388 385 1421 sent,
420 1391 490 1414 non
521 1380 611 1414 sicut
640 1379 754 1415 Deum
800 1381 1099 1427 ⁴qlorificanerunt,
1138 1388 1198 1416 aut
1229 1384 1362 1427 gratias

298 1447 438 1486 efferunt
455 1452 466 1483 ,·
502 1441 562 1476 sed
579 1448 793 1476 evanuerunt
815 1453 836 1476 a
855 1442 1124 1487 coyz'tationibus
1138 1443 1226 1485 suis,
1244 1443 1363 1478 dicen-

297 1506 345 1535 tes
374 1511 409 1535 se
430 1510 502 1536 esse
523 1501 710 1546 sapientes,
739 1499 837 1535 stulti
859 1500 946 1546 facti
970 1507 1064 1545 sunt,
1094 1506 1163 1537 etc.
1182 1501 1300 1548 (Rom.
1317 1502 1360 1550 1).

296 1560 342 1595 Et
374 1560 459 1595 alibi
491 1560 665 1606 scriptum
702 1559 1021 1606 est:Confitentur
1057 1573 1092 1597 se
1116 1573 1215 1597 nosse
1249 1562 1362 1598 Deum

296 1621 449 1668 quidem,
475 1621 577 1666 factis
611 1627 727 1656 mitem
749 1627 874 1667 neqant
904 1621 1050 1670 (Tit.1).
1087 1622 1186 1658 Unde
1215 1623 1362 1660 Balaam

296 1694 408 1718 vanus
424 1682 590 1730 populus,
623 1683 936 1730 siveprwcipitans
956 1695 1013 1720 eos
1037 1685 1311 1731 interpretatur,
1327 1691 1363 1722 et

296 1747 390 1784 Beor
404 1747 583 1794 impellens
603 1757 614 1782 .·
633 1749 716 1794 quia
741 1759 866 1785 onmes
891 1750 952 1795 qui
978 1760 1072 1786 verae
1097 1751 1264 1798 religioni
1290 1761 1362 1797 qua

297 1811 392 1848 Deus
411 1821 504 1847 unus
523 1811 559 1846 in
582 1811 664 1854 fide,
698 1821 778 1857 quse
808 1823 874 1858 per
889 1811 1069 1858 justitiam
1090 1819 1276 1859 operatur,
1299 1816 1362 1849 ve-

296 1875 427 1910 raciter
460 1875 591 1910 colitur
620 1880 727 1920 atque
761 1877 975 1921 honoratur,
1016 1877 1200 1914 contrarie
1231 1880 1358 1922 agunt,

297 1937 427 1972 merito
446 1946 562 1972 vanus
578 1937 730 1983 populus
749 1943 1020 1984 nuncupantur,
1041 1944 1078 1974 et
1092 1939 1155 1973 lilii
1171 1938 1262 1974 Beor
1280 1947 1360 1973 esse

296 1997 479 2040 (licuntur,
514 1998 583 2033 hoc
601 2003 670 2041 est,
694 1998 911 2045 impellentis
933 1999 1080 2043 diaboli,
1101 1999 1272 2036 videlicet
1298 2000 1359 2046 qni

296 2068 440 2104 semper
458 2058 608 2104 impellit
626 2064 662 2094 et
678 2066 852 2104 provocat
866 2061 912 2096 ad
933 2066 1134 2106 peccatum.
1160 2061 1332 2107 Sequitur
1348 2074 1358 2094 ε

298 2118 367 2161 Qui
395 2119 489 2153 cadit
515 2124 547 2154 et
583 2120 634 2154 sic
673 2121 879 2166 aperiuntur
903 2122 995 2156 oculi
1026 2123 1117 2168 ejus.
1146 2123 1236 2158 Nam
1263 2135 1357 2170 saepe

297 2179 445 2225 quidam
479 2183 614 2215 {eterna
639 2179 776 2224 judicia
806 2181 999 2225 mirantur,
1035 2183 1359 2228 praedicamentum

297 2240 456 2277 coelestis
481 2241 608 2286 patriae
643 2251 725 2277 cum
757 2242 909 2278 audiunt
927 2242 1093 2290 diligunt,
1133 2244 1224 2280 mira
1247 2255 1359 2291 opera

296 2301 450 2338 internae
499 2302 748 2349 dispositionis
792 2304 1052 2350 obstupescunt
1086 2317 1094 2340 :
1128 2306 1191 2342 sed
1238 2313 1359 2344 tamen

296 2365 450 2401 amando
475 2372 511 2402 et
548 2367 717 2411 videndo,
742 2367 787 2403 ad
806 2368 883 2404 haec
901 2369 1025 2423 eandem
1043 2379 1153 2414 opera
1169 2379 1360 2417 assurgere

296 2427 493 2474 negligunt.
520 2427 689 2465 ‚tacentes
718 2438 806 2476 ergo
824 2430 889 2465 Dei
910 2430 1088 2466 miracula
1107 2430 1357 2476 considerant,

296 2489 357 2534 qni
386 2488 464 2534 ejus
492 2490 695 2536 potentiam
731 2490 879 2527 sciendo
909 2499 1076 2538 pensant,
1112 2493 1174 2530 sed
1205 2495 1360 2532 vivendo

295 2561 364 2586 non
386 2556 522 2587 amant.
545 2551 616 2588 Per
643 2553 990 2599 contemplationem
1009 2555 1157 2601 quidem
1176 2556 1213 2592 in
1233 2557 1357 2593 consi-

295 2612 519 2648 derationem
533 2612 657 2649 oculos
678 2614 843 2658 tendunt,
875 2615 939 2651 sed
960 2621 1083 2652 tamen
1103 2627 1167 2662 per
1189 2617 1359 2654 intentio-

297 2683 378 2708 nem
395 2683 476 2709 sese
508 2684 528 2708 a
547 2679 644 2710 terra
662 2686 732 2711 non
753 2676 910 2722 erigunt.
937 2677 1060 2714 Potest
1078 2678 1155 2715 baec
1177 2680 1359 2718 sententia

293 2732 397 2776 juxta
430 2733 666 2780 tropologiam
701 2741 737 2771 et
769 2737 874 2772 aliter
913 2738 1079 2786 intelligi.
1110 2739 1206 2775 Dioeit
1239 2742 1356 2784 homo,

297 2793 427 2839 inquit,
465 2794 567 2841 cujus
605 2794 791 2831 obturatus
826 2803 876 2833 est
909 2799 1046 2843 oculus,
1086 2801 1175 2836 dixit
1217 2802 1360 2837 auditor

297 2866 495 2891 sermonum
510 2855 589 2900 Dei,
605 2856 663 2903 qui
679 2857 848 2892 visionem
865 2858 1117 2906 Omnipotentis
1132 2863 1278 2899 intuitus
1293 2870 1356 2908 ese,

298 2917 358 2961 qui
394 2917 489 2951 cadit
522 2923 554 2952 et
582 2918 633 2953 sic
663 2920 870 2965 aperiuntur
888 2921 982 2956 oculi
1003 2923 1091 2968 ejus.
1131 2924 1254 2961 Nescit
1294 2927 1359 2962 im-

298 2977 381 3023 pius
398 2977 494 3014 mala
509 2987 589 3023 quae
619 2977 720 3021 facit,
739 2981 809 3015 nisi
828 2991 910 3016 cum
924 2992 990 3027 pro
1011 2984 1147 3020 eisdem
1167 2987 1272 3021 malis
1292 2997 1357 3032 pu-

299 3037 369 3073 niri
399 3038 474 3084 jam
503 3039 667 3084 coeperit.
700 3039 899 3076 Consilium
936 3043 1030 3078 enim
1059 3043 1205 3082 Balaam
1230 3053 1358 3084 contra

298 3099 690 3146 israelitas·praebuit;
719 3103 783 3137 sed
818 3107 911 3147 post,
949 3103 985 3139 in
1006 3115 1113 3150 poena
1140 3108 1243 3152 vidit,
1273 3110 1358 3155 quid

297 3159 398 3205 prius
413 3170 456 3196 ex
475 3160 580 3207 culpa
595 3161 830 3198 commiserit.
854 3163 967 3200 Eleeti
984 3171 1105 3201 autem
1120 3168 1205 3213 quia
1219 3179 1264 3205 ne
1278 3179 1360 3215 pec-

298 3227 383 3257 care
415 3221 569 3258 debeant
586 3222 791 3268 provident,
818 3223 872 3260 eis
891 3224 1062 3262 videlicet
1078 3228 1173 3263 oculi
1195 3234 1280 3264 ante
1301 3240 1361 3265 ca-

299 3293 380 3319 sum
410 3287 548 3330 patent.
575 3282 723 3329 Iniquus
741 3294 830 3321 vero
851 3290 937 3331 post
954 3296 1080 3323 casum
1099 3288 1224 3324 oculos
1241 3289 1359 3335 aperit

299 3345 468 3390 quoniam
487 3348 570 3391 post
597 3344 740 3391 culpam
766 3344 842 3391 jam
865 3346 904 3382 in
933 3355 1042 3394 poena
1067 3358 1133 3384 sua
1166 3349 1358 3395 conspicit,

299 3406 385 3451 quia
406 3405 541 3441 matum
555 3405 679 3442 debuit
694 3406 808 3443 vitare
827 3407 923 3455 quod
950 3407 1049 3444 fecit.
1072 3407 1276 3446 Notandum
1296 3421 1362 3446 au-

297 3471 388 3509 tem,
422 3465 519 3512 quod
538 3465 598 3502 hic
615 3465 720 3504 locus
743 3467 852 3504 aliter
864 3467 968 3514 j'uxta
987 3467 1088 3504 Lxx
1103 3468 1237 3516 legitur
1261 3481 1270 3505 ε
1291 3469 1361 3505 Βε-

302 3525 451 3570 nedixit,
470 3525 601 3573 inquit,
618 3527 786 3573 Balaam,
803 3528 900 3575 filius
915 3529 1020 3566 Beer.
1045 3519 1147 3566 Dixit
1162 3530 1266 3566 homo
1282 3541 1360 3567 vere

300 3588 443 3633 υἰάεηες
466 3587 557 3624 dixit
586 3590 734 3627 audiens
750 3591 853 3627 verba
869 3591 986 3639 fortis,
1003 3593 1064 3640 qui
1086 3593 1196 3629 visum
1213 3591 1281 3630 Dei
1306 3592 1361 3629 vi-

303 3651 353 3686 dit
387 3651 426 3688 in
445 3652 592 3697 somnis,
629 3651 772 3689 revelati
802 3653 896 3689 oculi
912 3653 1003 3701 ejus.
1033 3654 1164 3695 Mirum
1196 3653 1362 3704 profecto

304 3715 373 3757 est,
406 3712 588 3758 quomodo
621 3717 735 3750 tantae
756 3711 876 3750 laudis
899 3723 1013 3766 genus
1044 3715 1177 3756 haheat
1195 3715 1360 3763 Balaam,

303 3769 370 3815 qul
394 3777 542 3817 accepta
568 3772 742 3819 parabola
760 3783 826 3811 sna
854 3774 900 3811 de
931 3775 1127 3822 semetipso
1148 3768 1363 3830 pronuntiet

302 3827 400 3866 hae.
418 3828 608 3874 Quomodo
636 3833 735 3871 enlm
747 3834 858 3872 homo
875 3843 964 3873 vere
991 3835 1120 3874 videns
1135 3834 1286 3876 Balaam
1313 3836 1378 3889 sit·

1362 3941 1419 3954 .,.,.

1430 1261 1570 1296 Danieli
1598 1262 1782 1307 prophetae
1809 1267 1972 1309 tempora
2000 1263 2186 1310 designata
2219 1268 2322 1307 sunt,
2356 1264 2493 1300 videbit

1430 1323 1590 1368 impleta,
1611 1328 1648 1359 et
1668 1324 1826 1360 visiones
1847 1325 1926 1360 illas
1947 1335 2026 1371 quae
2044 1325 2080 1361 in
2099 1326 2234 1362 somnis
2250 1326 2294 1361 ad
2310 1326 2410 1361 illum
2432 1326 2492 1362 dc-

1431 1385 1511 1420 latae
1544 1390 1627 1420 sunt
1654 1385 1772 1428 videt,
1807 1386 1876 1421 hoc
1904 1392 1979 1430 est,
2013 1387 2199 1433 intelliget,
2237 1392 2419 1432 agnoscet,
2457 1390 2495 1423 et

1430 1444 1545 1480 oculis
1572 1444 1740 1480 revelatis
1763 1443 1915 1480 efficitur
1943 1445 2084 1489 similis,
2110 1447 2171 1491 qui
2198 1446 2388 1482 dicebant:
2408 1446 2492 1482 Non

1431 1510 1548 1540 autem
1569 1515 1686 1539 omnes
1711 1503 1860 1539 revelata
1882 1504 1972 1549 facie
1997 1504 2146 1550 moriam
2170 1504 2312 1540 Domini
2335 1506 2494 1551 specula-

1431 1565 1558 1608 bimur,
1592 1565 1712 1600 eadem
1738 1565 1926 1611 imayinem
1958 1566 2224 1612 transformati,
2254 1578 2276 1601 a
2309 1566 2422 1613 qloria
2455 1568 2494 1603 in

1430 1626 1578 1674 qlom'am
1598 1631 1764 1673 tanquam
1782 1626 1924 1662 Domini
1943 1627 2070 1673 spiritu
2092 1626 2148 1674 (11
2163 1626 2245 1662 Cor.
2268 1627 2316 1674 v).
2359 1628 2493 1665 Verum

1430 1688 1459 1723 si
1476 1687 1557 1733 quis
1572 1688 1647 1723 haec
1664 1687 1770 1723 etiam
1787 1687 1982 1723 secundum
2003 1687 2191 1723 historiam
2201 1687 2287 1723 velit
2303 1688 2398 1723 dicta
2414 1698 2493 1725 sus-

1431 1748 1573 1794 cipere,
1599 1748 1683 1793 quia
1699 1748 1734 1783 in
1757 1757 1799 1783 co
1819 1758 1890 1794 quo
1907 1747 1997 1783 vidit
2025 1748 2167 1783 Balaam
2188 1749 2270 1794 quia
2288 1749 2422 1784 bonum
2437 1752 2493 1784 est

1430 1809 1465 1844 in
1488 1818 1683 1855 conspectu
1702 1809 1845 1845 Domini
1864 1809 2079 1844 benedicere
2101 1808 2227 1851 lsrael,
2253 1809 2492 1844 ostenduntur

1430 1871 1578 1908 revelati
1593 1871 1686 1907 oculi
1710 1871 1801 1917 ejus,
1828 1876 1863 1906 et
1886 1869 2004 1905 sactus
2025 1879 2103 1906 esse
2119 1870 2227 1906 homo
2246 1880 2333 1905 vere
2350 1869 2491 1918 videns.

1431 1933 1517 1976 Quae
1539 1943 1625 1968 vera
1650 1933 1746 1968 enim
1766 1932 1856 1968 vidit
1893 1932 1962 1968 hoc
1986 1937 2055 1973 est,
2081 1941 2160 1977 quae
2185 1930 2304 1966 sutura
2325 1935 2428 1967 erant
2448 1931 2492 1967 de

1429 1994 1540 2030 lsrael
1563 1995 1618 2031 vel
1640 1994 1761 2031 Jacob.
1793 1993 1947 2030 Audisse
1975 2003 2118 2039 quoque
2144 2003 2226 2029 eum
2254 1992 2363 2029 verba
2389 1992 2493 2029 fortis

1431 2058 1524 2093 dicet
1554 2058 1590 2092 in
1623 2067 1679 2101 eo,
1710 2067 1792 2092 cum
1816 2057 1914 2092 venit
1933 2057 1978 2092 ad
2000 2066 2082 2092 eum
2101 2055 2210 2106 Deus,
2235 2059 2270 2089 et
2289 2054 2381 2090 dixit
2400 2054 2431 2089 ei
2454 2054 2492 2090 in
2536 2100 2540 2101 ⁷

1376 2111 1405 2152 C
1429 2118 1576 2153 somnis.
1603 2117 1761 2153 Verbum
1781 2117 1876 2163 quod
1894 2117 1973 2153 dem
1995 2118 2031 2152 in
2051 2126 2114 2152 ore
2133 2122 2206 2159 tuo,
2234 2115 2310 2151 haec
2338 2115 2492 2152 observa

1429 2183 1468 2213 ut
1498 2177 1656 2222 loquaris
1679 2190 1686 2212 :
1712 2183 1747 2213 et
1780 2178 1850 2214 hoc
1877 2178 1947 2213 erit
1969 2177 2087 2213 visum
2115 2176 2181 2212 Dei
2208 2176 2303 2222 quod
2330 2176 2420 2211 vidit
2454 2176 2491 2211 in

1429 2240 1577 2276 somnis.
1613 2239 1657 2274 Et
1681 2249 1746 2285 per
1766 2241 1843 2275 haec
1860 2238 2036 2275 revelatos
2055 2249 2133 2274 esse
2151 2237 2274 2274 oculos
2292 2237 2370 2283 ejus
2391 2246 2490 2272 asse-

1429 2301 1490 2344 rit,
1512 2300 1595 2346 quia
1619 2300 1736 2346 potuit
1761 2300 1885 2335 videre
1913 2305 1992 2345 quae
2019 2298 2121 2334 vidit.
2156 2297 2240 2334 Haec
2271 2297 2414 2343 quidem
2446 2296 2492 2332 de

1429 2363 1486 2398 his
1511 2373 1590 2408 quac
1621 2362 1658 2397 in
1686 2362 1896 2408 praefatione
1921 2371 1986 2397 sua
2015 2360 2161 2396 Balaam
2190 2360 2226 2395 in
2257 2358 2491 2404 semetipsum

1428 2427 1527 2460 visus
1545 2429 1600 2460 est
1619 2425 1848 2470 prophetare.
1883 2423 1962 2458 Jam
1983 2433 2078 2459 nuuc
2096 2422 2282 2458 videamus
2302 2430 2381 2466 quae
2408 2423 2492 2456 sunt

1429 2495 1508 2531 quac
1531 2485 1569 2520 in
1591 2484 1897 2530 consequentibus
1917 2484 2016 2519 dicit.

1478 2546 1592 2590 Quam
1612 2546 1757 2594 pulchra
1779 2546 2004 2582 tabernacula
2027 2551 2102 2589 tua,
2124 2544 2258 2588 Jacob,
2284 2551 2316 2580 et
2339 2546 2490 2580 tentoria

1429 2614 1506 2651 tua,
1529 2606 1667 2643 Israel!
1687 2604 1731 2640 Ut
1751 2605 1856 2641 valles
1879 2616 2069 2640 nemorosae
2091 2614 2103 2639 .·
2123 2611 2159 2640 ut
2178 2605 2270 2639 horti
2291 2604 2398 2651 juxta
2423 2605 2491 2649 flu-

1428 2670 1501 2705 vios
1519 2669 1667 2716 irriqui;
1687 2674 1719 2703 et
1739 2668 1979 2711 tabernacula,
2001 2679 2079 2715 quoe
2091 2668 2168 2714 fixit
2188 2667 2372 2711 Dominus,
2389 2668 2491 2714 quasi

1429 2733 1543 2775 cedri,
1564 2737 1704 2779 propter
1722 2743 1844 2776 aquas.
1879 2730 1956 2766 Non
1974 2735 2061 2777 puto
2078 2740 2150 2783 quo
2166 2730 2345 2766 domicilia
2364 2739 2488 2766 eorum

1427 2801 1574 2832 terrena
1599 2793 1823 2830 conclaudet.
1860 2793 1983 2839 Neque
2005 2793 2100 2829 enim
2125 2792 2195 2828 tale
2218 2791 2353 2838 aliquid
2377 2791 2489 2829 fuisse

1428 2857 1524 2904 apud
1548 2865 1610 2891 eos
1636 2860 1785 2901 propter
1815 2859 1966 2891 caeteras
1997 2859 2120 2899 gentes
2149 2857 2384 2888 memoratur.
2418 2852 2490 2889 Sed

1427 2918 1627 2960 videamus,
1656 2927 1701 2952 ne
1723 2915 1816 2952 forte
1834 2916 2003 2962 quoniam
2021 2914 2173 2962 populus
2192 2925 2258 2960 per
2277 2915 2392 2951 tribus
2410 2918 2490 2951 erat
2528 2940 2531 2941 γ

1429 2978 1578 3021 divisus,
1601 2983 1636 3013 et
1661 2988 1886 3024 unaquaeque
1909 2977 2024 3013 tribus
2051 2986 2115 3023 per
2137 2975 2282 3022 plebes,
2301 2980 2337 3012 et
2356 2975 2488 3012 iterum
2516 3010 2528 3012 -

1429 3039 1552 3086 plebes
1572 3049 1636 3085 per
1661 3039 1892 3086 cognationes
1912 3037 2174 3085 partiebantur,
2197 3042 2234 3074 et
2253 3037 2488 3086 cognationes
2519 3044 2523 3046 ·

1429 3112 1495 3149 per
1518 3101 1643 3138 domos
1662 3101 1891 3144 familiarum,
1919 3112 1984 3148 per
2009 3111 2199 3137 numerum
2223 3098 2424 3145 nominum,
2452 3104 2490 3137 et
2523 3099 2526 3102 ’

1429 3174 1496 3210 per
1509 3164 1627 3211 capita
1646 3164 1944 3206 numerabantur,
1966 3164 2035 3200 hoc
2054 3170 2122 3208 est,
2143 3163 2272 3207 omnis,
2292 3162 2354 3209 qui
2373 3167 2450 3198 erat
2466 3172 2489 3200 a

1429 3223 1556 3274 viginti
1579 3223 1682 3258 annis
1705 3228 1741 3258 et
1759 3233 1882 3269 supra,
1908 3223 2104 3266 masculus,
2126 3222 2187 3272 qui
2205 3222 2400 3269 procedere
2424 3231 2489 3268 po-

1428 3286 1524 3317 terat
1541 3281 1586 3316 ad
1602 3281 1749 3322 bellum,
1777 3281 1855 3316 haec
1876 3282 2105 3322 tabernacula
2127 3281 2273 3323 Balaam
2297 3282 2334 3322 in
2357 3280 2488 3326 spiritu

1431 3347 1606 3379 contuens
1630 3341 1837 3388 magnificet
1855 3347 1892 3382 et
1908 3342 2070 3385 extollat.
2111 3341 2184 3379 Sed
2207 3351 2280 3383 non
2297 3341 2335 3385 ,in
2350 3339 2408 3382 his
2425 3352 2485 3378 so-

1430 3404 1500 3441 lius
1526 3404 1654 3442 litterae
1673 3403 1878 3442 contuenda
1897 3403 2077 3446 sententia
2103 3408 2179 3448 est;
2206 3404 2377 3450 quoniam
2407 3406 2490 3452 qui·-

1428 3464 1526 3510 dem‚
1547 3474 1627 3512 quae
1649 3463 1809 3510 loquitur
1826 3462 1987 3515 Balaam,
2007 3468 2193 3516 assumpta
2220 3463 2394 3512 parabola
2416 3456 2454 3508 s,
2484 3459 2495 3509 ,¹

1429 3525 1591 3573 loquitur
1611 3537 1620 3561 :
1642 3524 1678 3566 in
1701 3523 1882 3572 parabolis
1909 3534 1997 3576 ergo
2029 3529 2066 3567 et
2099 3534 2192 3570 nos,
2227 3526 2323 3574 quod
2353 3527 2431 3571 diei

1431 3587 1632 3632 audiamus.
1669 3583 1708 3623 Si
1728 3585 1829 3632 enim
1853 3579 2059 3631 ‚consideres
2092 3586 2285 3631 divisiones
2316 3587 2419 3638 illas,
2445 3597 2472 3635 ⁴e

1427 3650 1576 3706 ordines
1595 3647 1834 3720 populorum3
1860 3648 1934 3695 qui
1946 3647 1984 3692 ἰιι
2005 3649 2276 3696 resurrectione
2299 3649 2411 3704 hehe,
2461 3691 2466 3695 ,

1426 3718 1491 3760 tur
1521 3713 1560 3757 in
1589 3711 1724 3763 populo
1747 3711 1832 3749 veri
1861 3710 2031 3761 Israelis,
2062 3713 2207 3759 quando
2261 3751 2277 3757 Δ,
2332 3756 2333 3759 ¹
2400 3759 2405 3761 α
2462 3759 2465 3762 .

1429 3777 1595 3820 resurget
1612 3771 1652 3808 in
1676 3781 1742 3809 suo
1759 3771 1900 3817 ordine,
1917 3772 1950 3810 si
1963 3777 2082 3820 potes,
2101 3773 2242 3812 intuere
2258 3773 2375 3826 m'bafl
2389 3770 2400 3783 ⁶

1430 3841 1469 3876 et
1484 3835 1620 3884 plebes,
1646 3839 1684 3874 et
1705 3834 1952 3892 cognationes,
1967 3834 2008 3880 in
2022 3834 2154 3894 quibus
2175 3845 2250 3875 non
2268 3838 2346 3882 tam
2362 3830 2426 3874 eni·
2451 3834 2463 3844 '
