2540 4016
53 203 126 241 209

691 186 1024 229 COMMENTARIA
1048 185 1095 222 ΙΝ
1120 181 1325 222 Exomm.
1348 200 1396 208 -
1418 180 1505 217 LlB.
1530 181 1591 217 lv.

2163 182 2236 220 210

56 280 171 318 reuda
206 279 282 315 Deo
313 277 487 314 virtutum
506 270 677 308 libamina
714 268 846 305 debent
876 263 1077 312 praeparari
1095 273 1105 306 ;
1126 264 1162 303 A
1177 270 1223 296 ex
1257 260 1336 305 ipso
1379 257 1484 294 altari
1520 255 1784 303 thymiamatis,
1823 264 1908 291 cum
1932 265 2043 301 opera
2060 257 2238 295 vil-mmm

58 341 143 388 quia
167 338 336 375 omnibus
366 333 581 384 generaliter
622 329 764 377 pusillis
802 337 883 364 cum
910 325 1111 371 maioribus

58 401 219 447 loquitur
235 396 426 445 Apostolus
442 394 564 430 dicens
581 404 590 427 ι
612 390 823 426 Mundemus
858 399 920 423 nos
954 386 997 422 ab
1017 385 1112 421 omni

58 463 320 507 inquinamento
333 456 448 493 carnis
465 460 496 491 et
520 454 679 501 spiritus,
715 450 934 499 perficientes
954 445 1113 490 sanctifi-

60 523 232 558 cationem
268 519 307 555 in
334 518 456 553 timore
474 514 541 551 Dei
558 513 593 561 (1
614 512 696 548 Cor.
732 510 813 558 vn).
836 506 941 555 Apte*
957 517 1051 543 unus
1071 515 1113 540 ac

59 591 130 616 non
152 580 273 625 dispar
309 581 387 612 erat
406 574 512 621 ignis,
533 572 594 618 qui
631 572 669 607 in
693 572 763 607 hoc
798 569 904 604 altari
930 566 1111 609 victimas,

60 642 95 676 in
119 641 180 676 illo
213 639 320 674 thura
359 635 585 676 incendebat,
622 633 707 678 quia
739 631 911 667 nimirum
948 639 1043 664 unus
1061 631 1117 662 est

61 701 223 746 spiritus,
250 698 311 743 qui
333 701 547 732 cunctorum
585 698 724 729 mentes
758 691 931 733 fidelium,
951 688 1117 725 variante

60 761 293 796 donationum
332 757 447 803 gratia
483 755 655 792 vivificat.
694 753 796 797 Quod
820 758 944 788 autem
978 748 1117 784 incensi

61 819 175 854 altare
202 817 490 863 quadrangulum
527 815 606 858 fuit,
641 824 753 850 unum
794 813 933 848 habens
954 809 1117 845 cubitum

60 878 310 924 longitudinis,
331 884 366 912 et
386 877 539 912 alterum
559 874 776 914 latitudinis,
802 873 891 907 duos
908 879 995 904 vero
1014 869 1051 904 in
1069 868 1119 903 al-

61 939 226 980 titudine,
243 938 428 984 longitudo
460 937 504 972 ad
522 933 831 980 longanimitatem
863 930 1061 976 patientiae,
1079 933 1120 963 ut

62 1001 98 1035 in
117 998 340 1045 expositione
359 996 482 1032 altaris
499 993 700 1029 holocausti
719 992 854 1027 dictum
875 995 943 1032 est,
966 989 1119 1024 latitudo

62 1061 106 1095 ad
146 1054 417 1104 amplitudinem
447 1053 664 1096 dilectionis,
705 1051 855 1087 altitudo
881 1050 1038 1097 pertinet
1075 1048 1120 1083 ad

61 1121 314 1158 sublimitatem
333 1118 424 1163 spei,
444 1127 507 1162 per
524 1126 631 1161 quam
652 1115 689 1150 in
719 1114 884 1149 laborum
922 1111 1119 1148 tolerantia

60 1180 324 1227 temporalium,
343 1185 377 1214 et
397 1179 578 1214 hilaritate
596 1177 811 1218 dilectionis,
835 1176 975 1211 sincera
995 1178 1117 1209 mente
1135 1159 1168 1198 B

61 1244 270 1291 gaudemus.
292 1240 406 1277 Unius
429 1245 547 1275 autem
569 1244 625 1274 est
659 1237 790 1279 cubiti,
813 1241 849 1271 et
872 1235 1057 1280 longitudo
1078 1238 1114 1268 et

61 1305 209 1340 latitudo
237 1303 375 1344 altaris,
412 1301 554 1346 quando
576 1299 706 1335 summi
742 1298 875 1343 quique
892 1302 927 1331 et
963 1293 1118 1340 perfecti

61 1366 97 1401 in
116 1364 276 1400 Ecclesia
290 1363 374 1405 viri,
401 1361 532 1396 nullius
550 1360 700 1395 alterius
718 1358 768 1393 rei
788 1367 895 1403 quam
928 1360 1115 1401 perpetuae

0 1439 1 1446 ¹
62 1424 311 1461 retributionis
338 1423 482 1462 intuitu,
518 1420 611 1455 mala
632 1418 846 1464 temporalia
866 1415 1119 1462 aequanimiter

63 1484 192 1527 serant,
215 1489 251 1519 et
283 1493 433 1528 quaeque
450 1482 586 1517 valent.
606 1479 781 1516 proximis
815 1488 879 1523 per
902 1476 1120 1512 charitatem

62 1545 157 1580 bona
175 1544 398 1590 impendunt.
422 1543 532 1577 Recte
570 1540 683 1575 altare
709 1537 954 1583 thymiamatis
992 1534 1122 1570 1111011-

64 1606 222 1653 gitudine
239 1609 275 1639 et
292 1604 330 1639 in
358 1603 548 1637 latitudine
563 1611 626 1637 sua
658 1598 946 1645 quadrangulum
966 1596 1044 1632 fieri
1062 1595 1120 1640 ju-

64 1670 181 1709 betur,
207 1672 246 1701 ut
265 1666 467 1700 insinuetur
500 1663 595 1709 quod
614 1661 859 1708 perfectorum
877 1660 1028 1699 animus,
1053 1656 1122 1693 soe-

65 1729 202 1766 deratis
221 1727 437 1763 adinvicem
461 1725 654 1760 virtutibus
682 1730 855 1769 quantuni
891 1721 1039 1766 diligere
1053 1718 1123 1754 sra-

64 1794 172 1831 trem‚
199 1794 336 1824 tantum
356 1793 392 1822 et
409 1786 506 1821 serre
541 1783 670 1820 sufficit
689 1794 698 1824 ;
721 1788 758 1818 et
772 1787 946 1828 quantum
978 1790 1044 1825 per
1060 1790 1124 1825 pa-

66 1853 230 1889 tientiam
261 1850 439 1886 sustinere
465 1847 542 1894 ejus
575 1847 780 1884 molestiam
811 1851 945 1891 potest,
982 1849 1123 1879 tantum

64 1919 238 1960 praestare
253 1911 285 1946 ei
303 1921 369 1957 per
396 1909 623 1945 dilectionem
644 1918 718 1943 suae
741 1906 885 1952 pietatis
902 1905 1122 1940 benevolen-

67 1977 152 2013 tiam
172 1977 301 2018 potest.
320 1971 416 2007 Duos
436 1975 557 2006 autem
581 1967 722 2004 cubitos
739 1966 849 2002 habet
863 1965 900 2000 in
920 1964 1121 2006 altitudine,

66 2039 150 2085 quia
172 2036 301 2082 duplex
329 2038 384 2069 est
402 2031 607 2078 praemium,
630 2029 724 2075 quod
742 2038 821 2064 sese
840 2028 877 2063 111
910 2026 1033 2062 sutura
1050 2026 1125 2061 vita

68 2103 278 2144 accepturos
314 2099 462 2140 sperant
489 2091 609 2127 electi.
638 2090 756 2126 Unum
790 2087 956 2123 videlicet
990 2086 1126 2132 quietis

69 2162 285 2201 animarum,
307 2167 388 2193 cum
414 2153 647 2200 corruptibile
664 2154 732 2188 hoc
757 2158 792 2187 et
819 2150 971 2186 mortale
995 2159 1126 2194 corpus

70 2226 261 2262 exuentur,
295 2223 331 2254 et
367 2217 516 2254 coeleste
549 2224 699 2261 regnum
735 2212 949 2249 intraverint
967 2223 975 2255 ;
1014 2211 1125 2255 aliud,

71 2293 151 2319 cum
173 2285 319 2326 recepto
339 2279 466 2314 eodem
500 2286 651 2322 corpore
689 2276 898 2320 incorrupto
932 2281 1040 2319 atque
1059 2273 1128 2308 im-

69 2341 230 2384 mortali,
248 2339 443 2386 perfectius
463 2338 498 2372 in
514 2336 709 2383 praesentia
725 2336 780 2371 sui
796 2335 996 2372 conditoris
1013 2334 1129 2370 exsul-

70 2403 210 2445 tabunt,
227 2399 374 2445 impleta
392 2397 632 2444 promissione
651 2396 862 2442 prophetica
882 2405 951 2440 qua
972 2395 1125 2430 dicitur:

69 2465 110 2502 ln
128 2469 223 2500 terra
243 2472 306 2498 sua
328 2460 482 2507 duplicia
496 2459 743 2506 possidebunt,
767 2458 891 2494 laetitia
909 2459 1129 2503 sempiterna

71 2526 140 2563 erit
162 2525 227 2561 eis.
257 2523 397 2558 Cornua
419 2532 461 2557 ex
478 2522 552 2568 ipso
583 2520 783 2566 procedent,
818 2521 1007 2566 vestiesque
1037 2518 1128 2554 illud

72 2595 159 2620 auro
173 2583 375 2629 purissimo,
395 2587 467 2616 tam
487 2580 692 2615 craticulam
715 2581 809 2625 ejus,
846 2591 952 2625 quam
978 2580 1128 2625 parietes

73 2651 104 2679 et
124 2654 269 2679 cornua.
294 2642 435 2677 Cornua
451 2650 546 2685 saepe
562 2640 598 2674 in
618 2639 816 2684 Scripturis
836 2639 953 2675 solent
970 2639 1131 2674 eminen-

74 2706 162 2742 tiam
181 2705 371 2750 designare
391 2702 474 2737 fidei
492 2706 528 2736 et
550 2700 737 2743 virtutum,
760 2710 825 2746 per
842 2710 950 2746 quam
982 2701 1131 2737 obvian-

75 2768 125 2804 tia
143 2766 248 2802 nobis
266 2763 405 2809 antiqui
425 2762 541 2799 hostis
563 2763 763 2798 certamina
783 2762 986 2798 obtundere
1003 2773 1046 2798 ac
1066 2773 1126 2799 su-

71 2836 201 2875 perare
223 2825 409 2866 debemus,
432 2822 593 2858 dicentes
611 2831 692 2857 cum
730 2821 911 2868 Propheta
943 2823 1098 2859 Domino
1117 2834 1126 2858 ι

73 2886 119 2923 In
149 2893 181 2922 te
215 2885 374 2921 inimicos
415 2889 551 2918 nostros
583 2892 692 2917 cornu
724 2880 969 2917 ventilabimus
1009 2882 1126 2930 (Psal.

73 2946 190 2995 ιιιιι).
213 2946 282 2990 Qui
299 2955 383 2981 mox
403 2945 447 2980 de
463 2954 534 2989 quo
556 2953 667 2979 cornu
693 2943 843 2980 dixisset
860 2945 1047 2981 subdendo
1067 2947 1131 2981 de-

74 3009 225 3048 claravit
241 3007 365 3044 dicens
386 3018 394 3041 :
418 3005 465 3040 Et
483 3006 521 3040 in
538 3005 676 3040 nomine
700 3010 760 3040 tuo
783 3016 985 3051 spernemus
1010 3006 1132 3041 insur-

75 3075 194 3119 gentes
211 3069 250 3104 in
268 3078 344 3104 nos.
370 3066 472 3103 Sicut
492 3076 513 3102 e
527 3070 654 3102 contra
689 3075 948 3111 nonnunquam
966 3066 1060 3102 bella
1078 3068 1133 3103 vi-

77 3129 227 3174 tiorum,
265 3139 345 3175 quae
377 3137 443 3163 nos
476 3136 684 3172 expugnare
713 3125 922 3169 moliuntur,
957 3136 1133 3163 cornuum

75 3190 222 3227 nomine
263 3189 380 3226 solent
411 3187 600 3223 indicare:
629 3186 724 3232 quod
746 3191 940 3233 utrumque
973 3187 1134 3225 breviter

77 3250 300 3295 complexus,
338 3258 404 3294 per
437 3246 656 3292 Prophetam
686 3245 860 3282 Dominus
892 3247 1064 3283 dicebat:
1086 3247 1134 3283 Et

80 3311 195 3347 omnia
213 3321 347 3346 cornua
370 3314 591 3355 peccatorum
616 3306 850 3353 consrinqam,
873 3313 906 3342 et
920 3306 1132 3343 exaltabun-

79 3367 139 3407 ἂν
152 3381 284 3407 cornua
303 3369 394 3417 justi
420 3367 536 3416 (Psal.
562 3366 700 3414 Lxxtv).
737 3366 840 3403 Unde
874 3367 969 3403 bene
997 3368 1036 3403 in
1053 3367 1134 3414 lege

81 3423 221 3467 &muti
239 3434 379 3466 tantum
399 3427 542 3476 generis
559 3426 729 3463 animalia
750 3428 886 3463 munda
900 3437 994 3471 esse,
1015 3433 1052 3463 et
1067 3437 1132 3473 po-

55 3498 60 3529 t
81 3480 240 3539 &Dei
258 3488 492 3526 comestibilia
511 3488 767 3524 decernuntur.
789 3487 876 3531 Quae
904 3488 1001 3524 enim
1017 3487 1132 3523 rumi-

58 3558 61 3578 ¹
85 3538 298 3595 nffli'atque
310 3549 481 3596 ungulam
500 3547 640 3584 findunt
662 3547 846 3591 animalia,
861 3558 904 3584 ea
921 3548 1032 3583 etiam
1047 3557 1135 3584 con-

57 3616 62 3644 1
271 3616 437 3655 cornuta,
471 3615 513 3646 ut
534 3610 747 3647 ostendatur
765 3610 933 3657 mystice,
969 3611 1067 3656 quod
1082 3609 1136 3646 illi

143 3660 412 3723 &junctam
427 3671 493 3709 Dei
513 3671 691 3718 spirituali
715 3670 971 3719 conjunctione
984 3675 1137 3718 possunt

138 3744 192 3762 '¹⁴
217 3732 414 3804 “34:-
422 3732 636 3771 fortitudine
656 3733 742 3770 fidei
755 3779 758 3782 Ι
773 3733 820 3771 3(1
835 3733 944 3771 ,bella
961 3733 1136 3770 vitiorum

236 3805 243 3819 ,
275 3806 290 3821 Η
316 3806 318 3821 ;
340 3806 353 3821 2.
373 3808 387 3824 Α,

414 3808 427 3820 η·
476 3792 616 3831 invicti.
631 3791 839 3831 Procedant
854 3798 980 3830 autem
997 3802 1136 3831 cornua
1160 3789 1163 3794 '

1182 319 1286 356 electi
1302 328 1374 354 non
1409 317 1455 353 ad
1485 316 1617 352 faeiem
1641 314 1830 370 hominum
1867 314 2094 359 specietenus
2117 322 2241 354 osten-

1183 381 1286 422 dunt,
1307 379 1369 415 sed
1388 379 1423 414 in
1445 383 1596 415 externa
1624 376 1758 413 mentis
1789 375 1924 418 radice,
1945 374 2017 410 fixo
2040 381 2148 421 atque
2167 379 2240 414 im-

1182 441 1306 478 mobili
1329 446 1503 478 exercent
1519 439 1662 477 affectu.
1682 438 1847 476 vestitur
1873 443 1996 475 autem
2018 437 2134 474 altare
2154 450 2243 477 auro

1182 503 1391 551 purissimo,
1410 513 1493 540 cum
1509 501 1662 549 perfecti
1679 501 1815 547 quique
1828 509 1915 536 vera
1937 499 2081 535 interna
2100 499 2244 546 sapien-

1186 566 1244 602 tiae
1268 565 1348 600 luce
1386 564 1593 610 refulgent;
1617 573 1699 599 cum
1735 562 1771 598 in
1795 561 1964 598 omnibus
2000 571 2080 607 quse
2119 567 2244 608 agunt,

1186 625 1412 672 splendorem
1434 624 1625 660 charitatis
1654 623 1754 659 velut
1771 622 1972 669 quotidiani
2002 621 2156 668 gloriam
2182 622 2246 658 ha-

1185 686 1282 722 bitus
1307 690 1590 732 praemonstr-am
1615 694 1698 720 cum
1731 683 1944 719 memoriam
1978 682 2046 719 sibi
2065 687 2249 728 perpetuae

1187 748 1364 784 claritatis
1389 758 1534 794 semper
1549 748 1669 783 inesse
1687 747 1830 782 cunctis
1847 756 1930 782 sese
1947 746 2154 782 viventibus
2173 746 2250 781 sive

1188 812 1418 848 audientibus
1446 812 1664 855 ostendunt;
1687 821 1769 846 cum
1801 821 1839 846 se
1857 817 1941 847 ante
1957 812 2079 846 omnia
2098 820 2250 858 regnum

1188 875 1251 909 Dei
1274 880 1309 910 et
1330 874 1509 919 justitiam
1545 875 1622 921 ejus
1650 875 1810 921 cogitare
1833 880 1870 910 et
1906 884 2069 920 quaerere
2099 874 2252 911 manisev

1190 939 1298 969 stant.
1323 935 1368 969 Et
1386 935 1478 971 hene
1498 940 1572 970 tam
1594 937 1768 972 craticula
1789 936 1926 977 altaris,
1951 946 2060 982 quam
2090 936 2251 982 parietes

1190 998 1226 1027 et
1249 1003 1385 1028 cornua
1413 995 1538 1029 vestiri
1579 1005 1668 1030 auro
1698 995 1885 1039 iubentur.
1911 995 2094 1031 Craticula
2119 996 2253 1042 quippe

1191 1055 1289 1090 intus
1310 1055 1346 1089 in
1369 1055 1487 1090 medio
1506 1061 1584 1090 erat
1602 1056 1742 1098 altaris,
1763 1057 1809 1091 ad
1833 1057 2058 1102 suscipienda
2080 1058 2253 1096 nimirum

1196 1116 1432 1162 thymiamata
1451 1121 1607 1160 parata;
1641 1116 1800 1161 parietes
1835 1126 1922 1152 vero
1953 1115 2041 1152 foris
2077 1117 2255 1162 parabant

1190 1186 1339 1218 cornua,
1367 1181 1403 1211 et
1422 1176 1498 1221 ipsa
1515 1175 1603 1211 soris
1621 1176 1799 1221 parentia,
1817 1176 1963 1221 speciali
1982 1176 2124 1222 lastigio
2142 1176 2252 1212 altius

1190 1238 1408 1274 eminebant.
1433 1237 1635 1272 Deauratnr
1651 1243 1771 1273 autem
1806 1237 1996 1279 craticula,
2038 1247 2120 1272 cum
2142 1237 2178 1272 in
2200 1238 2256 1273 in-

1188 1298 1321 1334 teriore
1340 1297 1486 1332 homine
1518 1303 1642 1332 nostro
1672 1307 1738 1342 per
1756 1296 1863 1333 fidem
1896 1297 2031 1333 Christi
2062 1298 2179 1344 gratia
2199 1308 2257 1334 re-

1190 1359 1365 1404 splendet.
1401 1359 1630 1394 Deaurantur
1647 1360 1822 1404 parietes,
1861 1370 1943 1395 cum
1980 1361 2107 1395 eadem
2141 1361 2256 1407 gratia

1191 1418 1388 1453 Dominicae
1413 1418 1621 1454 dilectionis
1659 1428 1724 1464 per
1750 1419 1844 1455 bona
1879 1429 1917 1455 se
1949 1420 2112 1456 exterius
2145 1430 2256 1466 opera

1191 1477 1333 1512 dilatat.
1355 1477 1585 1513 Deaurantur
1604 1483 1639 1513 et
1658 1489 1806 1521 cornua,
1838 1489 1921 1514 cum
1941 1480 2020 1525 ipsa
2036 1479 2168 1514 fiducia
2183 1479 2259 1515 sor-

1195 1539 1357 1574 titudinis
1374 1539 1569 1584 justorum,
1591 1550 1671 1585 quse
1707 1541 1938 1577 adversarios
1971 1541 2153 1584 veritatis,
2182 1541 2259 1577 sive

1192 1609 1256 1645 per
1289 1600 1503 1644 patientiam
1543 1599 1688 1637 fortiter
1730 1602 1840 1645 serre,
1859 1613 1922 1638 seu
1956 1612 2022 1648 per
2042 1603 2258 1649 patientiam

1192 1660 1392 1706 prudenter
1408 1660 1585 1706 repellere
1599 1662 1656 1697 vel
1672 1662 1858 1708 corrigere
1877 1663 2085 1707 didicerint,
2104 1664 2258 1699 internae

1193 1721 1284 1757 lucis
1304 1722 1340 1756 in
1364 1722 1532 1757 omnibus
1551 1721 1690 1768 fulgore
1709 1729 1889 1759 coruscat.
1909 1724 1954 1760 Et
1973 1725 2146 1770 quoniam
2168 1725 2259 1761 tales

1190 1781 1271 1826 jure
1292 1783 1413 1819 dicere
1436 1789 1602 1828 possunt.
1623 1783 1764 1819 Bonum
1789 1792 1964 1822 certamen
1998 1789 2143 1831 certavi,
2179 1800 2262 1823 cur-

1194 1853 1271 1878 sum
1290 1844 1545 1887 consummavi,
1566 1844 1672 1888 fidem
1703 1847 1850 1889 servavi,
1880 1846 1931 1881 De
1951 1847 2085 1894 reliquo
2104 1850 2259 1896 reposita

1196 1908 1245 1938 est
1260 1904 1346 1938 mihi
1379 1915 1510 1939 corona
1530 1905 1683 1950 justitioe
1704 1905 1761 1953 (II
1781 1906 1873 1942 Tim.
1908 1908 1972 1955 lv).
2002 1909 2115 1945 Recte
2137 1911 2260 1946 subdi-

1195 1970 1255 2000 tur
1276 1976 1284 1998 :
1308 1963 1504 2012 Faciesque
1528 1967 1560 2001 ei
1581 1978 1746 2003 coronam
1761 1969 1942 2005 aureolam
1958 1982 2020 2017 per
2036 1983 2174 2018 gyrum.
2194 1972 2263 2009 Co·

1196 2036 1287 2062 rona
1308 2027 1442 2063 etenim
1480 2029 1627 2064 aureola
1666 2039 1731 2074 per
1749 2040 1878 2076 gyrum
1899 2031 1939 2067 fit
1974 2033 2079 2068 altari
2106 2035 2264 2082 thymia-

1198 2089 1320 2133 matis,
1344 2099 1427 2125 cum
1463 2091 1580 2126 sancti
1606 2101 1673 2136 pro
1693 2091 1799 2128 bonis
1819 2103 1900 2138 quie
1924 2103 1962 2129 se
1994 2095 2112 2141 egisse
2131 2098 2261 2132 memi-

1196 2155 1342 2193 nerunt,
1384 2151 1532 2196 praemia
1554 2152 1811 2197 praestolantur
1843 2159 1991 2190 aeterna.
2025 2155 2070 2190 Et
2085 2156 2178 2192 bene
2198 2167 2262 2203 per

1197 2220 1325 2256 gyrum
1352 2210 1478 2246 altaris
1505 2222 1638 2247 corona
1658 2212 1712 2256 fit,
1732 2219 1772 2249 ut
1796 2215 1919 2250 omnia
1935 2226 2015 2262 quae
2033 2216 2166 2260 secere,
2193 2227 2267 2254 coe·

1196 2269 1277 2306 lesti
1298 2271 1467 2306 mercede
1485 2271 1593 2318 digna
1612 2283 1694 2309 esse
1712 2274 1924 2311 doceantur.
1951 2276 1999 2311 Et
2033 2277 2122 2313 duos
2150 2289 2264 2313 amm-

1198 2330 1249 2367 los
1286 2342 1411 2366 aureos
1449 2331 1568 2367 subter
1601 2344 1766 2370 coronam
1799 2347 1861 2382 per
1897 2337 2037 2383 singula
2071 2338 2196 2381 latera,
2226 2344 2266 2374 ut

1198 2393 1384 2427 mittantur
1404 2393 1440 2427 in
1459 2404 1518 2428 eos
1551 2400 1676 2438 vectes,
1699 2401 1731 2430 et
1762 2395 1875 2431 altare
1904 2403 2074 2442 portetur,
2104 2398 2266 2444 ipsosque

1199 2459 1307 2489 vectes
1344 2453 1451 2498 facies
1490 2454 1532 2490 de
1564 2455 1668 2501 liquis
1700 2458 1802 2500 sethi,
1839 2463 1872 2493 et
1891 2458 2086 2494 inaurabis.
2109 2458 2267 2495 Possunt

1199 2513 1345 2558 quidem
1361 2513 1398 2548 in
1412 2514 1469 2548 his
1481 2514 1623 2550 annulis
1637 2516 1769 2560 quibus
1789 2517 1903 2552 altare
1921 2519 2146 2563 portabatur,
2161 2518 2267 2564 juxta

1200 2574 1297 2619 quod
1314 2583 1423 2619 supra
1444 2574 1480 2608 in
1507 2574 1613 2609 altari
1634 2575 1852 2618 holocausti,
1885 2587 1970 2612 arca
1990 2583 2028 2613 et
2045 2588 2171 2614 mensa
2201 2589 2266 2616 ex-

1199 2635 1358 2680 positum
1384 2641 1453 2675 est,
1471 2640 1627 2680 quatuor
1648 2635 1928 2682 Evangeliorum
1945 2637 2026 2673 libri
2044 2649 2116 2674 non
2137 2639 2266 2675 incon-

1200 2694 1389 2730 venienter
1422 2694 1553 2740 accipi,
1580 2705 1646 2741 per
1671 2706 1825 2741 quorum
1856 2695 1966 2732 fidem
1997 2707 2039 2733 36
2062 2698 2266 2736 doctrinam

1199 2757 1314 2793 sancti
1325 2761 1531 2802 portantur,
1545 2762 1654 2802 atque
1669 2767 1688 2792 a
1709 2757 1864 2793 terrenis
1881 2758 2162 2804 cogitationibus
2180 2761 2266 2798 sub-

1200 2818 1323 2862 levati,
1344 2828 1410 2864 per
1441 2827 1605 2854 eremum
1639 2818 1748 2864 hujus
1766 2818 1863 2862 vitae,
1900 2819 2121 2865 quotidianis
2147 2822 2266 2859 bono-

1199 2891 1280 2918 rum
1318 2889 1471 2925 operum
1508 2879 1753 2925 profectibus,
1800 2880 1988 2916 coelestem
2030 2881 2198 2919 seruntur
2219 2884 2266 2920 ad

1201 2943 1371 2990 patriam.
1391 2942 1525 2977 Verum
1545 2941 1630 2986 quia
1661 2941 1712 2977 ibi
1732 2940 1924 2978 manifeste
1962 2948 2119 2989 quatuor
2135 2944 2262 2981 circuli

1203 3005 1295 3047 fieri,
1316 3004 1387 3040 duo
1410 3003 1590 3045 videlicet,
1614 3003 1651 3038 in
1686 3002 1801 3039 latere
1833 3013 1920 3046 uno,
1940 3009 1977 3039 et
2007 3005 2078 3041 duo
2094 3006 2133 3041 111
2148 3006 2265 3042 altero

1201 3064 1476 3112 praecipiuntur,
1498 3063 1559 3099 hic
1577 3068 1699 3099 autem
1718 3063 1830 3099 tacito
1849 3074 2001 3100 numero
2017 3066 2264 3111 quaternario,

1203 3125 1273 3160 duo
1293 3124 1417 3160 annuli
1441 3133 1507 3170 per
1533 3123 1674 3170 singula
1712 3124 1824 3160 latera
1850 3124 1953 3168 fiunt,
1988 3136 2057 3172 pro
2088 3133 2189 3162 certo
2215 3126 2266 3162 ibi

1203 3190 1351 3230 apertus
1376 3184 1688 3231 Evangelistarum
1722 3194 1896 3221 numerus
1925 3185 2066 3228 claret;
2094 3185 2156 3221 1116
2175 3195 2266 3220 vero

1203 3246 1312 3281 etiam
1339 3245 1437 3281 aliud
1473 3245 1646 3292 quiddam
1667 3245 1831 3292 mysterii
1864 3245 2076 3292 spiritualis,
2099 3245 2196 3291 quod
2216 3247 2263 3282 ad

1203 3306 1434 3342 dilectionem
1458 3306 1523 3342 Dei
1541 3311 1577 3342 et
1591 3306 1750 3352 proximi
1771 3315 1910 3342 summe
1943 3305 2129 3351 respiciat,
2153 3305 2262 3344 inest.

1201 3368 1421 3415 Persingula
1430 3368 1566 3404 etenim
1584 3368 1699 3404 latera
1716 3367 1860 3404 annulis
1879 3367 2000 3403 aureis
2014 3367 2263 3406 circumdatur

1202 3429 1332 3474 altare,
1353 3430 1438 3476 quia
1454 3439 1518 3465 cor
1537 3429 1736 3465 electorum
1756 3429 1842 3464 hinc
1873 3432 1910 3463 et
1929 3427 2012 3464 inde
2029 3429 2094 3465 Dei
2113 3440 2158 3467 ac
2175 3441 2261 3478 pro-

1201 3489 1290 3525 ximi
1308 3489 1500 3525 dilectione
1517 3487 1768 3525 confirmatur.
1785 3486 1871 3530 Quae
1890 3488 1982 3525 bene
1999 3490 2145 3528 annulis
2161 3502 2262 3530 com-

1203 3556 1366 3598 paratur,
1401 3550 1487 3596 quia
1508 3553 1682 3585 evacuata
1711 3548 1750 3583 in
1763 3547 1836 3584 fine
1853 3551 2057 3596 prophetia,
2075 3553 2263 3592 destructa

1205 3612 1370 3654 seientia,
1394 3611 1622 3648 cessantibus
1635 3610 1783 3657 linguis,
1804 3612 1880 3658 ipsa
1917 3623 2104 3660 nunquam
2139 3599 2281 3655 cessa--

1203 3672 1270 3709 bit.
1290 3671 1474 3714 Duosunt
1504 3674 1626 3705 autem
1642 3669 1764 3706 annuli
1781 3681 1848 3717 per
1867 3671 2008 3719 singula
2027 3673 2160 3719 latera,
2175 3676 2262 3722 quia

1204 3737 1398 3778 utrumque
1413 3730 1606 3768 charitatis
1622 3730 1832 3768 mandatum
1864 3733 2010 3780 gemina
2028 3734 2167 3773 virtute
2185 3735 2279 3780 div,
