2540 4016
117 135 188 173 273

735 136 1069 176 EXPOSITIONES
1095 137 1142 174 ΙΝ
1169 137 1438 178 LEVlTlCUM.
1466 162 1513 168 —
1537 143 1624 181 LlB.
1649 145 1677 181 1.

2238 153 2310 191 2⁷4

115 227 183 254 nos
208 217 246 254 in
262 218 431 264 passione
444 218 522 265 ejus
546 219 725 266 accipere,
760 220 918 267 probant
935 218 1042 256 Pilati
1057 225 1095 256 et
1114 219 1176 256 Ju-
1193 218 1354 259 Aliceat
1394 220 1531 257 Christi
1560 222 1780 259 sacrificium
1814 225 1965 270 imitari,
1987 228 2022 263 id
2046 236 2116 274 est,
2150 235 2225 270 tam
2250 233 2310 271 his

115 278 277 316 daeorum
313 281 446 325 turbae;
481 281 565 325 (hun
596 281 694 318 enim
714 283 920 320 traderetur
950 284 1065 327 cruci,
1098 283 1175 330 ipse

111 341 262 386 quidem
294 342 476 380 clamabat
505 353 514 378 :
550 342 708 380 Mundus
742 355 821 381 sum
846 356 868 380 a
892 345 1063 392 sanquine
1084 345 1176 391 justi

112 400 221 447 hujus
239 400 384 449 (Manli.
406 402 536 451 xxvn).
556 402 612 439 Illi
627 411 748 440 autem
766 417 774 440 :
799 404 954 451 Sanquis
973 405 1050 452 ejus
1070 416 1176 452 super

112 472 175 497 nos
191 469 222 498 et
239 474 345 510 super
372 463 466 509 filios
493 470 631 501 nostros
654 455 795 514 (Ibida.
817 466 932 512 Huius
953 468 1174 514 aspersionis

112 530 148 559 et
172 524 302 562 Petrus
327 526 365 562 in
389 526 567 564 catholica
587 528 740 575 epistola
768 529 948 572 meminit,
975 529 1174 576 apostolum

110 595 149 621 se
183 587 375 624 nominans
407 589 598 625 secundum
622 591 878 637 praescientiam
909 591 972 627 Dei
989 590 1110 627 Patris
1137 593 1174 627 in

109 648 385 692 sanctificatione
405 650 562 696 spiritus,
587 651 623 686 in
636 651 868 688 obedientiam
885 659 917 687 et
937 653 1174 699 aspersionem

107 708 290 752 sanguinis
305 709 390 745 Jesu
408 709 539 747 Christi
554 711 590 758 (Ι
605 712 703 748 Petr.
726 715 768 760 1).
791 712 972 760 Ponetque
992 713 1035 748 de
1052 713 1172 749 eodem

105 769 275 814 sanquine
297 781 403 816 super
424 783 560 808 cornua
575 772 701 808 altaris
721 773 962 820 thymiamatis
978 774 1172 819 qratissimi

103 827 270 872 Domino,
291 831 384 876 quod
417 839 467 868 est
487 834 524 867 in
541 833 768 869 tabernaculo
797 834 999 869 testimonii.
1023 833 1089 870 Hic
1120 834 1172 870 al-

104 896 182 926 tare
203 892 324 928 sedem
351 894 429 938 Dei,
460 896 528 931 hoc
543 900 599 931 est
617 895 817 937 cherubim,
847 895 1047 941 significat3
1074 897 1171 940 quod

102 953 198 988 enim
221 959 305 989 sunt
324 955 440 990 altare
460 956 570 991 lsaias
596 966 661 1001 per
689 956 869 992 visionem
898 957 1080 1003 seraphim
1096 967 1170 993 ma-

103 1011 304 1056 nifestavit,
327 1015 378 1050 ait
396 1015 490 1050 enim
510 1027 517 1050 :
536 1015 581 1049 Et
601 1015 726 1051 volavit
753 1017 798 1051 ad
825 1028 879 1052 me
899 1029 990 1053 unus
1009 1018 1051 1054 de
1067 1030 1167 1054 sera-

98 1074 208 1119 phim,
230 1075 313 1109 etin
342 1086 450 1110 manu
476 1075 552 1120 ejus
583 1076 740 1113 calculus
757 1090 857 1125 quem
887 1079 1018 1126 forcipe
1038 1080 1168 1116 tulerat

1247 280 1309 326 qui
1334 279 1517 317 inferioris
1531 286 1616 317 sunt
1635 283 1940 329 conversationis,
1957 285 2012 321 eis
2029 289 2162 335 quippe
2175 302 2309 330 00an-

1245 341 1323 376 nire
1338 341 1576 386 pacificorum
1610 343 1770 380 diximus
1796 343 2030 390 sacrificium,
2055 357 2166 394 quam
2180 352 2311 391 altiora

1243 400 1484 446 sapientibus,
1504 403 1638 450 quibus
1657 403 1795 440 imitari
1816 405 1960 449 sufficit,
1983 417 2065 453 quae
2083 416 2310 454 sequutum-2

1243 461 1378 498 Pellem
1396 476 1475 500 vero
1502 471 1535 501 et
1551 477 1669 502 omnes
1684 477 1808 503 carnes
1827 478 1908 503 cum
1934 470 2048 516 capite
2061 476 2095 506 et
2118 470 2264 518 pedibus
2275 479 2311 511 ee

1243 524 1432 568 intestinis,
1467 532 1500 562 et
1532 527 1616 573 limo
1657 534 1690 564 et
1717 528 1851 576 reliquo
1884 541 2030 578 corpore
2058 532 2179 579 efferet
2210 540 2311 572 extra

1243 591 1374 621 castra.
1397 585 1500 630 Quod
1514 589 1690 635 praecepit
1703 595 1745 626 ut
1759 600 1832 627 non
1851 590 2037 628 Christum
2063 593 2217 639 dividas,
2239 596 2311 633 sic-

1241 650 1282 682 ut
1308 648 1458 694 quidam
1477 649 1644 686 dividunt
1671 651 1833 689 dicentes
1859 664 1867 688 ε
1889 652 1922 689 Is
1952 654 2014 699 qui
2041 655 2085 691 de
2106 655 2220 692 Maria
2238 661 2310 703 est,

1242 717 1370 753 passus
1399 715 1469 753 est,
1492 711 1553 756 qui
1574 716 1695 748 autem
1711 714 1754 749 de
1774 714 1848 750 Deo
1863 714 1973 751 Patre
2001 722 2068 760 est,
2091 727 2222 763 passus
2236 729 2311 756 non

1242 777 1309 807 est.
1339 771 1451 808 Nobis
1469 774 1566 809 enim
1587 786 1681 811 unus
1712 775 1887 813 Dominus
1906 776 2011 814 Jesus
2042 778 2222 824 Christus,
2245 791 2311 827 per

1242 843 1348 878 quem
1369 836 1505 878 omnia,
1531 839 1593 882 qui
1615 836 1718 884 [Ms.,
1738 838 1857 886 quia],
1886 841 2085 877 secundum
2105 844 2202 888 quod
2216 843 2310 880 Pau-

1239 893 1295 929 lus
1322 895 1414 930 «lixit
1431 925 1439 931 .
1461 896 1552 932 Cum
1572 903 1612 933 ut
1633 898 1742 935 homo
1769 905 1959 946 pateretur
1975 902 2164 946 miracula,
2186 909 2307 941 tamen

1239 952 1276 987 in
1306 955 1538 999 passionibus
1559 959 1781 1003 operabatur
1805 966 1845 996 ut
1867 961 1965 998 Deus
1984 962 2109 1010 (Hebr.
2134 964 2190 1012 ιι).
2212 965 2308 1002 Caro

1239 1014 1337 1050 enim
1355 1015 1391 1050 in
1408 1016 1562 1053 Domino
1577 1019 1696 1055 omnis
1711 1020 1790 1066 ejus
1810 1021 2032 1065 humanitas,
2049 1026 2133 1070 quia
2158 1024 2306 1063 Verbum

1237 1086 1320 1111 caro
1355 1076 1489 1122 sactum
1519 1084 1582 1122 est,
1608 1079 1756 1123 dicitur,
1793 1087 1943 1128 propter
1975 1085 2072 1130 quod
2091 1091 2127 1121 et
2157 1097 2306 1124 carnem

97 1133 141 1168 de
155 1133 262 1169 altari
279 1134 368 1182 (Isa.
390 1135 456 1182 vi).
474 1137 687 1183 Thymiama
717 1147 838 1175 autem
865 1140 960 1176 sicut
988 1140 1084 1176 LXX
1104 1141 1161 1177 di-
1182 1130 1214 1169 B
1233 1137 1311 1183 eJ'US
1328 1148 1408 1173 Cum
1431 1139 1550 1185 capite
1579 1146 1616 1176 θῑ
1642 1142 1793 1187 Pedibus
1809 1143 1865 1178 vel
1884 1155 1967 1180 cum
1986 1146 2105 1191 capite
2132 1153 2168 1183 ‘³2
2188 1155 2306 1187 2⁸1¹*ss-

97 1200 184 1230 cunt
200 1197 493 1242 compositiones,
517 1200 817 1246 compositionem
832 1203 994 1238 omnium
1013 1203 1108 1239 sicut
1125 1205 1162 1240 in

96 1256 332 1303 thymiamate
352 1260 526 1295 virtutum
545 1261 634 1297 dicit
657 1274 665 1297 :
698 1263 782 1309 quia
816 1269 901 1299 sunt
933 1264 1162 1312 intelligibile

98 1319 310 1365 thymiama,
341 1322 401 1358 ubi
422 1323 553 1370 quippe
590 1325 693 1361 decet
716 1326 883 1370 virtutes,
904 1327 974 1363 nisi
1005 1328 1041 1363 in
1075 1329 1161 1364 sede

97 1381 159 1418 Dei
181 1393 260 1418 esse
292 1386 511 1430 compositas
536 1398 543 1421 ε
565 1385 600 1421 in
622 1387 753 1432 quibus
775 1394 812 1424 et
842 1389 872 1424 si
893 1388 930 1424 in
955 1395 1052 1425 terra
1073 1400 1160 1426 con-

92 1444 250 1480 versatio
278 1451 346 1489 est,
374 1446 419 1482 de
452 1448 545 1483 coelo
564 1454 686 1485 tamen
717 1449 965 1494 descendunt,
1002 1453 1096 1488 unde
1125 1457 1161 1488 et

91 1503 226 1541 Paulus
264 1506 308 1542 de
338 1507 395 1543 his
423 1509 484 1554 qui
529 1510 565 1545 in
607 1510 804 1546 virtutibus
848 1513 1160 1548 conversabantur

93 1566 183 1601 dixit
204 1579 210 1599 τ
237 1566 368 1603 Nostra
388 1575 504 1604 autem
527 1573 744 1607 conversatio
774 1573 811 1608 in
828 1573 921 1608 coelis
942 1580 990 1609 est
1008 1573 1156 1622 (Philip.

92 1626 162 1673 ιιι).
186 1626 340 1664 Jacobus
357 1640 443 1665 vero
464 1631 513 1665 ait
531 1644 538 1666 :
562 1632 650 1675 Quse
679 1639 795 1668 autem
816 1634 1001 1671 desursum
1025 1642 1075 1671 est
1097 1648 1158 1671 sa-

89 1687 237 1733 pientia,
271 1690 424 1735 primum
457 1692 595 1738 quidem
626 1693 773 1740 beniyna
796 1701 846 1730 est
880 1695 975 1742 (Jac.
998 1695 1066 1743 111).
1093 1696 1159 1733 Sa-

89 1750 263 1795 pientiam
295 1751 420 1787 dicens
443 1763 551 1788 unam
569 1753 614 1789 de
647 1756 875 1798 generalibus
906 1766 988 1792 esse
1012 1758 1160 1793 virtuti-

87 1811 170 1847 bus.
197 1811 283 1847 Post
301 1812 395 1848 hanc
409 1813 505 1848 enim
527 1813 718 1858 fortitudo,
744 1821 780 1851 et
797 1816 956 1862 justitia,
976 1822 1012 1852 et
1032 1818 1155 1854 chari-

87 1876 157 1914 tas,
178 1872 291 1908 multo
321 1874 436 1920 magis
466 1879 502 1910 et
531 1880 671 1912 caeterae
705 1887 788 1912 cum
820 1877 889 1913 hac
923 1879 1152 1924 ordinantur,

86 1943 164 1979 quae
182 1934 267 1969 dum
286 1939 369 1970 sunt
388 1941 560 1980 quatuor,
578 1942 617 1972 ut
635 1937 808 1980 arbitror,
826 1939 1050 1976 excellenter
1071 1950 1153 1976 cor-

86 2005 156 2030 nua
177 1995 340 2040 praedicti
367 1995 508 2039 altaris,
531 1997 614 2042 quia
636 2007 769 2043 genera
797 2005 883 2034 sunt
901 2000 1056 2036 aliarum
1076 2002 1151 2036 vir-

86 2061 202 2092 tutum
248 2058 520 2102 convenienter,
566 2059 814 2095 nominantur.
852 2060 912 2096 Ait
950 2067 1071 2098 autem
1114 2069 1151 2099 et

83 2116 195 2153 lsaias
219 2130 227 2166 ς
248 2117 504 2155 Misericordioe
523 2119 666 2156 Domini
684 2122 906 2158 memorabor
923 2124 1149 2161 reminiscens

82 2179 251 2214 virtutum
271 2180 361 2225 ejus.
381 2180 455 2217 Has
476 2181 650 2218 Dominus
668 2183 773 2230 ungit
788 2185 937 2230 proprio
957 2186 1147 2232 sanguine,

82 2240 255 2276 virtutem
273 2241 327 2276 eis
345 2248 523 2287 praestans
542 2243 719 2290 majorem
736 2245 1081 2295 perfectioremque,
1110 2255 1150 2286 ut

82 2306 208 2337 contra
218 2302 509 2340 adversariorum
521 2305 618 2341 vires
627 2306 825 2352 praevalere
834 2309 1149 2354 possint.0mnem

82 2363 258 2409 reliquum
297 2366 510 2412 sanguinem
545 2367 649 2403 vituli
674 2367 776 2404 fundi
797 2369 893 2406 circa
914 2371 1029 2408 basim
1054 2373 1146 2410 alta-

81 2424 132 2460 ris
167 2425 382 2470 holocausti,
419 2429 517 2474 quod
549 2430 661 2466 estin
683 2431 919 2469 tabernaculo
948 2436 1146 2473 testimonii

0 2498 15 2528 ,·
67 2488 264 2534 ipraeeepit.
310 2488 434 2526 Altarc
480 2491 803 2532 holocaustomatis
850 2507 976 2534 rursus
1009 2498 1147 2536 Christi

67 2560 214 2595 ‹corpus
246 2551 504 2598 intelligamus.
541 2553 643 2590 Sicut
673 2557 770 2592 enim
799 2557 877 2603 ipse
916 2560 1086 2595 sacerdos
1111 2566 1147 2596 et

81 2609 300 2644 sacrificium
322 2615 391 2653 est,
413 2611 465 2646 sic
484 2617 520 2647 et
539 2613 653 2649 altare
668 2620 743 2658 est;
765 2616 796 2651 si
817 2622 940 2654 autem
971 2619 1006 2654 in
1022 2619 1145 2657 multis

65 2670 286 2707 -nominibus
322 2682 435 2707 unum
478 2675 534 2709 est
568 2673 664 2719 quod
700 2675 939 2722 significatur,
986 2680 1143 2718 diximus

64 2731 212 2778 ¹quippe
231 2742 314 2768 eum
334 2739 504 2779 oportere
524 2735 676 2782 intelligi
694 2737 805 2773 etiam
826 2739 960 2784 velum,
982 2742 1071 2778 nihil
1088 2750 1145 2781 est

64 2792 175 2840 ·quod
193 2803 239 2829 ex
268 2793 338 2830 hoc
356 2795 473 2840 possit
491 2796 691 2841 obsistere;
718 2799 803 2835 dum
818 2802 914 2837 enim
930 2803 1052 2840 multae
1070 2805 1143 2842 sint

65 2853 114 2890 ·in
134 2854 213 2901 ipso
242 2856 488 2902 operationes,
510 2859 771 2896 convenienter
787 2862 896 2898 etiam
925 2864 1038 2902 multa
1059 2871 1142 2902 sunt

1233 1201 1316 1243 mis,
1337 1201 1506 1238 videlicet
1533 1203 1701 1249 pedibus.
1726 1203 1788 1240 Sic
1802 1205 1900 1241 enim
1923 1208 2047 1243 caeteri
2064 1208 2304 1256 interpretum

1231 1261 1439 1307 ediderunt,
1451 1262 1562 1308 J'ussit
1585 1265 1728 1302 incendi
1747 1272 1787 1302 ut
1802 1277 1870 1313 per
1886 1269 2060 1314 praedicta
2074 1271 2200 1316 verba,
2221 1282 2305 1309 eum

1231 1324 1293 1369 qui
1321 1334 1388 1369 pro
1414 1325 1519 1361 nohis
1542 1337 1675 1372 passus
1694 1333 1749 1364 est
1778 1338 1857 1364 esse
1878 1339 1898 1364 a
1916 1330 2111 1377 principio,
2132 1334 2222 1369 etin
2241 1346 2304 1372 no-

1229 1384 1390 1420 vissimis
1427 1385 1727 1433 intelligeremus,
1747 1390 1792 1426 de
1812 1401 1884 1437 quo
1915 1391 1962 1427 ait
1987 1391 2135 1439 Paulus,
2154 1398 2239 1443 quia
2265 1399 2302 1433 in

1228 1446 1303 1491 ipso
1322 1452 1440 1481 creata
1454 1454 1536 1483 sunt
1557 1450 1676 1486 omnia
1699 1461 1777 1498 quoe
1792 1453 1829 1489 in
1851 1455 1960 1498 coelis,
1979 1462 2013 1492 et
2037 1469 2117 1504 quoe
2130 1458 2168 1493 in
2191 1465 2300 1503 terra,

1229 1509 1379 1545 visibilia
1399 1517 1431 1546 et
1448 1512 1652 1549 invisibilia.
1682 1513 1762 1550 Sive
1782 1517 1913 1562 throni,
1936 1520 2008 1555 sive
2029 1521 2300 1564 dominationes,

1228 1571 1297 1606 sive
1314 1573 1548 1619 principatus,
1575 1576 1647 1611 sive
1667 1583 1870 1622 potestates.
1888 1580 2018 1618 Omnia
2036 1594 2102 1629 per
2117 1585 2251 1631 ipsum,
2268 1592 2301 1622 et

1227 1633 1264 1667 in
1293 1633 1369 1679 ipso
1389 1640 1507 1670 creata
1526 1644 1622 1680 sunt,
1641 1645 1672 1673 et
1692 1638 1765 1684 ipse
1790 1647 1841 1676 est
1862 1648 1944 1678 ante
1967 1646 2102 1689 omnia,
2124 1652 2155 1682 et
2181 1649 2301 1683 omnia

1228 1694 1264 1729 in
1285 1694 1362 1741 ipso
1380 1702 1555 1732 constant.
1578 1698 1624 1734 Et
1643 1699 1715 1745 ipse
1730 1707 1781 1736 est
1810 1710 1913 1749 caput
1939 1707 2096 1742 corvaris
2114 1706 2300 1754 Eccksioe,

1227 1756 1289 1802 qui
1323 1762 1371 1792 est
1413 1757 1626 1805 principium
1663 1761 1917 1809 primogenitus
1938 1776 1959 1800 a
1980 1767 2145 1812 mortuis,
2182 1774 2219 1804 ut
2255 1769 2300 1805 sit

1226 1818 1300 1863 ipse
1328 1819 1365 1853 in
1397 1820 1558 1855 omnibus
1598 1821 1792 1868 primatum
1830 1830 1951 1861 tenens
1987 1826 2120 1874 (Colos.
2160 1828 2201 1876 1).
2241 1830 2298 1867 In-

1226 1888 1335 1924 super
1364 1889 1446 1915 cum
1479 1881 1663 1918 intestinis
1694 1890 1730 1920 et
1759 1884 1867 1930 fimo,
1903 1887 1982 1931 vel,
2011 1888 2106 1925 sicut
2142 1890 2299 1937 Septua-

1224 1940 1337 1987 ginta,
1362 1951 1443 1977 cum
1463 1949 1592 1980 ventre
1610 1951 1645 1981 et
1661 1951 1836 1991 stercore,
1859 1950 1923 1993 ait,
1939 1956 1980 1986 ut
1993 1952 2079 1997 quia
2094 1954 2228 1990 mentis
2243 1955 2299 1991 in-

1223 2003 1419 2050 telligibilis
1442 2011 1569 2042 venter
1589 2007 1742 2053 liguram
1772 2011 1879 2057 gerit,
1905 2012 1998 2049 sicut
2030 2014 2068 2050 in
2101 2017 2294 2054 sacrificiis

1222 2064 1375 2101 aliorum
1404 2066 1699 2105 holocaustorum
1730 2072 1969 2117 ostendimus,
1999 2084 2043 2111 ex
2072 2086 2116 2112 eo
2135 2084 2296 2115 mentem

1221 2126 1394 2164 habuisse
1415 2133 1581 2165 nostram
1598 2140 1682 2166 eum
1700 2132 1761 2178 qui
1780 2143 1847 2179 pro
1867 2134 1972 2171 nobis
1991 2146 2120 2182 passus
2136 2143 2206 2182 est,
2228 2140 2296 2175 mi-

1220 2188 1318 2225 nime
1336 2189 1563 2235 ignoramus,
1584 2193 1680 2238 quod
1700 2194 1850 2239 quidam
1868 2196 2125 2235 haereticorum
2144 2207 2292 2248 negant.

1220 2250 1344 2288 Fimus
1363 2258 1484 2289 autem
1505 2261 1653 2300 peccata
1673 2257 1817 2302 generis
1837 2258 1987 2295 humani
2004 2261 2196 2309 significat,
2213 2275 2294 2311 quae

1220 2312 1416 2350 crucifixus
1436 2314 1473 2350 in
1504 2325 1543 2351 se
1565 2317 1746 2363 suscepit,
1778 2319 1856 2357 haec
1882 2321 1979 2357 enim
2010 2323 2117 2359 fimus
2148 2324 2293 2363 Domini

1218 2374 1468 2412 verisimiliter
1488 2378 1674 2422 dicuntur,
1692 2379 1801 2417 limus
1815 2382 1949 2429 quippe
1967 2394 2050 2419 cum
2069 2385 2116 2421 sit
2135 2386 2292 2423 immun-

1218 2434 1299 2477 dus,
1319 2441 1507 2480 gerentem
1528 2448 1599 2473 non
1619 2439 1759 2484 polluit.
1783 2441 1908 2487 Neque
1923 2449 2063 2480 naturae
2082 2451 2216 2482 nostrae
2234 2454 2292 2485 est

1218 2495 1383 2539 quamvis
1413 2497 1460 2532 sit
1490 2498 1527 2532 in
1550 2499 1669 2542 nobis,
1700 2501 1795 2537 sicut
1824 2507 1860 2538 et
1883 2511 2032 2548 peccata
2058 2513 2183 2544 nostra
2207 2519 2290 2555 quae

1216 2555 1376 2601 portavit
1409 2556 1598 2602 Dominus,
1618 2565 1655 2595 et
1680 2559 1797 2596 aliena
1818 2561 1963 2600 suerunt
1989 2566 2034 2602 ab
2054 2576 2111 2611 eo,
2141 2573 2178 2605 et
2204 2580 2289 2607 eum

1217 2616 1423 2652 nullatenus
1443 2618 1663 2664 polluerunt,
1685 2625 1888 2667 permansit
1902 2627 1997 2662 enim
2020 2627 2098 2665 sine
2119 2636 2284 2675 peccato.

1217 2676 1348 2712 Totum
1379 2688 1466 2724 ergo
1490 2680 1655 2724 vitulum,
1675 2682 1711 2718 id
1737 2690 1806 2728 est,
1826 2690 1941 2722 totum
1963 2687 2160 2735 Christum,
2182 2698 2288 2731 extra

1216 2743 1338 2773 castra
1358 2739 1393 2774 in
1412 2739 1491 2776 loco
1507 2743 1750 2781 mundissimo
1771 2746 1832 2783 ubi
1852 2747 1988 2785 effundi
2010 2751 2152 2789 cineres
2168 2754 2288 2793 solent

1214 2798 1297 2844 ejici
1325 2799 1509 2846 legislator
1539 2801 1666 2848 jubet,
1695 2807 1924 2852 apertissime
1950 2811 2121 2849 sacrificii
2146 2813 2285 2852 Christi

1213 2858 1332 2895 locum
1357 2861 1563 2908 significare
1582 2864 1746 2909 studens,
1767 2873 1870 2904 extra
1892 2875 2012 2906 castra
2034 2872 2130 2909 enim
2153 2885 2283 2921 passus

65 2915 236 2952 momina.
267 2916 359 2961 Quia
380 2923 500 2954 autem
531 2919 756 2967 intelligibile
784 2923 899 2960 altare
919 2936 1049 2973 corpus
1069 2927 1140 2965 Do·
1156 2941 1192 2980 D
1211 2928 1286 2966 est,
1314 2925 1410 2970 quod
1432 2931 1587 2962 testatur
1609 2927 1757 2973 Paulus,
1778 2930 1902 2968 dicens
1928 2944 1936 2968 :
1956 2933 2044 2970 Ideo
2067 2941 2100 2970 et
2119 2935 2225 2974 Iesus
2243 2946 2283 2975 ut

0 2999 2 3005 .
63 2975 179 3020 nmini,
201 2982 238 3012 et
262 2977 391 3014 beatus
425 2978 558 3016 Paulus
590 2981 758 3029 intelligit
793 2984 871 3030 ipso
894 2987 1037 3025 dicente
1072 3000 1136 3027 co-

61 3044 209 3082 'gnosce
224 3048 234 3080 ;
251 3038 304 3074 ait
316 3039 414 3075 enim
435 3051 443 3075 ε
467 3039 648 3077 Habemus
667 3042 779 3079 altare
805 3044 848 3080 de
862 3057 931 3092 quo
946 3048 1047 3085 edere
1066 3061 1137 3087 non

61 3097 201 3135 llrabent
220 3105 426 3147 potestatem
441 3102 478 3137 ln·
495 3103 556 3149 qui
580 3103 807 3142 tabernaculo
827 3106 1039 3154 deserviunt,
1055 3122 1138 3147 cor-

6 3181 10 3187 ·
61 3167 143 3205 'pus
162 3160 330 3198 videlicet
354 3161 503 3206 Christi,
532 3164 576 3200 de
592 3163 652 3200 illo
673 3166 769 3201 enim
799 3165 932 3204 Judaeis
948 3171 1137 3210 comedere

59 3213 132 3255 lfas'
142 3228 216 3256 non
235 3225 304 3256 est.
321 3220 398 3258 Hoc
412 3221 528 3259 altare
554 3225 761 3262 necessarie
784 3226 821 3263 in
843 3227 994 3265 introitu
1014 3231 1136 3269 taber-

60 3282 195 3326 tmeuli
224 3283 436 3328 testimonii,
474 3284 510 3321 id
529 3291 584 3322 est
614 3288 650 3323 in
682 3287 835 3326 introitu
864 3291 1040 3329 coelorum
1065 3301 1134 3340 est,

57 3339 161 3445 ςιῖι
182 3351 247 3389 per
277 3343 396 3390 ipsum
427 3344 631 3393 ingressum
651 3347 829 3386 habemus
856 3350 894 3387 in
924 3352 1040 3390 coelis.
1063 3354 1136 3392 Sed

67 3398 88 3450 ,⁶
119 3404 135 3460 s
152 3404 310 3452 -reliqua
342 3407 513 3445 sacrificii
543 3408 651 3455 hujus
676 3410 938 3457 discutiamus;
967 3426 1136 3461 quaecun-

79 3461 259 3510 Μαι
285 3467 323 3504 in
338 3469 520 3507 sacrificio
535 3470 773 3517 pacificorum
791 3483 854 3510 seu
872 3475 1023 3513 salutari
1041 3488 1134 3523 prae-

79 3518 330 3574 *eoadem
346 3530 426 3567 lieri
445 3532 556 3569 etiam
586 3533 624 3570 in
642 3534 712 3571 hoc
739 3537 914 3583 praecepit
935 3550 943 3573 :
964 3537 1055 3574 duos
1072 3548 1132 3574 re-

206 3626 213 3634 ,
275 3590 379 3638 iubet
398 3591 538 3639 offerri,
563 3600 600 3631 et
618 3595 811 3634 reticulum
828 3598 926 3644 quod
951 3603 1008 3635 est
1026 3608 1135 3645 super

59 3656 73 3677 ¹·
105 3649 522 3753 &econ-is,
537 3657 635 3703 quod
661 3657 759 3694 Lxx
772 3659 900 3704 edunt,
937 3665 971 3695 et
987 3660 1134 3707 pinnam

81 3704 104 3740 ἢ
234 3707 237 3710 ⁴
301 3752 306 3754 ,
347 3752 350 3753 ⁷
400 3713 620 3763 rimupor
634 3717 751 3756 altare
762 3718 1130 3764 holocaustomatum,

0 3787 4 3791 >
64 3764 121 3801 :in
138 3748 279 3805 auom·
292 3770 512 3821 &ficium
544 3775 722 3823 dividens,
758 3784 938 3826 quatenus
963 3781 1134 3819 omnibus

1209 2986 1447 3032 sanctificaret
1469 2987 1602 3034 plebem
1631 2996 1731 3027 extra
1749 2998 1889 3038 portam
1919 3006 2044 3041 passus
2072 3003 2124 3033 est
2152 2998 2278 3046 (Hebr.

1209 3046 1306 3094 xm).
1329 3046 1418 3091 Quis
1439 3053 1560 3085 autem
1588 3052 1744 3088 mundus
1765 3058 1822 3090 est
1842 3054 1977 3092 cineris
2004 3056 2128 3094 locus?
2147 3059 2278 3107 Golgo-

1209 3108 1273 3143 tha
1290 3108 1474 3152 videlicet,
1498 3115 1535 3146 et
1553 3110 1589 3146 in
1610 3116 1750 3148 tantum
1769 3114 1940 3159 mundus,
1959 3121 2000 3152 ut
2019 3118 2193 3155 mundum
2222 3126 2279 3157 to-

1209 3171 1286 3203 tum
1306 3168 1384 3214 ipse
1414 3171 1632 3215 mundaret;
1665 3173 1800 3210 cineris
1830 3180 1952 3212 autem
1979 3182 2077 3213 recte
2096 3178 2196 3214 locus
2221 3179 2277 3216 di-

1209 3235 1288 3266 ctus
1307 3236 1376 3275 est,
1398 3233 1484 3278 quia
1503 3233 1540 3269 in
1560 3234 1639 3281 ipsa
1658 3236 1840 3272 exstincta
1859 3243 1944 3273 sunt
1960 3244 2110 3283 peccata
2127 3241 2274 3285 generis

1206 3291 1378 3338 humani,
1405 3296 1500 3331 unde
1529 3301 1567 3332 et
1594 3298 1750 3333 mundus
1775 3297 1879 3334 locus
1909 3299 2122 3344 appellatur.
2144 3299 2274 3338 Incen-

1205 3354 1354 3402 dentque
1385 3367 1427 3391 ea
1456 3367 1562 3402 super
1579 3363 1711 3392 struem
1738 3357 1929 3403 liquorum.
1949 3358 2064 3405 Ligna
2083 3364 2205 3397 autem
2230 3362 2270 3400 in

1203 3413 1300 3461 igne,
1318 3425 1445 3452 sacras
1470 3415 1680 3462 Scripturas
1700 3416 1876 3459 diximus;
1897 3426 2123 3465 quaecunque
2143 3424 2268 3458 autem

1203 3474 1242 3509 in
1271 3473 1427 3511 Domino
1456 3480 1620 3520 tempore
1653 3475 1833 3521 passionis
1856 3481 1959 3522 gesta
1987 3483 2091 3522 sunt,
2121 3480 2168 3517 ad
2193 3481 2267 3518 im-

1202 3534 1334 3581 plenda
1361 3545 1404 3572 ea
1431 3546 1513 3582 quae
1530 3537 1718 3582 prophetae
1738 3537 1907 3574 dixerunt
1926 3545 2012 3576 sunt
2033 3546 2151 3588 gesta,
2170 3543 2268 3589 quod

1203 3594 1413 3631 manifestat
1426 3594 1617 3639 Dominus,
1635 3596 1782 3642 quando
1797 3606 1819 3632 a
1831 3595 1966 3636 Judaeis
1982 3601 2268 3647 comprehensus

1202 3661 1272 3700 est,
1288 3655 1436 3691 dicens:
1455 3654 1639 3703 Tanquam
1652 3656 1698 3693 ad
1717 3656 1890 3694 latronem
1903 3660 2026 3696 emistis
2041 3671 2121 3697 eum
2137 3661 2267 3710 gladii·

1203 3721 1235 3752 et
1256 3706 1716 3763 fustibus'compreltendere
1729 3728 1784 3754 me
1801 3728 1814 3754 .·
1834 3719 1991 3767 quotidie
2007 3721 2191 3771 intemplo
2206 3734 2273 3774 ορ-

1203 3776 1327 3815 debant
1343 3776 1485 3823 docem,
1501 3783 1535 3815 et
1553 3789 1625 3816 non
1645 3789 1702 3816 me
1715 3779 1888 3827 tenuistis,
1910 3781 1976 3819 boc
1997 3788 2115 3821 autem
2128 3783 2264 3833 sactum
