2540 4016
283 191 353 229 407
705 183 744 218 B.
772 175 943 216 RABANI
968 173 1119 212 MAURI
1141 171 1358 210 ARCHIEP.
1387 171 1597 209 MOGUNT.
1625 159 1826 209 OPERUM'
1838 170 1960 208 PARS
1992 168 2021 205 1.
2380 170 2449 231 408

281 261 436 300 rioribus
460 257 567 305 hujus
591 255 681 303 legis
713 255 749 290 in
779 262 847 299 qua
878 249 968 285 dixit
985 275 996 292 ,
1026 247 1164 283 fluxum
1181 246 1330 282 seminis
1347 267 1383 308 Α
1401 247 1604 283 numeravit
1635 247 1725 291 sibi,
1758 247 1795 283 id
1823 250 1899 288 est,
1931 243 2159 290 operationes
2187 242 2364 290 Spiritus,
2395 245 2457 285 hic

282 323 500 369 patientem,
520 317 698 365 quoslibet
714 313 877 350 homines
896 314 1067 354 tangere,
1091 305 1246 342 dicimus
1265 316 1328 342 eos

281 382 412 428 quibus
432 381 510 427 ipse
533 389 572 415 se
592 386 704 424 prava
723 375 854 410 docens
873 368 1091 411 immiscuit,
1118 371 1156 404 et
1175 367 1330 413 sumpsit

281 444 325 479 ad
345 441 537 489 quamdam
564 438 771 475 societatem
794 432 877 474 sui;
908 430 978 465 hoc
1002 428 1100 464 enim
1124 431 1180 464 est
1204 432 1329 473 aperte

282 510 441 550 tangere.
478 500 579 537 Unde
597 502 633 534 ει
650 495 782 532 Paulus
799 495 947 538 propter
967 489 1179 525 societatem
1198 488 1328 525 mulie-

279 566 382 602 brem
401 561 618 599 cavendam:
639 556 776 591 Bonum
793 556 858 594 est,
880 549 1010 595 inquit,
1039 549 1174 584 homini
1201 547 1328 583 mulie-

281 636 353 660 rem
378 634 446 659 non
465 626 626 665 tanqere;
657 617 795 660 propter
813 608 1057 657 fornicationis
1079 614 1195 644 autem
1215 618 1328 643 unus-

281 687 422 733 quisque
449 692 546 718 suam
571 686 713 713 uxorem
741 673 879 715 habeat,
917 675 950 706 et
980 680 1198 716 unaquoeque
1226 677 1329 703 suum

280 744 390 778 virum
409 740 444 783 (Ι
459 739 537 774 Cor.
558 735 636 782 vu).
671 733 715 768 Hi
741 741 826 777 ergo
845 740 933 765 vasa
963 729 1041 775 ejus
1067 726 1187 764 effecti
1217 732 1301 762 sunt
1317 751 1326 768 ‚

281 803 479 840 doctrinam
497 799 556 844 qui
576 798 619 832 ab
640 805 682 830 eo
701 794 785 829 lieet
810 800 961 837 parvam
982 792 1218 834 susceperunt
1231 813 1240 830 ‚
1267 796 1329 821 ne-

279 876 349 911 que
369 864 462 900 enim
483 856 681 905 supersedit
700 855 753 891 eis
767 881 776 897 ,
797 853 833 889 id
853 858 929 894 est,
951 861 1022 886 non
1043 855 1157 885 totam
1176 849 1212 884 in
1232 849 1329 894 ipsos

279 936 380 963 suam
400 922 598 959 doctrinam
624 914 848 957 exinanivit,
883 912 1004 958 tetigit
1035 916 1156 946 tamen
1187 914 1329 956 partem

277 985 467 1032 quamdam
489 981 656 1022 tradens;
687 981 940 1025 permanentes
971 974 1081 1021 igitur
1104 972 1245 1013 fictiles,
1295 971 1331 1006 id

278 1050 345 1088 est,
365 1043 511 1089 fragiles
530 1046 566 1076 et
587 1038 747 1080 terreni,
776 1036 820 1071 ad
841 1035 956 1070 lutum
982 1044 1086 1068 suum
1114 1037 1150 1067 et
1179 1031 1224 1066 ad
1247 1041 1330 1066 eor—-

279 1107 480 1153 ruptionem
493 1103 559 1139 luti
575 1101 814 1141 intendentes,
827 1097 911 1143 quia
926 1099 1207 1142 corrumpuntur
1223 1094 1331 1129 etiam

280 1179 300 1203 a
326 1166 505 1213 paucitate
529 1163 720 1199 verborum
734 1188 744 1204 ,
775 1158 983 1195 necessario
1008 1160 1265 1197 conteruntur;
1300 1154 1331 1190 si
1350 1167 1382 1206 B
1399 1153 1584 1191 bernaculi
1601 1154 1812 1195 testimonii,
1826 1154 1869 1188 ad
1889 1154 2133 1198 apostolorum
2150 1155 2317 1190 videlicet
2331 1156 2465 1191 doctri-

281 1234 401 1263 autem
421 1225 555 1271 lignei,
587 1223 670 1268 quia
698 1222 816 1266 lignea
843 1230 930 1255 vasa
950 1218 1056 1253 luteis
1088 1227 1129 1252 ac
1160 1214 1330 1251 fictilibus

280 1287 377 1323 vasis
393 1286 544 1321 fortiora
561 1288 643 1319 sunt
657 1282 861 1326 diutiusque
878 1279 1094 1320 subsistunt,
1112 1286 1202 1321 aqua
1220 1275 1330 1310 lavati

281 1347 500 1384 mundantur
518 1356 525 1379 :
548 1353 664 1388 neque
682 1343 776 1378 enim
798 1341 929 1376 insedit
947 1340 984 1375 in
1004 1339 1069 1380 eis,
1096 1347 1164 1373 nec
1186 1346 1331 1372 omnem

282 1408 374 1454 ejus,
395 1407 487 1442 sicut
505 1405 672 1445 diximus,
696 1402 830 1437 malam
850 1400 1054 1436 doctrinam
1073 1403 1329 1443 susceperunt;

281 1467 513 1513 quamobrem
530 1475 598 1500 nec
616 1464 667 1500 sic
685 1463 928 1504 infirmantur,
947 1466 987 1496 ut
1003 1471 1068 1506 per
1080 1459 1333 1505 poenitentiam

282 1528 400 1563 sanari
426 1537 498 1563 non
525 1525 677 1572 possint.
718 1524 812 1570 Ergo
846 1522 998 1557 intentio
1030 1526 1085 1556 est
1117 1520 1334 1566 legislatoris

282 1590 469 1627 ostendere
490 1589 550 1635 qui
571 1585 820 1633 poenitentiam
838 1588 958 1629 agant,
980 1582 1037 1618 vel
1059 1582 1120 1627 qui
1144 1592 1230 1622 nou,
1250 1581 1334 1627 quia

283 1651 531 1698 poenitentiam
549 1647 737 1694 agentibus
755 1646 852 1682 salus
871 1643 1035 1679 offertur.

333 1711 373 1747 Si
392 1716 536 1746 sanatus
558 1709 662 1754 fuerit
681 1707 740 1753 qui
761 1703 1002 1752 hujuscemodi
1027 1704 1172 1739 sustinet
1197 1702 1335 1748 passio*-

285 1782 375 1813 nem,
398 1768 590 1805 numerabit
611 1772 738 1813 septem
759 1765 832 1800 dies
847 1771 923 1811 post
945 1763 1226 1800 emundationem
1253 1762 1335 1805 sui;

285 1837 318 1866 et
345 1830 424 1866 lotis
452 1828 599 1864 vestibus
626 1838 665 1861 ac
689 1832 759 1861 tolo
786 1835 929 1871 corpore
957 1824 995 1858 in
1025 1823 1123 1869 aquis
1148 1822 1336 1858 viventibus

285 1893 349 1927 erit
375 1890 536 1927 mundus.
576 1888 646 1935 (Ex
675 1885 824 1934 eodem.)
862 1885 1044 1921 Mundatio
1078 1888 1133 1919 est
1167 1883 1244 1928 ejus
1277 1882 1337 1927 qui

286 1954 420 1988 {luxum
448 1951 596 1987 seminis
619 1950 767 1995 patitur,
799 1947 963 1983 eamdem
990 1945 1259 1989 corruptionem
1282 1954 1338 1979 εε-

286 2014 392 2048 ntinis
407 2020 631 2056 nequaquam
649 2008 799 2044 ulterius
815 2007 1010 2042 sustinere.
1035 2003 1073 2040 Si
1089 2013 1174 2050 ergo
1191 2003 1337 2038 sordida

287 2082 467 2118 pravaque
486 2081 527 2106 ae
546 2069 682 2104 nefaria
702 2067 880 2112 quispiam
900 2066 1031 2102 docens
1056 2065 1271 2107 cessaverit,
1298 2069 1338 2099 ut

287 2140 371 2179 pote
391 2133 452 2177 qui
472 2130 625 2166 cessavit
649 2140 669 2163 a
696 2129 757 2164 tali
785 2126 1007 2172 impudicitia
1022 2153 1030 2169 ,
1059 2125 1213 2161 mundus
1239 2131 1338 2161 reete

290 2195 445 2231 dicitur:
474 2202 539 2238 pro
565 2189 718 2226 sordidis
742 2194 861 2224 autem
887 2187 1116 2223 sermonibus
1139 2195 1230 2230 quos
1254 2185 1343 2220 essu-

290 2256 355 2299 dit,
376 2254 476 2300 prius
497 2261 645 2288 necesse
666 2251 774 2286 habet
794 2254 930 2294 septem
949 2247 1025 2282 dies
1044 2247 1273 2282 dinumerare
1298 2245 1342 2280 ad

290 2315 533 2351 omnimodam
556 2311 846 2348 emundationem
860 2337 868 2352 ‚
893 2319 973 2355 quae
992 2308 1178 2354 perficitur
1197 2318 1261 2354 per
1281 2308 1343 2344 ad—

289 2380 435 2411 ventum
454 2374 588 2410 Christi
615 2372 989 2415 ministrationemque
1016 2369 1170 2414 Spiritus
1199 2369 1314 2405 sancti
1331 2397 1340 2413 ‚

289 2436 392 2482 cujus
419 2433 592 2480 septiplex
617 2434 749 2469 donum
775 2432 879 2468 nobis
899 2431 1011 2467 lsaias
1034 2431 1225 2476 exposuit,
1260 2441 1340 2466 cum

290 2495 365 2531 ait:
392 2493 544 2541 Spiritus
561 2493 741 2539 sapientiae
760 2497 791 2527 et
810 2490 1020 2532 intellectus,
1040 2491 1184 2536 spiritus
1202 2490 1342 2525 consilii

289 2561 321 2591 et
339 2553 566 2601 fortitudinis,
588 2553 730 2599 spiritus
749 2551 903 2587 scientim
921 2556 953 2585 et
972 2551 1127 2597 pietatis,
1149 2556 1182 2585 et
1199 2551 1341 2596 spiritus

290 2618 425 2654 timoris
442 2616 583 2652 Domini
603 2615 691 2662 (Isa.
710 2613 777 2661 xi).
812 2613 949 2656 Quibus
967 2611 1135 2647 omnibus
1155 2617 1261 2659 egent
1279 2612 1341 2657 qui

289 2676 488 2725 perfectam
520 2675 793 2710 mundationem
822 2673 890 2709 sibi
923 2673 1110 2718 procurari
1134 2672 1286 2715 volunt,
1321 2683 1341 2707 a

290 2736 429 2773 malitia
450 2745 528 2780 quae
547 2740 602 2769 est
620 2734 657 2768 in
675 2733 870 2775 locutione,
897 2733 973 2768 sive
992 2733 1030 2767 in
1049 2733 1233 2778 operibus.
1270 2732 1342 2769 Sed

293 2800 330 2831 et
355 2804 447 2840 aqua
463 2794 543 2829 viva
569 2793 690 2828 lavant
707 2792 920 2827 vestimenta
947 2796 983 2827 et
1007 2801 1166 2837 corpus:
1193 2803 1272 2838 quae
1295 2793 1342 2829 sit

293 2865 379 2892 vero
395 2855 450 2891 vis
468 2854 767 2890 vestimentorum
786 2856 822 2886 et
841 2851 1016 2896 eorporis,
1045 2851 1133 2886 satis
1151 2857 1205 2887 est
1223 2852 1259 2886 in
1280 2863 1339 2887 su-

292 2916 497 2962 perioribus
517 2915 813 2950 demonstratum.
846 2910 949 2957 Aqua
968 2916 1088 2947 autem
1105 2912 1187 2947 viva
1205 2912 1338 2955 lavant,

294 2975 355 3012 illa
372 2974 551 3015 videlicet,
566 2974 610 3009 de
626 2982 697 3018 qua
711 2971 876 3008 Christus
896 2971 1061 3007 dicebat:
1087 2971 1155 3014 Qui
1175 2972 1283 3007 credit
1303 2973 1341 3008 in

293 3045 361 3077 me,
395 3033 483 3068 sicut
518 3032 602 3067 dicit
636 3030 838 3077 Scriptura,
871 3030 1018 3076 flumina
1048 3029 1090 3065 de
1121 3035 1238 3065 ventre
1266 3031 1343 3076 ejus

293 3097 403 3143 fluent
423 3105 524 3141 aquoe
540 3094 627 3129 vivoe
643 3091 764 3140 (Ioan.
784 3092 861 3137 vn).
898 3091 943 3126 Et
962 3101 1086 3126 rursus
1103 3103 1111 3126 ε
1137 3091 1343 3138 Quicunque

294 3156 380 3192 bibit
403 3166 447 3191 ex
471 3165 563 3202 aqua
582 3163 688 3200 quam
709 3163 770 3199 eqo
791 3152 835 3187 do
855 3152 901 3195 ei,
925 3151 984 3196 fiet
1009 3152 1046 3186 in
1073 3162 1111 3187 eo
1139 3152 1216 3197 sons
1244 3164 1344 3199 aquae

295 3215 451 3251 salientis
469 3214 508 3249 in
525 3213 632 3249 vitam
649 3210 1024 3258 aeternam(Joan.1v).
1045 3211 1138 3258 Ergo
1157 3212 1344 3247 mundatio

294 3285 407 3322 prava
426 3273 586 3311 docentis
611 3282 677 3319 per
701 3273 833 3308 honam
854 3270 1124 3317 legitimamque
1142 3271 1345 3307 doctrinam

295 3335 485 3381 provenit:
506 3334 584 3370 haec
600 3336 657 3369 est
674 3331 770 3368 enim
786 3330 867 3367 viva
887 3339 992 3376 aqua,
1013 3330 1096 3376 quia
1113 3330 1225 3366 vitam
1242 3330 1288 3366 ad
1305 3340 1346 3367 se

299 3393 482 3430 accedenti
498 3396 658 3439 praestat.
683 3390 881 3436 Sequitur:

345 3451 412 3487 Die
441 3457 555 3487 autem
585 3457 703 3488 octavo
732 3455 842 3487 sumet
870 3450 959 3487 duos
986 3455 1141 3486 turtures
1169 3457 1229 3486 aut
1257 3450 1345 3487 duos

299 3510 414 3555 pullos
438 3509 616 3555 columbae,
645 3517 676 3547 et
702 3511 812 3547 veniet
835 3511 874 3546 in
899 3515 1084 3558 conspectu
1110 3509 1266 3554 Domini,
1299 3511 1346 3546 ad

301 3573 428 3608 ostium
448 3570 661 3608 tabernacula·
677 3574 876 3618 testimonii,
894 3574 1058 3621 dabitque
1078 3584 1137 3610 eos
1155 3573 1344 3617 sacerdoti,

301 3632 362 3679 qut
380 3633 484 3679 saciet
507 3643 617 3670 unum
639 3645 702 3681 pro
724 3641 879 3682 peccato,
902 3641 935 3670 et
954 3630 1103 3671 alterum
1122 3634 1160 3671 in
1177 3633 1347 3671 holocau-

303 3696 407 3728 stum.
423 3691 634 3742 Roqabitque
647 3705 711 3742 pro
726 3706 766 3731 eo
780 3706 896 3740 coram
910 3695 1074 3739 Domino,
1087 3700 1127 3731 ut
1141 3694 1348 3732 emundetur

307 3760 331 3785 a
348 3751 602 3790 maome
614 3755 684 3791 aui.-
713 3754 787 3796 (Ex
803 3754 1008 3801 nnuma.)
1027 3755 1097 3800 Qui
1114 3759 1251 3802 neptem
1268 3754 1348 3794 dieo

1357 2082 1387 2122 C
1408 2067 1448 2097 ut
1473 2062 1687 2097 emundetur
1708 2072 1728 2096 a
1751 2061 1849 2096 fluxu
1869 2060 2016 2096 seminis
2038 2059 2091 2095 sui
2114 2071 2122 2093 :
2149 2068 2216 2094 nec
2239 2058 2338 2093 enim
2364 2058 2470 2093 aliter

1361 2990 1396 3029 D
1414 2967 1533 3015 (Joan.
1562 2968 1632 3014 ιιι).
1653 2967 1761 3013 Cuius
1780 2969 1832 3004 rei
1856 2969 1987 3014 gratia,
2005 2969 2090 3015 quia
2107 2968 2225 3005 sordis
2245 2968 2282 3004 in
2301 2968 2406 3003 nohis
2422 2978 2468 3004 ex

1397 312 1523 344 octa'va
1548 308 1621 352 die,
1652 308 1689 343 id
1716 312 1786 351 est,
1814 307 1852 342 in
1876 305 1994 351 gratia
2018 304 2187 341 videlicet
2208 304 2357 350 Christi,
2377 315 2458 352 quae

1397 371 1525 403 octava
1554 368 1612 403 die
1637 365 1917 404 resurrectionis
1940 364 2071 400 enituit
2095 374 2159 400 seu
2183 364 2326 409 claruit,
2345 366 2459 402 sacri-

1398 425 1519 462 ficium
1538 426 1670 463 offerre
1685 425 1808 472 jussus
1826 428 1895 460 est.
1919 423 2023 468 Quod
2042 431 2100 460 est
2118 429 2239 461 autem
2259 425 2329 461 hoc
2347 426 2459 462 sacri-

1397 484 1548 522 ficium?
1569 487 1605 522 id
1622 491 1679 522 est
1695 487 1786 522 duos
1803 490 2062 528 turtures,.aut
2077 486 2168 522 duos
2186 485 2304 531 pullos
2323 485 2460 522 colum-

1397 549 1546 590 barum,
1576 546 1723 592 dignum
1741 544 1950 581 doctoribus
1971 545 2206 582 sacrificium.
2241 546 2295 582 Ex
2314 546 2459 583 alitibus

1397 607 1494 643 enim
1525 611 1610 642 sunt
1642 607 1719 642 haee
1752 605 1946 649 animalia,
1981 611 2017 642 et
2044 606 2190 652 quidem
2211 611 2331 643 turtur
2353 607 2459 654 quasi

1396 666 1664 702 meditatorium
1679 673 1735 702 est
1750 666 1884 701 animal
1897 678 1905 709 ;
1924 667 2091 703 columba
2105 673 2254 714 propter
2263 667 2459 714 generandi

1396 726 1653 773 frequentiam,
1670 733 1706 763 et
1722 733 1870 773 propter
1887 727 2156 773 simplicitatem
2172 729 2287 765 sancti
2303 727 2460 775 Spiritus

1399 789 1566 835 designat
1583 789 1777 836 imaginem
1795 799 1803 824 :
1827 795 1970 836 oportet
1989 790 2087 826 enim
2107 791 2290 828 doctorem
2312 791 2462 826 medita-

1397 850 1486 886 tioni
1509 851 1660 896 spiritali
1681 861 1828 896 operam
1857 853 1942 887 dare
1958 879 1967 895 ‚
1988 856 2136 898 propter
2154 853 2250 898 quod
2270 857 2311 888 ut
2333 862 2460 888 sacer-

1397 912 1519 948 dotem
1537 917 1575 948 et
1594 913 1806 959 magistrum
1829 913 2043 959 sibimetipsi
2063 923 2207 949 sumere
2228 912 2298 948 hoc
2317 912 2460 949 sacrifl-

1398 973 1492 1009 eium
1521 973 1704 1019 praecepit.
1732 972 1834 1016 Quod
1860 973 1896 1008 in
1924 973 1993 1008 alio
2027 973 2208 1009 sacrificio
2241 973 2311 1009 nisi
2338 983 2462 1009 rursus

1398 1033 1594 1069 sacerdotis
1611 1032 1762 1077 alicujus
1779 1033 1888 1068 fuerit
1903 1043 1945 1068 ac
1967 1034 2144 1080 magistri,
2161 1034 2295 1069 dixisse
2306 1034 2462 1069 nullate-

1398 1103 1466 1129 nus
1482 1093 1873 1138 invenitur.1psamque
1893 1093 2032 1129 deferre
2044 1094 2198 1129 hostiam
2209 1095 2254 1130 ad
2265 1095 2400 1130 ostium
2411 1101 2465 1130 ta-

1399 1224 1480 1257 nas,
1500 1215 1545 1249 ad
1565 1214 1685 1249 velum
1705 1212 1928 1248 tabernaculi
1951 1212 2160 1255 testimonii,
2184 1213 2219 1248 id
2236 1218 2310 1256 est,
2327 1213 2467 1248 habita-

1401 1273 1535 1309 tionem
1546 1271 1680 1308 Christi
1692 1277 1728 1307 et
1746 1271 2075 1314 conversationem,
2095 1272 2263 1317 superius
2281 1272 2316 1307 in
2327 1272 2466 1308 sacrifi-

1402 1334 1467 1370 eiis
1498 1333 1740 1375 ostendimus,
1768 1338 1806 1368 ut
1836 1332 1880 1368 ad
1901 1332 2136 1377 apostolicam
2168 1332 2407 1369 intentionem
2426 1333 2466 1369 in

1402 1394 1523 1430 futuro
1543 1403 1646 1429 suam
1663 1392 1827 1439 perficiat
1846 1392 2017 1437 linguam.
2046 1390 2148 1428 Sicut
2167 1397 2286 1427 autem
2305 1393 2365 1437 qui
2384 1402 2468 1437 pec-

1404 1455 1512 1498 cavit,
1531 1460 1567 1490 et
1594 1456 1789 1491 sacerdotii
1813 1456 1978 1490 habitum
1997 1456 2035 1491 in
2057 1465 2096 1491 se
2124 1455 2335 1498 infirmavit,
2359 1460 2468 1500 atque

1404 1515 1567 1552 inefficax
1595 1516 1764 1559 reddidit,
1785 1516 1873 1551 dare
1891 1515 2085 1556 sacerdoti,
2108 1525 2151 1550 ac
2187 1515 2379 1550 sacerdotii
2398 1515 2467 1549 mi-

1404 1578 1592 1614 nisterium
1613 1577 1684 1613 alio
1699 1577 1828 1613 cedere
1841 1577 1964 1623 jussus
1980 1580 2054 1618 est,
2078 1575 2131 1611 sic
2151 1565 2333 1622 accipiens
2353 1586 2470 1611 sacer-

1405 1641 1469 1676 dos
1504 1640 1593 1675 duos
1622 1643 1780 1674 turtures
1800 1665 1810 1681 ,
1841 1643 1903 1672 aut
1940 1637 2028 1673 duos
2057 1636 2174 1682 pullos
2204 1636 2467 1680 columbarum,

1406 1701 1492 1745 quid
1513 1700 1629 1735 facit?
1662 1709 1772 1734 unum
1798 1698 1886 1733 facit
1903 1708 1969 1743 pro
1983 1703 2143 1743 peceato¹
2166 1701 2202 1732 et
2216 1707 2328 1732 unum
2347 1696 2384 1731 in
2404 1697 2471 1731 ho-

1405 1763 1621 1804 locaustum,
1649 1765 1689 1795 ut
1713 1761 1783 1796 hoc
1810 1758 1955 1804 quidem
1974 1756 2143 1794 sacrificii
2172 1756 2216 1792 ad
2246 1756 2468 1792 ablutionem

1407 1822 1483 1867 ejus
1498 1828 1533 1856 et
1548 1831 1674 1857 eorum
1689 1830 1769 1867 quae
1787 1819 1953 1865 peccavit
1968 1819 2004 1853 in
2020 1817 2184 1854 doctrina
2198 1816 2470 1852 contradicente

1407 1881 1476 1928 legi
1505 1881 1683 1926 proficiat.
1707 1879 1798 1916 nlud
1818 1884 1938 1914 autem
1970 1878 2015 1913 ad
2038 1878 2221 1924 sapienter
2243 1886 2465 1913 conversan-

1409 1943 1492 1979 dum
1515 1943 1550 1978 in
1567 1942 1701 1984 futuro,
1722 1940 1831 1986 hujus
1851 1940 1949 1976 enim
1967 1944 2024 1976 est
2044 1940 2188 1984 signum
2201 1939 2467 1983 holocaustum,

1409 2009 1445 2038 et
1469 2003 1520 2039 sie
1548 2003 1799 2048 deprecabitur
1822 2001 1993 2037 sacerdos
2011 2010 2077 2046 pro
2093 2009 2135 2036 εο
2159 2010 2280 2035 coram
2301 2000 2469 2042 Domino,

1411 2122 1589 2166 quisptam
1604 2122 1875 2157 mundationem
1893 2131 2015 2156 coram
2035 2119 2188 2155 Domino
2204 2117 2324 2153 facere
2336 2123 2470 2164 potest,

1411 2183 1447 2218 id
1465 2188 1540 2224 est,
1566 2183 1761 2218 seeundum
1785 2183 2009 2219 voluntatem
2027 2186 2063 2217 et
2089 2181 2206 2228 legem
2222 2179 2310 2223 Dei,
2336 2179 2406 2214 nisi
2427 2179 2471 2215 de

1410 2243 1467 2279 his
1499 2243 1559 2288 qui
1578 2243 1741 2288 peccavit
1763 2245 1942 2288 poenitens
1955 2270 1963 2286 ‚
1999 2248 2034 2279 et
2053 2252 2120 2288 per
2140 2240 2319 2278 sacrificia
2339 2240 2473 2277 oratio-

1411 2314 1496 2339 num
1522 2303 1748 2339 satisfaciens
1764 2331 1773 2346 ‚
1793 2309 1991 2350 posteaque
2007 2309 2105 2339 recte
2126 2302 2302 2346 vivendo,
2325 2312 2366 2338 ae
2389 2311 2472 2347 per-

1412 2364 1505 2399 fecte
1524 2364 1708 2409 sapiendo.
1732 2363 1904 2408 Sequitur
1920 2376 1928 2400 τ

1467 2425 1525 2461 Vir
1543 2426 1585 2461 de
1614 2438 1681 2473 quo
1715 2428 1885 2472 eyreditui
1921 2438 2036 2462 semen
2064 2427 2197 2469 coitus,
2214 2425 2344 2461 lavabit
2378 2437 2470 2472 aqua

1411 2499 1510 2525 omne
1525 2499 1649 2534 corpus
1677 2499 1778 2524 suum
1790 2515 1799 2531 ,
1817 2494 1848 2524 et
1866 2488 2067 2523 immundus
2083 2488 2147 2522 erit
2163 2498 2272 2533 usque
2290 2486 2336 2522 ad
2354 2498 2471 2530 vespe-

1411 2559 1507 2590 ram,
1527 2554 1651 2583 vestem
1670 2554 1702 2583 et
1724 2547 1847 2594 pellem
1863 2558 1968 2594 quam
1998 2547 2157 2582 habuerit
2191 2546 2316 2582 larabi«
2353 2558 2444 2594 aqua
2457 2575 2468 2591 ,

1410 2616 1442 2644 et
1460 2609 1642 2644 immunda
1657 2609 1722 2644 erit
1753 2620 1861 2655 usque
1877 2608 1922 2644 ad
1942 2619 2131 2654 vesperam.
2152 2607 2284 2644 Mulier
2302 2619 2381 2643 cum
2400 2620 2470 2656 qua

1410 2670 1543 2712 coierit,
1563 2669 1738 2704 lavabitur
1761 2680 1868 2713 aqua,
1886 2674 1918 2704 et
1939 2669 2126 2704 immunda
2141 2669 2208 2704 erit
2227 2679 2334 2715 usque
2355 2670 2401 2704 ad
2415 2680 2470 2705 ve-

1410 2741 1559 2776 speram.
1582 2729 1653 2777 (Ex
1669 2729 1880 2778 Hesychio.)
1902 2729 2155 2766 Necessariam
2173 2729 2308 2765 habere
2321 2738 2469 2775 regene-

1410 2789 1586 2825 rationem
1603 2789 1830 2834 baptismatis
1863 2790 2060 2825 humanum
2081 2797 2215 2835 genus,
2241 2788 2317 2834 ipse
2348 2788 2470 2823 Domi-

1410 2859 1479 2884 nus
1499 2849 1670 2891 ostendit,
1686 2848 1811 2884 dicens
1832 2861 1839 2883 :
1868 2849 1950 2885 Nisi
1968 2850 2046 2896 quis
2064 2855 2286 2896 reqeneratus
2307 2848 2414 2895 suerit
2426 2860 2470 2885 ea:

1411 2920 1502 2955 aqua
1527 2915 1559 2943 et
1593 2908 1740 2955 Spiritu,
1773 2921 1842 2944 non
1877 2910 2022 2945 intrabit
2053 2910 2090 2944 in
2126 2911 2270 2956 requam
2303 2908 2468 2944 coelorum

1413 3028 1525 3064 Adam
1545 3028 1785 3065 inobedientia
1815 3034 1872 3066 est
1887 3030 2082 3072 transfusa,
2105 3029 2220 3066 David
2237 3030 2275 3064 in
2299 3030 2468 3076 iniquita-

1412 3087 1503 3123 tibus
1520 3099 1555 3123 se
1575 3094 1710 3132 natum,
1730 3095 1762 3124 et
1779 3090 1816 3124 in
1837 3090 1987 3135 peccatis
2008 3089 2159 3124 asseruit
2176 3099 2250 3125 esse
2267 3094 2469 3136 conceptum

1413 3144 1527 3192 (Psal.
1566 3146 1615 3193 t),
1647 3158 1719 3183 non
1747 3153 1903 3183 matrem
1927 3157 2028 3183 suam
2051 3157 2240 3192 accusans,
2259 3147 2323 3184 sed
2339 3157 2468 3194 pecca-

1412 3211 1489 3242 tum
1509 3207 1676 3250 innuens,
1698 3208 1794 3253 quod
1820 3207 1980 3243 decurrit
1995 3218 2039 3244 ex
2054 3218 2200 3254 genere.
2227 3208 2274 3245 Et
2289 3219 2386 3245 nunc
2416 3208 2468 3245 le-

1413 3266 1564 3318 gislator
1578 3275 1662 3301 eum
1682 3266 1727 3301 de
1746 3275 1817 3311 quo
1832 3275 1955 3302 semen
1981 3267 2166 3311 egreditur
2187 3267 2317 3312 coitus,
2335 3268 2373 3304 id
2395 3272 2465 3311 est,

1413 3336 1496 3363 eum
1520 3326 1581 3372 qui
1600 3335 1666 3372 pro
1684 3325 1767 3362 filiis
1794 3325 2028 3372 procreandis
2047 3335 2171 3362 semen
2187 3326 2327 3371 effudit,
2348 3328 2412 3364 sed
2429 3333 2468 3364 et

1411 3387 1597 3424 mulierem
1614 3395 1694 3433 quae
1717 3386 1891 3432 suscepit,
1907 3386 2029 3422 lavare
2043 3395 2175 3433 corpus
2197 3387 2384 3434 praecepit,
2419 3389 2467 3426 ob

1413 3450 1484 3486 hoc
1498 3448 1583 3495 quia
1601 3457 1726 3485 semen
1742 3447 1903 3493 suscepit
1916 3457 1983 3493 per
2001 3448 2096 3494 quod
2113 3448 2183 3485 hoe
2213 3448 2387 3495 templum
2398 3458 2466 3487 no-

1415 3515 1532 3547 strum
1561 3513 1691 3552 totum,
1713 3506 1752 3544 id
1781 3511 1852 3550 est,
1887 3507 2026 3554 integer
2041 3502 2159 3544 'homo
2178 3506 2406 3554 describitur,
2462 3519 2463 3522 ¹

1415 3571 1536 3607 anima
1553 3574 1590 3606 et
1607 3577 1771 3615 corpore.
1788 3566 1879 3612 Quia
1897 3573 2019 3604 autem
2048 3567 2215 3606 sordidus
2232 3564 2383 3608 effect&
2407 3567 2409 3569 ’
2452 3570 2462 3618 j,

1412 3625 1693 3670 inobedientiam
1722 3628 1838 3666 Adam
1853 3655 1864 3672 ,
1885 3625 2070 3666 sordidum
2094 3639 2175 3666 esse
2203 3630 2339 3668 etiam?
2359 3631 2362 3635 '
2424 3623 2426 3625 ’
2447 3625 2457 3634 “

1411 3700 1517 3730 sunm
1533 3689 1638 3735 fecit,
1661 3688 1867 3727 necessarie
1891 3693 1928 3724 et
1947 3697 2078 3735 corpus
2103 3679 2387 3743 sordidum&

1411 3762 1484 3802 qno
1501 3761 1624 3791 semen
1640 3750 1705 3789 tal«
1733 3749 1912 3798 procedit.
1939 3748 2118 3786 Immundi
2135 3739 2420 3798 autoffl'u'fffft’
