2540 4016
301 258 369 306 238

745 260 783 296 B.
811 235 977 295 RABANI
1002 228 1151 292 ulum
1175 235 1391 290 Aiicmssr.
1417 228 1624 288 Monuni.
1649 224 1844 287 uitabit
1870 247 1994 299 PARS
2015 247 2046 284 1.

2405 228 2478 283 236

262 331 266 334 ’
297 350 376 389 quae
391 338 526 386 agenda
542 341 640 380 sunt,
654 346 719 372 nos
737 325 906 381 adjuvare
922 313 1100 386 dignetur.
1124 328 1201 371 Quo
1223 333 1342 363 trans·
1358 330 1395 371 A
1411 308 1553 371 uriilui,
1575 310 1612 363 ‘el
1632 308 1742 383 3613?
1754 308 1871 376 pdlris
1889 312 1928 360 iii
1951 313 2101 361 bai-nem
2119 306 2278 357 lilioffi'm
2295 315 2475 368 redditur,
2523 317 2526 320 ’

297 408 398 442 euttte
416 411 534 438 coram
556 410 609 442 eo,
625 398 674 433 ait
690 407 702 432 .·
720 395 924 430 Dominator
939 384 1090 425 Domine
1109 381 1219 442 Deus,
1239 388 1344 423 mise-

297 466 407 502 ricors
434 469 467 498 et
489 460 653 505 clemens,
677 457 811 504 patiens
839 459 871 506 et
897 450 1015 487 multat
1037 449 1274 486 miserationis
1301 460 1343 484 ac

298 537 417 572 verus,
430 525 489 572 qui
501 521 650 559 custodis
663 515 937 567 misericordiam
951 514 987 549 in
1002 512 1131 555 millia,
1147 512 1206 559 qui
1223 511 1343 557 aufers

296 588 513 635 iniquitatem
528 590 559 618 et
580 580 709 617 scelera
729 584 828 623 atque
850 581 990 623 peccata
1003 603 1013 619 ,
1033 574 1218 622 nullusque
1248 574 1342 620 apud

297 654 329 683 te
343 658 403 695 per
412 658 447 682 se
462 646 622 680 innocens
636 646 699 676 est.
716 638 854 693 Nullus,
872 638 936 680 ait,
953 637 1048 682 apud
1064 642 1098 673 te
1107 646 1172 682 per
1187 646 1226 672 sc
1241 636 1342 671 inno-

293 718 379 745 cens
400 711 467 742 est.
488 701 670 751 Quomodo
694 699 786 745 apud
806 696 919 733 Deum
939 697 1020 744 quis
1029 707 1094 743 per
1112 707 1151 732 se
1169 697 1342 732 innocens

293 778 371 804 esse
400 764 543 811 poterit,
573 772 654 799 cum
679 761 864 806 Scriptura
891 759 988 794 dicat
1019 770 1027 794 :
1062 757 1145 794 Νοη
1165 764 1215 793 est
1239 758 1341 793 homo

291 832 538 873 superterram
560 824 618 871 qui
637 823 744 869 saciat
768 821 896 857 bonum
913 827 943 855 et
967 831 1035 855 non
1053 827 1168 866 peccet
1194 819 1249 867 (ΙΙ
1268 819 1342 854 Pa-

292 886 356 922 ral.
378 885 442 933 w).
463 886 507 922 Et
522 884 606 921 alibi
624 896 632 919 :
652 884 768 926 Astra,
797 881 927 927 inquit,
950 891 1017 916 non
1040 886 1119 915 sunt
1141 880 1272 915 munda
1304 880 1342 915 in

290 953 470 994 conspectu
499 947 588 993 ejus,
612 952 645 980 et
674 946 710 980 in
734 942 866 990 anqelis
889 943 961 978 suis
989 942 1114 988 reperit
1134 942 1342 988 pravitatem

291 1007 386 1054 (Job.
407 1006 471 1054 lv).
490 1007 542 1042 Ac
561 1004 867 1042 inde·necessario
883 1003 1129 1049 unusquisque
1144 1003 1189 1038 ab
1204 1002 1265 1038 illo
1280 1012 1339 1038 re-

289 1074 413 1115 poscat
426 1068 606 1111 mundari,
631 1067 691 1113 qui
712 1066 807 1102 solus
827 1072 883 1102 est
900 1066 975 1101 sine
996 1065 1151 1107 macula,
1172 1065 1340 1110 solusque

292 1130 398 1166 habet
422 1130 745 1171 immortalitatem,
773 1134 807 1163 et
833 1128 949 1164 lucem
979 1128 1118 1163 habitat
1144 1127 1338 1163 inaccessi-

290 1189 412 1224 bilem.
440 1189 503 1224 Cui
532 1189 690 1234 psalmus
717 1187 804 1223 dicit
826 1199 832 1221 ε
854 1187 1011 1233 Amplius
1035 1187 1111 1222 lava
1139 1198 1191 1222 me
1212 1187 1253 1221 ab
1280 1187 1336 1222 in-

288 1250 425 1295 justitia
449 1262 539 1292 mea,
563 1256 593 1285 et
620 1262 640 1284 a
660 1249 782 1284 delicto
803 1260 877 1284 meo
898 1249 1027 1283 munda
1049 1260 1113 1283 me.
1141 1249 1229 1283 Ecce
1250 1250 1340 1283 enim

290 1312 326 1346 in
350 1311 590 1358 iniquitatibus
612 1317 794 1357 conceptus
823 1321 915 1351 sum,
939 1316 970 1344 et
992 1311 1028 1344 in
1048 1310 1181 1344 delictis
1212 1311 1340 1355 peperit

290 1386 343 1410 me
361 1379 471 1409 mater
487 1381 566 1407 mea
587 1370 703 1418 (Psal,
725 1371 773 1416 L).
801 1371 845 1406 Et
872 1371 908 1406 in
933 1371 1025 1406 libro
1044 1370 1110 1406 Joh
1133 1383 1140 1405 z
1169 1370 1255 1413 Quis
1275 1382 1339 1416 po-

290 1444 366 1482 test,
396 1437 524 1483 inquit,
546 1436 712 1471 mundum
731 1432 845 1481 facere
871 1435 913 1471 de
936 1435 1116 1471 immundo
1137 1443 1339 1482 conceptum

288 1500 430 1542 semine,
460 1510 570 1534 nonne
590 1505 626 1534 tu
648 1500 707 1545 qui
731 1499 824 1534 solus
840 1500 903 1534 es?
928 1498 1022 1544 (Job.
1050 1499 1139 1546 xiv),
1153 1499 1338 1546 Sequitur,

291 1559 360 1603 Qui
388 1559 503 1595 reddis
525 1559 743 1606 iniquitatem
762 1566 900 1606 patrum
929 1560 965 1595 in
984 1559 1068 1605 filiis
1094 1571 1135 1595 ac
1159 1561 1340 1606 nepotibus

289 1620 325 1655 in
363 1620 498 1655 tertiam
536 1625 567 1655 et
596 1626 760 1666 (quartam
792 1621 1001 1665 progeniem.
1039 1619 1129 1655 Cum
1165 1629 1229 1665 per
1258 1629 1342 1665 pro-

292 1679 435 1723 phetam
456 1677 629 1714 Dominus
648 1679 732 1714 alibi
748 1678 844 1714 dicat
862 1688 871 1713 t
894 1678 1008 1714 Filius
1022 1690 1091 1714 non
1106 1678 1256 1724 portabit
1275 1679 1343 1713 ini-

290 1739 456 1785 quitatem
472 1739 594 1785 patris‚
613 1749 720 1785 neque
734 1745 833 1785 pater
854 1739 1071 1785 iniquitatem
1093 1739 1159 1784 filii
1176 1739 1343 1784 :justitia

287 1799 375 1845 justi
403 1809 506 1844 super
541 1810 617 1834 eum
658 1799 721 1834 erit
740 1826 749 1843 ,
786 1806 817 1834 et
854 1800 1013 1846 impietas
1053 1799 1150 1845 impii
1184 1800 1246 1835 erit
1279 1810 1342 1834 su-

289 1870 350 1904 per
371 1870 464 1903 eum,
483 1864 550 1895 etc.
576 1859 718 1906 (Ezech.
739 1859 856 1908 xviii),
879 1861 964 1906 quid
978 1868 1034 1897 est
1052 1861 1148 1906 quod
1164 1871 1261 1896 nunc
1279 1871 1344 1907 per

290 1921 431 1968 Moysen
449 1921 599 1957 Domino
626 1922 769 1965 dicitur,
799 1922 870 1965 Qui
895 1922 1010 1957 reddis
1035 1923 1255 1969 iniquitatem
1282 1934 1345 1968 pa-

288 1986 378 2015 trum
395 1980 478 2025 filiis
496 1992 536 2015 ac
556 1981 764 2027 nepotibus?
779 1980 848 2017 Sed
864 1982 900 2016 in
916 1987 1067 2026 utraque
1083 1983 1150 2017 hac
1166 1983 1345 2017 sententia

290 2040 374 2074 dum
391 2039 577 2075 dissimilis
594 2050 721 2076 sensus
742 2040 937 2082 invenitur,
958 2040 1134 2075 auditoris
1148 2041 1289 2076 animus
1306 2046 1346 2076 ut

290 2099 515 2134 discretionis
535 2099 631 2135 viam
650 2100 829 2135 subtiliter
849 2101 1010 2145 requirat
1028 2101 1232 2136 instruitur.
1257 2102 1344 2139 Pec-

291 2163 410 2193 catum
430 2158 559 2204 quippe
576 2159 750 2205 originale
769 2171 788 2194 a
807 2161 1018 2204 parentibus
1038 2162 1193 2197 trahitur
1212 2168 1248 2198 et
1272 2164 1341 2199 nisi
1363 2145 1391 2185 C
1414 2154 1541 2198 Audite
1570 2174 1650 2209 erpo
1678 2163 1802 2198 domus
1825 2162 1938 2197 David
1958 2171 1969 2195 .·
1993 2162 2167 2208 Nunquid
2189 2173 2315 2208 parum
2341 2169 2392 2198 est
2419 2173 2495 2212 voss

291 2228 355 2263 per
373 2218 524 2264 gratiam
550 2219 775 2264 baptismatis
809 2221 982 2264 solvatur,
1011 2223 1117 2258 etiam
1153 2230 1344 2269 parentum

291 2285 439 2324 peccata
466 2287 663 2326 portamus,
696 2282 758 2327 qui
778 2293 887 2317 unum
918 2283 1033 2319 adhuc
1063 2284 1229 2320 videlicet
1262 2295 1344 2320 cum

293 2341 361 2375 illis
369 2342 681 2378 sumusRedditur
690 2354 774 2389 ergo
784 2344 953 2390 iniquitas
961 2350 1104 2390 patrum
1114 2346 1148 2380 in
1160 2346 1345 2389 siliis,dum

291 2410 354 2445 pro
370 2401 473 2446 culpa
489 2403 646 2447 parentis
658 2414 700 2439 ex
712 2404 876 2451 originali
887 2410 1035 2450 peccato
1045 2407 1345 2452 animapolluitur

291 2459 415 2504 prolis.
435 2460 480 2495 Et
503 2472 648 2498 rursum
666 2490 675 2506 ‚
698 2463 776 2499 Non
800 2464 965 2501 redditur
993 2471 1184 2511 parentum
1213 2467 1346 2511 iniqui-

292 2526 346 2555 tas
368 2520 402 2554 in
423 2519 522 2564 liliis,
549 2523 633 2568 quia
658 2533 738 2559 cum
767 2525 811 2560 ab
830 2525 995 2571 originali
1016 2526 1120 2571 culpa
1140 2536 1204 2571 per
1230 2527 1345 2572 bapti-

291 2591 406 2616 smum
434 2581 653 2627 liberamur,
693 2595 763 2621 non
786 2586 862 2632 jam
892 2593 1081 2633 parentum
1110 2588 1246 2634 culpas,
1282 2589 1345 2624 sed

292 2654 379 2688 quas
395 2644 460 2690 ipsi
471 2647 742 2700 committimus,
762 2649 948 2686 habemus.
969 2649 1071 2694 Quod
1092 2656 1177 2686 tunc
1194 2650 1345 2696 intelligi

293 2704 401 2738 etiam
431 2705 535 2740 aliter
562 2711 706 2751 potest,
742 2709 824 2752 quia
856 2710 1017 2755 quisquis
1050 2712 1151 2756 pravi
1184 2712 1346 2757 parentis

297 2762 522 2807 iniquitatem
547 2764 721 2809 imitatur,
741 2768 848 2803 ctiam
869 2779 914 2804 ex
939 2770 991 2805 eis
1019 2771 1148 2807 delicto
1166 2774 1346 2808 constrin-

295 2822 402 2868 gitur.
424 2822 593 2869 Quisquis
621 2830 739 2860 autem
758 2829 917 2871 parentis
940 2829 1164 2874 iniquitatem
1181 2843 1250 2868 non
1266 2834 1347 2868 imi-

299 2887 405 2924 tatur,
439 2893 665 2929 nequaquam
689 2885 822 2922 delicto
850 2887 945 2924 illius
964 2896 1148 2934 gravatur.
1178 2892 1280 2928 Unde
1307 2893 1348 2928 tit

297 2948 337 2978 ut
355 2944 499 2989 iniquus
521 2945 615 2981 lilius
641 2946 755 2992 iniqui
788 2949 902 2993 patris
929 2960 1000 2984 non
1032 2951 1148 2985 solum
1171 2962 1234 2986 sua
1267 2963 1347 2997 quae

299 3004 446 3046 addidit,
473 3006 534 3040 sed
561 3006 668 3042 ctiam
695 3008 807 3052 patris
827 3015 1014 3054 peccatum
1035 3011 1214 3055 persolvat
1236 3024 1244 3046 :
1266 3023 1347 3048 cum

299 3065 367 3101 viis
395 3066 522 3112 patris,
556 3067 685 3112 quihus
716 3068 846 3104 iratum
875 3070 1064 3106 Dominum
1084 3081 1156 3107 non
1191 3072 1345 3118 ignorat,

298 3125 408 3161 etiam
423 3136 525 3162 suam
547 3128 662 3163 adhuc
679 3128 851 3164 malitiam
870 3130 1062 3176 adjungere
1083 3143 1152 3167 non
1164 3132 1344 3170 formidat.

298 3185 344 3221 Et
361 3185 498 3232 justum
517 3193 586 3230 est,
605 3194 646 3224 ut
664 3189 725 3234 qui
745 3189 810 3225 suh
827 3190 1080 3235 strictojudice
1094 3193 1170 3228 vias
1190 3195 1348 3238 parentis

300 3248 412 3294 iniqui
439 3257 510 3284 non
530 3249 632 3285 timet
653 3250 799 3295 imitari,
817 3258 992 3298 cogantur
1008 3252 1043 3287 in
1063 3253 1137 3288 vita
1162 3255 1344 3298 praesenti,

299 3311 406 3346 etiam
423 3310 548 3357 culpas
564 3311 723 3357 parentis
740 3312 851 3358 iniqui
870 3313 1086 3359 persolvere.
1107 3313 1208 3350 Unde
1223 3310 1259 3350 et
1275 3314 1348 3351 illic

300 3370 435 3407 dictum
450 3376 505 3408 est
515 3381 525 3407 ε
537 3371 662 3409 Anima
677 3374 786 3419 patris
802 3385 879 3410 mea
895 3380 959 3419 est,
979 3375 1096 3411 anima
1113 3374 1179 3422 filii
1192 3387 1268 3412 mea
1282 3381 1347 3411 est.

303 3431 427 3468 Anima
449 3444 526 3480 quoe
547 3436 753 3480 peccaverit,
773 3435 850 3482 ipsa
873 3436 1057 3472 morietur.
1075 3435 1166 3481 Quia
1183 3437 1219 3473 in
1241 3447 1350 3473 carne

304 3501 555 3540 nonnunquam
564 3495 644 3541 filii,
658 3497 765 3533 etiam
776 3498 943 3544 ex'patris
950 3498 1348 3544 peccamen-munium

305 3552 435 3590 delicto
442 3559 560 3603 autem
568 3556 915 3606 originalis-peccati,
924 3563 1166 3606 expui-cutum
1176 3558 1348 3604 nequitia.

305 3615 427 3654 anima
444 3627 515 3654 non
541 3625 695 3656 tenetur.
715 3620 808 3665 Quid
827 3621 923 3658 euim
941 3625 998 3658 est
1017 3621 1112 3668 quod
1126 3620 1272 3668 :parvuli
1286 3619 1351 3664 lilii

301 3675 516 3726 {umque
537 3689 562 3716 a
587 3679 1054 3729 daeinonihussm'piumur,
1075 3681 1146 3719 nisi
1164 3681 1250 3728 quia
1265 3684 1353 3724 cam

303 3734 552 3784 moetus
566 3748 675 3787 pm
685 3741 882 3790 multatum
896 3742 1148 3790 {nsemetimo
1159 3742 1259 3781 enim
1268 3749 1355 3789 per-

304 3794 445 3833 mffir
463 3794 749 3850 Μρῠῌιιιι
775 3803 1085 3853 αῑῑιῡιωεεὶοιιὶε
1108 3803 1188 3841 ·vim
1217 3802 1355 3841 senum

312 3857 522 3894 contemnit.
548 3849 768 3917 *mque
785 3863 983 3910 percutitur
1005 3864 1043 3900 in
1072 3862 1158 3900 tuiis
1173 3868 1214 3900 ut
1230 3862 1355 3900 aerius

1413 377 1592 445 quatenus
1613 378 1770 422 liliorui'ri
1793 379 1932 444 iio‘e‘nis,¹
1952 374 2055 421 mens
2077 380 2193 430 'p'at'ris
2209 375 2331 429 iniqui
2345 373 2477 430 plinia-
2534 431 2535 434 Ἴ

1383 455 1389 458 <
1413 448 1483 483 tur.
1497 431 1590 484 cum
1607 445 1696 483 νόω
1714 445 1788 482 ‘noh
1809 436 1965 494 parvuli,
1983 444 2047 482 sed
2057 440 2134 494 jam
2147 429 2395 491 proventias
2410 443 2477 483 mii

1411 517 1456 543 ex
1472 504 1666 554 parentum
1691 501 1796 553 eulpa
1821 495 2017 550 tenuntur,
2040 501 2126 552 quid
2149 495 2247 558 suad
2265 492 2390 552 aperie
2410 500 2477 542 ua-

1412 573 1471 604 tur
1490 559 1664 615 intelligi,
1692 566 1764 604 'nisi
1784 558 1882 615 quiid
1899 559 2044 622 illorum
2062 559 2173 603 etiam
2199 564 2328 614 'p'oenas
2354 552 2475 620 lli‘u'nt,

1410 620 1565 678 quorum
1586 629 1683 666 facta
1702 614 1817 666 seculi
1833 616 1943 667 sulit?
1965 620 2066 666 Unde
2079 625 2179 666 'recte
2195 617 2342 673 dicitur,
2357 614 2476 677 {7²⁸un
2527 629 2530 631 ’

1410 690 1455 737 ad
1483 678 1624 725 'tertiam
1642 672 1674 725 el
1705 679 1870 750 qnartam
1898 679 2112 746 propeniem.
2145 689 2215 733 Qui
2243 690 2340 726 enim
2358 680 2477 737 ὶὶὲᾁῦὂ

1410 751 1456 786 ad
1475 748 1616 787 tertiam
1638 756 1673 786 et
1699 755 1868 796 quartam
1896 749 2122 796 progeniem,
2152 751 2234 785 eam
2257 742 2366 796 quai'n
2393 746 2476 787 imi-

1410 811 1534 847 tantu'r
1562 792 1627 847 filii
1660 805 1854 858 parentum
1885 810 1998 847 ‘vitam
2028 801 2182 857 ‘possunt
2194 803 2332 854 ridere,
2359 807 2476 858 'usque

1410 873 1455 908 ad
1478 883 1541 909 eos
1563 872 1653 908 ultio
1683 862 1891 909 extenditur
1916 870 1978 918 qui
1997 869 2166 907 viderunt
2184 862 2271 917 quia
2294 861 2390 908 male
2418 862 2476 908 seb

1410 932 1621 980 querentur.

1458 1008 1489 1044 F
1491 1010 1690 1056 estinusqne
1705 1007 1843 1056 Moyses
1863 1013 2029 1043 curvatus
2050 1011 2102 1042 est
2117 1017 2251 1054 pronus
2274 1006 2312 1042 in
2328 1002 2475 1052 terram,
2536 1050 2540 1051 ⁷

1409 1077 1441 1108 et
1457 1072 1610 1107 adorans
1635 1072 1685 1107 ait
1707 1082 1719 1108 :
1741 1071 1782 1108 Si
1802 1070 1917 1106 inveni
1943 1070 2095 1116 qratiam
2123 1069 2160 1103 in
2187 1074 2371 1115 conspectu
2401 1075 2473 1112 tuo,

1409 1134 1571 1177 Domine,
1598 1133 1738 1168 obsecro
1754 1138 1791 1168 ut
1807 1131 1985 1179 gradiaris
2004 1130 2184 1166 nobiscum
2202 1129 2365 1177 (populus
2384 1130 2478 1164 enim

1409 1196 1508 1231 durae
1523 1196 1665 1231 cervicis
1685 1195 1765 1242 est),
1786 1200 1818 1229 et
1833 1194 1976 1240 auferas
1997 1193 2198 1239 iniquitates
2218 1198 2356 1227 nostras
2374 1198 2478 1238 atque

1409 1262 1568 1302 peccata,
1593 1267 1723 1302 nosque
1742 1255 1939 1302 possideas.
1964 1253 2157 1300 Respondit
2185 1252 2479 1299 Dominus:qu

1409 1317 1503 1351 inibo
1531 1323 1694 1363 pactum,
1725 1315 1918 1352 videntibus
1945 1315 2077 1350 cunctis
2097 1314 2198 1361 siqna
2219 1313 2372 1360 faciam,
2399 1323 2478 1359 quie

1410 1387 1588 1423 nunquam
1605 1382 1686 1412 sunt
1704 1376 1778 1412 visa
1797 1386 1901 1422 super
1916 1382 2063 1419 terram,
2077 1375 2189 1410 necin
2209 1373 2291 1410 ullis
2303 1374 2478 1428 gentibus,

1409 1441 1446 1470 ut
1472 1442 1592 1471 cernat
1618 1434 1769 1482 populus
1798 1436 1835 1470 in
1867 1434 1967 1480 cujus
1994 1445 2030 1469 es
2057 1434 2184 1476 medio,
2220 1444 2306 1480 opus
2335 1432 2479 1480 Domini

1409 1494 1576 1538 terribile,
1610 1495 1703 1541 quod
1730 1495 1890 1540 facturus
1915 1505 2006 1529 sum.
2039 1493 2132 1537 Quid
2159 1498 2215 1529 est
2242 1492 2337 1538 quod
2364 1484 2479 1538 Moysi
2529 1530 2540 1535 Γ

1409 1555 1619 1600 deprecanti
1638 1566 1704 1601 pro
1720 1555 1835 1591 salute
1855 1553 1977 1601 populi
1995 1553 2062 1589 sibi
2078 1553 2278 1595 commissi,
2301 1557 2479 1597 quatenus
2525 1549 2540 1596 ζ

1410 1616 1583 1653 Dominus
1611 1616 1766 1663 gratiam
1795 1625 1899 1651 suam
1917 1614 1990 1650 illis
2017 1606 2259 1655 concederet,
2279 1621 2481 1658 eorumque
2525 1606 2540 1627 '⁵

1410 1682 1560 1723 peccata
1586 1682 1695 1722 atque
1714 1675 1847 1711 delicta
1872 1670 2046 1710 auferret.
2072 1666 2273 1719 Respondit
2291 1663 2478 1718 Dominus,
2524 1678 2540 1724 ξ

1411 1737 1486 1784 Ego
1516 1737 1611 1772 inibo
1642 1743 1799 1784 pactum,
1827 1735 2025 1771 videntibus
2052 1735 2186 1770 cunctis
2213 1734 2312 1781 siqua
2333 1733 2477 1784 faciam,
2524 1726 2540 1769 ξ

1411 1810 1487 1844 quoe
1513 1809 1582 1833 non
1615 1804 1696 1834 sunt
1716 1799 1789 1833 visa
1809 1808 1914 1842 super
1935 1803 2082 1840 terram,
2104 1802 2182 1839 ete.
2204 1793 2291 1840 Quae
2310 1800 2393 1830 sunt
2419 1786 2480 1831 i'lla
2515 1821 2522 1826 .

1411 1860 1527 1906 signa,
1550 1869 1630 1905 quae
1665 1867 1850 1903 nunquam
1875 1861 1959 1892 sunt
1990 1857 2068 1891 visa
2099 1867 2209 1902 super
2244 1855 2402 1892 terram?
2421 1855 2480 1892 An
2525 1859 2537 1898 J

1412 1921 1504 1956 torte
1533 1921 1635 1966 signa
1661 1920 1722 1955 illa
1746 1920 1791 1954 ad
1819 1918 1959 1954 Novum
1980 1917 2253 1953 Testamentum
2279 1918 2477 1965 pertinent,

1416 1981 1678 2018 incarnationis
1710 1980 1892 2022 videlieet,
1923 1978 2104 2024 passionis
2131 1989 2173 2014 ac
2200 1979 2480 2017 resurrectionis
2495 1999 2526 2027 '.

1414 2041 1577 2078 Domini?
1595 2041 1646 2076 De
1667 2041 1796 2086 quibus
1819 2039 1930 2086 signis
1958 2039 2003 2074 ad
2028 2038 2206 2085 perfidum
2236 2049 2358 2085 regem
2375 2066 2384 2083 ‚
2416 2026 2503 2087 qui}

1414 2101 1670 2147 noluitjussus
1695 2113 1715 2137 a
1733 2102 1886 2137 Domino
1906 2106 2045 2146 petere,
2072 2093 2183 2136 isaias
2211 2102 2387 2147 propheta
2413 2085 2477 2146 ai't,
2496 2139 2508 2155 f,

1414 2223 1577 2260 molestos
1607 2235 1680 2259 esse
1709 2223 1907 2259 hominibus
1927 2251 1936 2267 ‚
1968 2226 2050 2271 quia
2072 2223 2209 2259 molesti
2238 2225 2320 2259 estis
2349 2230 2380 2259 et
2403 2223 2497 2269 Deo}

1414 2287 1517 2323 meo?
1546 2285 1737 2333 Propterea
1762 2287 1832 2333 ipse
1862 2287 2032 2322 Dominus
2063 2286 2158 2321 dabit
2193 2287 2287 2322 vobis
2324 2287 2493 2332 signum-⁶

1414 2348 1506 2383 Ecce
1524 2348 1619 2393 viryo
1635 2348 1803 2393 concipiet
1819 2353 1849 2382 et
1867 2348 1980 2394 pariet
2002 2347 2131 2392 filium,
2152 2355 2183 2383 et
2201 2347 2337 2383 vocabis
2354 2357 2478 2383 nomen

1414 2408 1490 2454 ejus
1507 2407 1728 2442 Emmanuel.
1745 2407 1919 2453 Butyrum
1937 2407 2046 2442 etmel
2063 2408 2232 2450 comedet,
2255 2414 2292 2442 ut
2313 2408 2400 2443 sciat
2423 2417 2460 2442 re

1415 2469 1561 2512 probare
1589 2468 1746 2512 malam,
1772 2474 1803 2503 et
1831 2469 1956 2515 eliqere
1977 2469 2105 2503 bonum
2138 2467 2243 2514 (lsai.
2275 2468 2356 2514 vu).
2377 2467 2473 2503 Tun

1414 2539 1501 2576 ergo
1535 2539 1620 2565 vere
1657 2539 1740 2565 cum
1774 2528 1904 2574 populo
1939 2527 2003 2564 Dei
2047 2528 2177 2563 initum
2213 2532 2268 2563 est
2303 2533 2448 2573 pactum

1415 2593 1558 2638 quando
1578 2602 1643 2638 per
1663 2591 1799 2627 Christi
1819 2591 2015 2626 adventum
2040 2590 2076 2625 in
2094 2590 2229 2625 mundo
2243 2589 2467 2635 praedicatum

1414 2658 1470 2688 est
1487 2652 1736 2697 Evangelium.
1760 2650 1913 2686 Observa
1933 2656 2058 2686 cuneta
2085 2661 2163 2696 quw
2186 2649 2290 2702 hodie
2312 2649 2441 2702 manda
2461 2646 2464 2650 ’

1414 2714 1489 2748 tibi.
1516 2712 1591 2758 Eyo
1611 2713 1683 2759 ipse
1698 2712 1838 2757 ejiciam
1854 2717 1935 2746 ante
1956 2710 2081 2752 faciem
2097 2717 2194 2746 tuam
2214 2710 2461 2746 Amorrltoeum

1415 2781 1447 2810 et
1472 2773 1731 2815 chananaeum,
1751 2779 1782 2807 et
1808 2771 2010 2814 Hetltoeum,
2040 2769 2266 2825 Pheresa’um
2285 2782 2420 2826 quoque
2451 2787 2462 2802 ›-

1418 2834 1599 2877 Hevoeum,
1630 2839 1661 2868 et
1696 2832 1911 2867 Jebusaeum.
1948 2831 2040 2875 Quid
2074 2835 2130 2867 est
2160 2831 2256 2876 quod
2284 2830 2450 2866 dicitura

1417 2896 1577 2941 Moysen,
1619 2892 1772 2928 Observa
1804 2898 1930 2927 cuncta
1955 2904 2032 2939 quse
2064 2892 2167 2928 lzodie
2202 2891 2366 2927 mandavi
2399 2889 2463 2925 tib

1420 2944 1592 3000 Nunquid
1627 2953 1671 2987 de
1704 2952 1835 2998 populo
1869 2952 1990 2988 dicere
2022 2952 2150 2996 voluit,
2183 2950 2283 2996 cujus
2312 2942 2390 2997 ipse
2413 2950 2450 2985 d·

1420 3020 1500 3050 ctor
1525 3012 1621 3048 suit?
1643 3012 1706 3048 scd
1728 3022 1798 3048 non
1821 3012 1896 3057 ipse
1922 3012 2122 3047 introduxit
2140 3011 2310 3059 populum
2330 3010 2376 3046 'in
2394 3019 2436 3046 ea

1421 3079 1571 3117 terram,
1610 3073 1671 3109 ubi
1702 3073 1870 3118 perhibet
1895 3073 1978 3118 poni
2019 3076 2274 3108 testamentum
2303 3061 2380 3107 sive
2421 3083 2458 3103 ιε

1419 3140 1517 3171 ctum
1549 3144 1632 3170 cum
1670 3134 1748 3176 eis,
1788 3133 1850 3178 qui
1880 3133 1917 3167 in
1949 3133 2010 3168 illa
2047 3132 2271 3169 habitabant.
2306 3131 2397 3168 Cave

1419 3205 1572 3241 unquam
1604 3204 1682 3228 cum
1700 3192 1953 3227 habitatoribus
1973 3199 2075 3228 terrae
2101 3182 2210 3235 illius,
2229 3184 2362 3239 junqas
2381 3202 2455 3228 am

1418 3257 1535 3299 citias,
1557 3266 1634 3302 quae
1664 3254 1725 3290 tibi
1747 3254 1816 3288 sint
1843 3254 1880 3288 in
1901 3255 2054 3298 ruinam,
2075 3256 2135 3290 sed
2155 3267 2236 3291 aras
2265 3245 2386 3291 eorum
2410 3244 2448 3298 d⁴

1419 3323 1542 3360 strue,
1581 3314 1760 3361 confringe
1791 3320 1948 3358 statuas,
1995 3315 2158 3363 lucosque
2197 3317 2350 3365 succide.
2387 3316 2424 3353 N
2434 3322 2448 3339 Α·

1421 3375 1571 3411 adorare
1598 3373 1714 3411 Deum
1744 3372 1898 3409 alienum
1928 3383 1941 3408 .·
1978 3374 2165 3420 Dominus,
2193 3377 2317 3422 zelotes
2342 3387 2395 3414 'm

1420 3437 1496 3484 ejus
1514 3463 1524 3480 ,
1556 3435 1651 3471 Deus
1679 3439 1728 3470 est
1764 3433 1960 3470 oemulator.
1994 3434 2050 3470 Ne
2090 3435 2187 3471 ineas
2222 3422 2362 3481 pactum

1421 3497 1618 3535 hominibus
1630 3495 1773 3532 illarum
1784 3495 1995 3542 reqionum:
2017 3506 2058 3531 ne
2075 3506 2154 3531 cum
2169 3496 2335 3542 fornicati
2342 3497 2364 3544 f
2367 3536 2371 3538 Y
2394 3512 2403 3529 ι
2423 3495 2425 3500 ’

1422 3569 1501 3595 eum
1520 3557 1590 3596 diis
1606 3557 1694 3600 suis,
1715 3561 1748 3591 et
1767 3554 1988 3605 adoraverint
2012 3554 2205 3603 simulacra
2222 3566 2304 3599 sua,
2336 3572 2359 3585 m
2403 3557 2428 3586 ε·

1420 3619 1595 3667 quapiam
1621 3623 1661 3653 ut
1685 3608 1847 3659 eomedas
1877 3614 1921 3659 de
1943 3614 2144 3660 immolatis.
2173 3615 2287 3672 Nea.v
2303 3632 2333 3660 ¹.

1412 3679 1559 3730 filiam
1576 3687 1698 3719 mm
1723 3675 1879 3742 ‘⁶⁵9⁵oe
1899 3668 1984 3722 fiais
2004 3676 2089 3721 mis,
2116 3680 2372 3733 neroum*

1412 3742 1551 3791 tuerint
1576 3741 1784 3793 sonticum&
1795 3733 1938 3786 {dum
1955 3744 1988 3782 et
1996 3738 2112 3785 fictas,
2123 3739 2270 3792 tuom.
2283 3755 2301 3787 -γ
2319 3744 2359 3784 ῑ,.-.-“

1417 3798 1723 3847 veo-<comm
1744 3790 2028 3861 minem&
2046 3796 2177 3847 ⁴2th
2264 3794 2320 3842 ·ῑ-
2348 3852 2355 3859 .

1419 3861 1572 3909 loquens
1586 3859 1632 3897 ad
1646 3859 1806 3906 Moysen,
1823 3863 1866 3895 ut
1874 3855 2285 3915 immitam
2311 3874 2313 3877 ’
2330 3906 2335 3910 q
2355 3867 2358 3870 “
2375 3894 2380 3898 ,
