2540 4016
71 167 139 211 221

683 165 1019 214 commitata
1041 167 1089 208 IN
1113 167 1319 221 Exonuu.
1345 189 1392 202 ---
1415 170 1503 210 un.
1530 172 1592 227 IV,

2173 180 2251 225 222

0 252 3 281 l
72 241 202 278 lebrent
220 241 308 281 illud
326 242 362 278 in
377 239 649 290 generationibus
674 242 760 288 sais.
788 241 938 278 Pactum
956 248 1008 278 est
1027 254 1119 279 sem-
1138 248 1175 299 A,
1189 253 1252 285 eos
1267 245 1314 281 ab
1336 245 1398 283 illa
1416 245 1614 282 intentione
1629 252 1828 298 revfocaret.
1849 249 2000 293 Factum
2018 258 2142 299 tamen
2155 257 2247 296 fflud

69 302 242 349 piternum
258 302 348 338 inter
370 311 424 337 me
440 306 471 342 et
486 299 576 352 {ilios
602 300 727 343 Israel,
748 301 884 350 siquam
900 308 1117 351 perpetuum.

70 361 143 397 Sex
161 363 251 397 enim
265 361 385 397 diebus
399 360 482 405 [ecit
504 359 675 395 Dominus
690 360 812 400 coelum
831 367 861 397 et
871 368 1014 406 terram,
1034 367 1067 398 et
1083 363 1120 398 in

68 424 212 469 septimo
222 422 264 458 ab
273 421 364 458 omni
374 431 473 470 opere
487 420 770 468 cessavitOExod.
788 422 903 470 xxxi).
915 421 1119 459 Notandum

68 483 163 518 enim
184 481 278 529 quod
306 481 343 522 in
378 479 612 530 Septuaginta
643 481 702 517 hic
734 482 834 518 locus
856 483 902 517 ita
936 483 1116 524 habetur.-

0 534 2 600 j
70 542 322 579 Testamentum
347 543 385 577 in
402 547 567 577 oeternam
587 543 622 577 in
641 553 695 577 me
714 549 744 578 et
772 543 856 588 filiis
876 542 1003 579 Israel.
1026 543 1119 588 Quid

67 603 134 638 sibi
154 603 230 638 vult
257 603 351 647 quod
381 613 462 638 cum
487 603 530 638 de
559 602 707 638 sabbato
743 603 967 638 observando
998 605 1120 650 praeci-

66 669 179 707 peret,
202 663 250 698 ait
267 675 273 697 :
293 662 561 698 Testamentum
585 668 639 698 est
659 668 831 697 {eternum
851 663 886 698 in
908 674 965 699 1ne
983 670 1019 699 et
1035 664 1118 700 filiis

64 722 169 757 lsrael
186 725 200 757 ‘t
215 734 284 758 non
305 724 355 758 ait
381 723 474 759 inter
491 733 546 758 me
563 728 599 758 et
614 723 705 758 filios
718 723 840 766 Israel,
859 735 905 760 an
925 725 1007 771 quia
1036 727 1118 761 sab-

62 783 184 819 batum
204 784 365 829 requiem
396 784 587 830 significat,
619 791 654 819 et
672 785 813 828 requies
836 784 940 820 nobis
962 795 1032 820 non
1061 792 1115 821 est

62 842 130 876 nisi
153 842 187 876 in
210 842 296 878 illo?
328 842 415 878 Nam
446 843 605 890 profecto
639 843 731 878 filios
764 843 874 880 lsrael
907 844 1115 881 universum

61 902 229 948 populum
252 903 351 944 dicit,
383 903 419 943 id
442 907 511 944 est,
545 912 664 938 semen
695 901 889 943 Abraham,
911 909 947 937 et
969 901 1114 946 0311515-

61 963 136 997 rael
160 964 354 1002 secundum
379 972 521 1003 carnem
545 966 580 995 et
598 960 792 996 secundum
811 961 991 1007 spiritum.
1021 962 1112 997 Nam

61 1022 89 1057 si
110 1023 219 1058 lsrael
239 1033 309 1058 non
335 1027 432 1057 esset
464 1021 635 1057 (1100111115
666 1021 734 1057 nisi
766 1032 810 1057 ex
828 1031 958 1068 genere
974 1023 1108 1066 carnis,

59 1094 129 1124 non
150 1083 285 1121 diceret
303 1082 494 1129 Apostolus
510 1095 517 1117 ε
558 1082 677 1118 Videte
694 1083 806 1118 Israel
827 1085 1015 1120 secundam
1033 1097 1110 1120 car-

57 1203 236 1254 spiritum,
265 1204 325 1248 qui
354 1204 390 1239 in
411 1205 620 1240 abscondito
640 1204 785 1241 iudaeus
803 1212 870 1247 est.
901 1212 936 1242 et
956 1208 1112 1243 circum-

57 1264 145 1311 cisio
164 1264 295 1300 cordis.
318 1263 377 1301 Sic
412 1276 496 1312 ergo
528 1266 655 1302 melius
683 1268 836 1305 sortasse
864 1269 1108 1316 distinguitur,

56 1330 310 1365 testamentum
329 1332 502 1361 aeternum
529 1328 564 1362 in
587 1338 655 1363 me.
685 1329 730 1363 Et
763 1329 844 1365 inde
864 1330 954 1370 alins
984 1341 1110 1366 sensus

55 1385 115 1426 sit,
133 1391 169 1426 et
190 1385 283 1424 lilius
297 1386 406 1422 lsrael
431 1393 600 1433 tanquam
624 1390 764 1435 signum
781 1396 968 1431 aeternum,
991 1391 1024 1426 id
1040 1397 1107 1434 est,

54 1451 196 1484 aeternae
222 1447 273 1482 rei
302 1447 466 1495 signum:
499 1451 677 1506 quomodo
706 1457 802 1502 petra
834 1452 898 1486 erit
935 1450 1107 1494 Christus,

55 1506 137 1550 quia
166 1512 265 1551 petra
287 1507 513 1553 significabat
541 1508 737 1550 Christum.
771 1509 848 1544 Non
870 1520 955 1556 ergo
978 1511 1025 1545 ita
1046 1521 1109 1546 1111-

54 1571 222 1611 guentum
243 1572 297 1602 est
316 1572 568 1603 testamentum
601 1575 774 1604 aeternum
805 1570 841 1605 in
868 1581 924 1606 me
953 1577 990 1606 et
1022 1571 1108 1607 tiliis

54 1627 175 1670 lsrael,
203 1633 371 1673 tanquam
391 1629 426 1664 in
455 1629 554 1673 Deo3
588 1635 623 1670 et
654 1630 737 1672 tiliis
762 1631 872 1666 lsrael
897 1632 942 1666 sit
968 1632 1035 1668 hoc
1053 1639 1106 1667 te-

55 1691 273 1722 stamentum
305 1693 478 1724 aeternum
500 1689 537 1724 in
561 1699 632 1732 me,
665 1690 747 1735 quia
780 1691 814 1731 in
853 1690 912 1726 illo
931 1692 1107 1738 promissa

53 1751 108 1780 est
127 1747 270 1792 requies
290 1754 438 1791 aeterna,
459 1754 495 1784 et
515 1749 598 1790 filiis
627 1750 737 1784 lsrael
761 1751 901 1796 signum
930 1757 983 1787 est
1003 1758 1108 1787 {eter-

54 1817 155 1850 num,
181 1808 263 1855 quia
296 1807 359 1856 filii
392 1808 502 1844 lsrael
530 1816 746 1862 acceperunt
765 1811 1029 1847 observandum
1059 1814 1106 1848 si-

51 1879 158 1912 gnum
178 1879 249 1915 quo
272 1870 415 1916 requies
445 1870 670 1917 significatur
697 1877 846 1916 aeterna,
874 1874 969 1909 veris
994 1874 1106 1910 lsrae-

50 1915 138 1976 iitis,
168 1930 238 1966 hoc
268 1936 336 1973 est,
368 1930 450 1967 filiis
482 1932 732 1983 promissionis
764 1939 800 1968 et
823 1933 958 1969 visuris
990 1935 1102 1969 Deum

49 1979 140 2034 iacIe
160 1993 203 2028 ad
220 1991 349 2028 faeiem
373 1994 478 2029 sicuti
497 1999 552 2034 est
569 2006 577 2030 ε
597 1994 702 2029 Dedit
718 2006 852 2039 quoque
878 1995 992 2042 Moysi
1011 2007 1104 2031 com—

49 2109 146 2153 bulas
157 2113 340 2151 testimonii
351 2113 674 2162 lapideas,scriptas
687 2116 794 2161 diyito
804 2116 883 2151 Dei.
906 2117 977 2163 (Ex
987 2118 1105 2164 Anqu—

47 2170 167 2216 stino.)
186 2171 275 2212 Cum
294 2179 365 2208 tam
393 2174 504 2210 multa
532 2175 671 2212 locutus
688 2177 734 2211 sit
753 2177 862 2220 Deus,
885 2177 964 2219 duae
985 2183 1104 2214 tamen

49 2231 178 2274 tabulae
198 2232 327 2274 dantur
350 2233 461 2283 Moysi
488 2234 649 2288 lapideae,
672 2246 751 2285 quse
777 2237 946 2283 dicuntur
974 2239 1104 2282 tabulae

50 2292 258 2328 testimonii.
289 2293 429 2339 Figurae
450 2294 484 2329 in
507 2305 601 2337 arca,
636 2297 804 2332 nimirum
825 2298 946 2333 omnia
966 2305 1098 2337 caetera

47 2362 126 2399 quae
156 2355 324 2405 praecepit
352 2355 444 2390 Deus
464 2366 508 2400 ex
540 2357 610 2392 illis
640 2357 762 2396 decem
795 2359 994 2407 [ινα-0011115,
1017 2370 1099 2405 quae

49 2412 185 2459 duabus
214 2415 344 2461 tabulis
365 2417 567 2463 conscripta
592 2423 685 2459 sunt,
718 2418 874 2464 pendere
895 2419 1102 2466 intelligun-

36 2480 119 2518 tur,
139 2476 168 2511 si
198 2477 387 2524 diligenter
405 2484 623 2524 quaerantur,
654 2486 689 2514 et
715 2480 806 2515 bene
837 2480 1097 2527 intelligantur,

33 2536 223 2584 aquomodo
243 2537 318 2572 haee
339 2525 416 2584 ipsa
440 2550 566 2574 rursus
586 2540 709 2582 decem
726 2546 922 2589 praecepta,
950 2550 992 2575 ex
1010 2541 1100 2578 duo-

33 2596 212 2638 ῐ1111511115,
237 2597 426 2635 dilectione
451 2601 588 2637 scilieet
608 2602 669 2643 Dei
702 2607 738 2637 ct
769 2602 934 2648 proximi,
965 2602 999 2638 in
1022 2603 1100 2649 qui-

30 2655 112 2691 ·bus
131 2660 202 2706 tota
227 2656 283 2692 lex
301 2658 432 2705 pendet
446 2664 482 2695 et
506 2661 699 2708 prophetae.
1039 2650 1043 2666 ²

435 2712 584 2756 CAPUT
603 2720 695 2764 XVI.

33 2775 94 2812 lDe
108 2778 380 2823 transaressione
402 2778 520 2814 Aaron
543 2780 578 2814 in
605 2781 834 2826 fornicatione
863 2781 965 2817 vituli
982 2783 1094 2818 aurei.

96 2836 222 2878 Videas
248 2844 364 2873 autem
384 2838 531 2886 populas
545 2840 637 2885 qnod
663 2851 795 2876 moram
813 2840 941 2887 faceret
958 2842 1098 2877 descen-

30 2895 146 2942 sdendi
164 2896 206 2931 de
219 2904 334 2933 monte
357 2891 508 2944 Moyses,
533 2906 759 2946 conqreqatus
784 2901 950 2943 adversus
978 2902 1096 2938 Aaron

28 2955 113 2992 uait:
133 2956 244 3003 Surae
261 2958 318 3003 sac
341 2959 438 3000 nobis
467 2960 548 2995 deos
569 2961 627 3007 qui
654 2972 715 2997 nos
740 2952 950 3008 praecedantss
981 2964 1096 3011 Moy-si

27 3016 128 3059 settim
148 3017 228 3053 huic
242 3018 326 3062 viro,
345 3020 404 3064 qui
426 3031 486 3055 nos
505 3021 622 3056 eduxit
641 3022 683 3056 de
700 3029 793 3058 terra
818 3023 978 3071 AEqypti,
997 3026 1096 3071 iano-

28 3086 157 3118 mamus
171 3078 254 3125 quid
274 3080 454 3118 acciderit.
479 3081 645 3129 Dicitque
661 3083 706 3118 ad
721 3094 778 3118 eos
804 3084 948 3120 Aaron:
970 3078 1094 3121 Tollite

42 3135 178 3193 ‘isaures
211 3150 336 3175 aureas
367 3140 411 3176 de
447 3138 594 3186 uxorum
630 3142 851 3191 filiorumque
875 3151 905 3180 e!
936 3145 1092 3190 filiarum

68 3219 79 3227 »ι
110 3209 230 3234 rarum
256 3200 412 3243 auribus,
447 3208 479 3237 et
513 3202 633 3247 afferte
658 3204 703 3238 ad
729 3215 795 3239 me.
820 3204 919 3240 Feci!
943 3207 1093 3253 populus

68 3296 71 3297 ⁷
94 3272 99 3284 ι
127 3257 305 3303 jusserat,
326 3260 484 3306 deserens
507 3262 648 3298 inaures
670 3264 716 3299 ad
728 3264 868 3301 Aaron.
899 3266 994 3310 Quas
1013 3279 1092 3303 cum

33 3323 35 3326 ⁴
53 3301 100 3362 ff
117 3309 300 3367 decepisset
315 3321 476 3368 formavit
492 3335 593 3370 opere
606 3325 740 3370 fusorio
758 3333 789 3363 et
817 3328 896 3374 fecit
916 3341 958 3364 ex
977 3331 1026 3365 eis
1045 3331 1094 3366 vi-

26 3377 95 3451 m?
111 3388 153 3435 ⁴tu
171 3376 411 3427 conflatilem,·
438 3383 691 3432 dixeruntque:
725 3386 773 3422 111·
799 3394 879 3424 sunt
900 3389 950 3425 dii
966 3391 1017 3425 tui
1035 3390 1093 3426 Is-

68 3442 82 3477 Ϊ
101 3441 587 3509 315„itseduxernntdeterra
599 3447 758 3495 AEyypti.
783 3449 885 3492 Quod
897 3463 976 3487 cam
990 3453 1096 3488 vidis-

27 3453 79 3571 ἓ
103 3491 167 3543 ,⁴³
184 3508 235 3546 n,
251 3503 438 3550 (edificavit
450 3504 563 3542 altare
574 3518 692 3553 coram
705 3520 760 3552 eo,
777 3515 810 3544 et
822 3512 993 3556 proeeonis
1011 3523 1091 3548 voce

52 3573 63 3581 ·
74 3555 85 3588 -'
103 3553 115 3595 ’ζ
141 3579 157 3610 .'
171 3558 173 3562 '
187 3574 189 3579 ’
206 3556 324 3613 dicens
332 3573 345 3599 .·
353 3562 440 3600 Cras
449 3564 648 3603 solemnitas
661 3567 800 3605 Domini
809 3576 874 3614 est,
884 3575 952 3606 etc.
959 3570 1089 3618 (Exod-

131 3618 134 3621 '
152 3637 166 3672 3
179 3624 229 3661 ,“.ζ
246 3623 250 3626 ”
264 3635 269 3650 ι
289 3620 516 3667 iubetAaron
525 3626 670 3663 inaures
683 3628 778 3665 demi
791 3629 837 3664 ab
844 3629 993 3666 auribus
1005 3639 1092 3666 uxo·

251 3685 254 3690 ⁴
288 3684 314 3709 '·
354 3685 511 3745 ,1111110
523 3686 843 3734 illimem-etms,
853 3700 923 3727 non
938 3690 1094 3728 absurde

110 3787 119 3797 -
182 3777 190 3805 ι
435 3748 634 3826 W
653 3751 971 3822 *smera
985 3753 1095 3811 *2⁹⁶⁰

1113 2930 1148 2968 D

1187 305 1307 360 ipsum
1324 305 1479 353 difficile,
1494 312 1535 350 ut
1550 313 1646 351 esset
1663 318 1790 345 aurum
1809 309 1856 350 ad
1872 308 2074 354 faciendum
2093 316 2246 371 idolum,

1186 371 1333 412 propter
1359 377 1421 403 eos
1443 369 1640 409 notandum
1669 370 1807 420 putavi,
1838 369 1900 421 qui
1919 372 2193 422 contristantur,
2214 379 2245 416 si

1187 425 1272 471 quid
1290 426 1360 462 tale
1386 434 1533 481 propter
1549 430 1658 473 vitam
1685 435 1859 471 aeternam
1879 431 2051 468 divinitus
2075 433 2166 479 fieri,
2186 440 2245 475 vel

1186 497 1290 544 aequo
1306 489 1427 526 animo
1448 491 1602 540 tolerare
1617 492 1815 539 jubeantur
1832 506 1841 528 ι
1869 493 1966 531 Sedit
1979 496 2127 546 populas
2146 510 2246 536 man-

1186 546 1315 583 ducare
1328 555 1359 584 et
1378 550 1491 586 bibere
1508 558 1540 588 et
1557 560 1784 589 surrexerunt
1804 554 1938 591 ludere.
1957 557 2050 593 Esus
2069 565 2246 606 potusque

1186 607 1231 643 ad
1253 608 1372 651 lusum
1390 612 1531 661 impulit
1549 626 1557 648 :
1580 614 1679 650 lusus
1698 615 1743 657 ad
1761 616 2002 658 idololatriam
2022 619 2145 661 traxit,
2162 620 2244 664 qnia

1185 669 1215 704 si
1230 671 1399 707 vanitatis
1417 673 1521 720 culpa
1540 685 1766 721 nequaquam
1790 682 1896 717 caute
1927 679 2181 727 compescitur,
2201 681 2245 714 ab

1184 729 1372 776 iniquitate
1409 735 1575 779 protinus
1607 747 1709 772 mens
1733 737 1875 773 incauta
1912 739 2117 783 devoratur,
2140 740 2243 775 Salo-

1184 801 1292 827 mone
1310 799 1502 830 attestante
1523 797 1606 841 quia
1635 799 1696 848 qui
1716 800 1854 835 modica
1888 802 2039 846 spernit,
2067 803 2238 847 paulatim

1184 851 1329 888 decidit.
1362 854 1401 889 Si
1425 857 1522 891 enim
1547 868 1676 894 curare
1706 869 1816 905 parva
1849 861 2062 908 negligimus
2087 864 2241 899 insensi-

1182 912 1304 948 biliter
1319 916 1473 958 seducti,
1490 919 1662 954 audacter
1684 921 1792 961 etiam
1814 920 1951 966 majora
1968 929 2240 968 perpetramus:

1178 971 1334 1009 Locutus
1354 982 1404 1010 est
1421 985 1537 1013 autem.
1554 979 1723 1016 Dominus
1741 982 1787 1016 ad
1806 982 1950 1028 Moysen
1970 985 2110 1019 dicens:
2133 983 2242 1029 Vade,

1178 1032 1346 1069 descende
1359 1045 1371 1068 :
1392 1039 1542 1081 peccavit
1558 1040 1705 1084 populus
1720 1048 1800 1077 tuus
1815 1054 1914 1088 quem
1931 1045 2080 1079 eduxisti
2095 1046 2136 1080 de
2150 1052 2243 1083 terra

1178 1093 1337 1140 AEqypti.
1360 1095 1586 1133 Recesserunt
1609 1099 1677 1135 cito
1707 1099 1749 1134 de
1769 1102 1822 1136 via
1841 1113 1946 1147 quam
1978 1104 2158 1138 ostendisti
2178 1105 2239 1139 eis.

58 1155 147 1179 uem·
176 1143 244 1188 Ubi
264 1143 423 1190 profecto
457 1144 633 1197 Significat
666 1155 746 1181 esse
779 1146 890 1185 lsrael
915 1148 1110 1183 secundum
1130 1143 1161 1182 Β
1180 1152 1421 1201 Feceruntque
1439 1157 1503 1191 sibi
1520 1158 1665 1193 vitulum
1685 1160 1910 1205 conflatilem,
1931 1168 1962 1196 et
1984 1163 2237 1206 adoraverunt,

1180 1219 1282 1261 atque
1304 1215 1522 1252 immolantes
1550 1218 1581 1251 ei
1610 1217 1754 1261 hostias,
1784 1219 1947 1256 dixerunt
1976 1230 1987 1254 .·
2015 1221 2080 1255 Isti
2097 1229 2174 1256 sunt
2192 1223 2242 1257 dii

1179 1275 1230 1308 tui
1257 1275 1386 1318 Israel,
1418 1277 1478 1323 qui
1499 1277 1695 1314 eduxerant
1724 1285 1755 1314 te
1775 1280 1817 1314 de
1836 1286 1928 1315 terra
1959 1281 2119 1329 AEqypti.
2140 1282 2242 1317 AEdi-

1177 1333 1287 1370 ficare
1305 1335 1413 1371 etiam
1437 1336 1608 1372 lectorem
1628 1338 1733 1374 valde
1763 1338 1867 1384 juxta
1899 1341 2086 1376 historiam
2106 1347 2239 1388 potest,

1178 1394 1205 1429 si
1223 1397 1420 1440 perpendat
1445 1398 1624 1442 quomodo
1642 1397 1746 1433 bonis
1763 1401 1963 1435 rectoribus
1983 1402 2088 1437 mista
2119 1405 2178 1446 sit,
2204 1408 2240 1440 et

1176 1455 1322 1499 regendi
1355 1458 1551 1492 auctoritas
1579 1462 1616 1493 et
1641 1458 1842 1504 benignitas
1869 1461 2089 1499 consulendi.
2125 1463 2240 1499 Disci-

1175 1513 1271 1557 plina
1295 1515 1390 1550 enim
1417 1515 1473 1550 vel
1501 1516 1750 1552 misericordia
1771 1518 1924 1558 multum
1954 1521 2185 1564 destituetur,
2208 1522 2236 1557 si

1175 1583 1245 1608 una
1267 1574 1344 1614 sine
1359 1575 1471 1610 altera
1486 1581 1664 1613 teneatur.
1695 1577 1765 1612 Sed
1793 1578 1891 1613 circa
1912 1580 2074 1615 subditos
2098 1591 2181 1616 suos
2200 1582 2235 1616 in

1174 1642 1253 1668 esse
1270 1635 1472 1670 rectoribus
1492 1635 1610 1677 debet,
1631 1641 1667 1671 et
1690 1637 1787 1682 justa
1818 1638 2012 1673 consulens
2032 1640 2236 1675 misericor-

1175 1694 1248 1736 dia,
1260 1699 1296 1729 et
1309 1695 1367 1740 pia
1377 1696 1527 1732 saeviens
1543 1696 1744 1742 disciplina.
1756 1697 1888 1733 Intueri
1901 1709 2058 1745 namque
2071 1700 2160 1736 libet
2177 1701 2233 1736 in-

1174 1754 1286 1807 1110151
1310 1761 1456 1801 pectore
1484 1757 1768 1793 misericordiam
1796 1768 1877 1793 cum
1901 1760 2092 1806 severitate
2120 1761 2235 1796 socia—

1174 1822 1260 1852 tam.
1278 1818 1471 1854 Videamus
1485 1824 1680 1863 amantem,
1700 1820 1757 1867 pie
1774 1826 1812 1855 et
1829 1820 1993 1856 districte
2013 1821 2231 1858 saevientem.

1173 1876 1278 1913 Certe
1299 1889 1380 1914 cum
1400 1879 1619 1915 Israeliticus
1639 1880 1790 1927 populus
1808 1887 1892 1916 ante
1919 1881 1982 1917 Dei
2001 1882 2126 1917 oculos
2141 1892 2234 1927 pene

1171 1937 1428 1977 inveniabilem
1457 1940 1700 1974 contraxisset
1725 1940 1913 1983 offensam,
1941 1941 1989 1976 ita
2018 1949 2058 1976 ut
2076 1942 2154 1988 ejus
2172 1952 2231 1977 re-

1174 2005 1254 2033 ctor
1271 1998 1425 2042 audiret,
1446 1999 1639 2042 Descende,
1667 2001 1817 2046 peccavit
1842 2000 1988 2047 popalus
2018 2010 2124 2044 tuus‚·
2141 2012 2182 2037 ac
2202 2003 2232 2044 si

48 2038 148 2105 pletis
164 2052 403 2098 nujuscemodi
418 2054 633 2095 sermonibus
648 2055 684 2094 in
699 2062 814 2091 monte
828 2054 929 2091 Sinai
950 2057 1037 2092 ditas
1055 2064 1104 2092 ta·
1123 2038 1152 2080 C
1174 2059 1206 2094 ei
1226 2059 1346 2095 divina
1364 2070 1434 2094 vox
1454 2059 1604 2103 diceret,
1629 2061 1711 2105 quia
1737 2060 1772 2096 in
1807 2061 1877 2096 tale
1902 2067 2090 2107 peccatum
2112 2063 2233 2113 lapsus

1173 2123 1240 2160 est,
1266 2117 1342 2162 jam
1366 2129 1468 2154 meus
1488 2129 1559 2154 non
1589 2126 1657 2154 est.
1675 2119 1793 2169 Atque
1812 2121 2067 2168 subjungeret:
2089 2122 2233 2159 Dimitte

1171 2189 1238 2221 me,
1255 2185 1291 2213 at
1310 2179 1485 2214 irascatur
1502 2180 1603 2226 furor
1616 2191 1713 2215 mens
1739 2187 1859 2216 contra
1876 2193 1946 2225 eos,
1963 2189 1994 2217 et
2010 2182 2145 2219 deleam
2160 2196 2231 2228 eos,

1172 2239 1368 2286 taciamqae
1388 2246 1420 2275 te
1437 2241 1473 2275 in
1491 2247 1624 2286 qentent
1642 2251 1820 2287 maanam.
1838 2242 1900 2277 1110
1920 2243 2031 2278 semel
2049 2249 2084 2278 et
2100 2244 2230 2280 iterum

1170 2309 1236 2345 pro
1256 2300 1387 2346 populo
1406 2301 1463 2336 cui
1485 2307 1656 2346 praeerat,
1683 2302 1823 2338 obicem
1848 2312 1886 2337 se
1904 2303 1948 2338 ad
1968 2303 2140 2348 impetum
2168 2305 2230 2340 Dei

1170 2363 1362 2398 irascentis
1378 2372 1562 2408 opponens
1579 2362 1628 2397 ait
1643 2372 1652 2397 ι
1670 2363 1739 2397 Aut
1759 2363 1895 2398 dimitte
1909 2364 1957 2398 eis
1982 2364 2071 2399 hanc
2087 2375 2227 2408 noxam,

1169 2428 1229 2457 aut
1253 2423 1282 2456 si
1299 2433 1366 2456 non
1389 2422 1493 2467 facis,
1507 2422 1582 2457 dele
1597 2434 1650 2457 me
1669 2423 1711 2457 de
1730 2422 1816 2458 libro
1834 2431 1893 2458 tuo
1919 2434 2020 2470 quem
2045 2425 2227 2469 scripsisti.

1167 2482 1367 2517 Pensemus
1388 2481 1520 2526 quibus
1540 2482 1741 2518 visceribus
1757 2482 1922 2518 eumdem
1940 2483 2111 2529 populum
2131 2494 2229 2519 ama-

1166 2543 1233 2586 vit,
1259 2553 1324 2589 pro
1339 2541 1441 2586 quus
1458 2543 1531 2584 vita
1551 2544 1594 2578 de
1614 2544 1704 2578 libro
1724 2544 1806 2578 vitae
1825 2544 1933 2578 deleri
1963 2554 2000 2579 se
2020 2545 2134 2604 petiit.
2159 2545 2228 2582 Sed

1167 2611 1287 2641 tamen
1314 2606 1380 2641 iste
1405 2607 1465 2659 qui
1503 2611 1604 2642 tanto
1629 2605 1706 2658 ejus
1735 2607 1856 2660 populi
1893 2618 2015 2644 amore
2046 2611 2226 2645 constrin-

1167 2668 1276 2714 gitur,
1299 2672 1427 2703 contra
1447 2666 1524 2713 ejus
1539 2668 1662 2713 culpas
1689 2669 1897 2713 pensemus,
1917 2675 2053 2714 quanto
2071 2670 2148 2706 zelo
2169 2680 2227 2706 re-

1165 2728 1352 2764 ctitudinis
1368 2729 1600 2763 accendatur.
1635 2727 1716 2763 Mox
1734 2728 1867 2764 etenim
1898 2729 2071 2774 petitione
2101 2731 2227 2777 primae

1165 2789 1278 2835 culpa}
1308 2789 1450 2825 veniam
1482 2798 1527 2830 ne
1548 2789 1754 2824 delerentur
1776 2789 1960 2824 obtinuit:
1992 2791 2035 2826 ad
2061 2793 2224 2841 eumdem

1164 2838 1335 2898 populum
1354 2850 1503 2893 veniens
1518 2850 1569 2885 ait
1586 2862 1594 2884 :
1618 2849 1734 2885 Ponat
1750 2850 1803 2898 pir
1818 2849 1975 2903 gladium
1992 2862 2095 2901 super
2110 2852 2226 2904 [entur

1165 2900 1280 2946 suum.
1307 2911 1362 2946 Ite
1381 2918 1411 2946 et
1434 2910 1542 2946 redite
1571 2910 1614 2946 de
1639 2917 1739 2957 porta
1766 2910 1910 2965 quisque
1935 2911 1980 2945 ad
2010 2918 2147 2958 portam
2165 2924 2226 2961 per

1168 2970 1322 3006 medium
1343 2976 1553 3013 castrorum,
1568 2976 1599 3005 et
1619 2969 1754 3005 occidat
1776 2970 2009 3021 unusquisque
2025 2969 2168 3015 fratrem
2193 2977 2223 3006 et

1167 3031 1317 3066 amicum
1337 3037 1368 3066 et
1386 3031 1585 3078 proximum
1602 3041 1718 3066 suum.
1737 3029 2012 3076 Cecideruntque
2032 3030 2067 3066 in
2088 3030 2143 3065 die
2161 3030 2223 3066 itta

1164 3092 1264 3137 quasi
1296 3091 1416 3136 viqinti
1445 3091 1514 3126 tria
1545 3091 1656 3126 millia
1681 3091 1872 3126 hominum.
1918 3091 2011 3138 Ecce
2033 3092 2094 3138 qui
2114 3092 2221 3128 vitam

1164 3153 1324 3188 omnium
1344 3152 1454 3187 etiam
1481 3163 1562 3188 cum
1592 3162 1656 3188 sua
1679 3157 1796 3188 morte
1815 3153 1932 3199 petiit,
1954 3163 2152 3206 paucorum
2168 3153 2222 3187 vi-

1164 3218 1236 3250 tam
1268 3212 1388 3259 gladio
1427 3213 1615 3254 exstinxit.
1649 3212 1750 3248 Intus
1784 3213 1875 3249 arsit
1898 3212 2039 3260 ignibus
2070 3212 2219 3255 amoris,

1161 3272 1249 3315 soris
1269 3283 1443 3310 accensus
1461 3280 1517 3317 est
1534 3274 1612 3310 zelo
1630 3274 1845 3310 severitatis.
1874 3274 1989 3308 Tanta
2006 3272 2072 3308 suit
2088 3273 2216 3319 pietas,

1161 3339 1202 3370 ut
1220 3345 1259 3371 se
1277 3345 1344 3380 pro
1362 3335 1433 3371 illis
1451 3345 1575 3371 coram
1595 3335 1750 3370 Domino
1771 3334 1876 3375 morti
1901 3332 2031 3368 offerre
2061 3343 2131 3368 non
2153 3334 2219 3369 du-

1160 3386 1312 3438 bitaret3
1332 3401 1432 3443 tanta
1458 3396 1646 3437 5011οῐ11115,
1665 3401 1706 3434 ut
1720 3405 1783 3430 eos
1810 3404 1900 3449 quos
1917 3393 2088 3436 divinitus
2107 3393 2217 3436 ferire

1163 3457 1348 3499 timuerat,
1379 3456 1456 3513 ipse
1471 3455 1598 3501 judicii
1616 3455 1735 3512 gladio
1752 3453 1891 3496 feriret.
1923 3452 1984 3494 Sic
2002 3453 2136 3490 amavit
2154 3462 2216 3492 eos

1161 3507 1291 3561 quibus
1315 3514 1472 3560 praefuit,
1501 3520 1542 3557 ut
1574 3524 1641 3560 pro
1665 3514 1718 3549 eis
1749 3523 1817 3555 nec
1851 3512 1919 3564 sibi
1948 3520 2142 3561 parceret3
2179 3520 2223 3568 et,

1160 3579 1280 3610 tamen
1309 3573 1558 3619 delinquentes
1584 3572 1638 3608 sic
1656 3578 1867 3619 persecutus
1883 3579 1939 3623 est
1957 3585 2048 3621 quos
2065 3576 2213 3629 amavit,

1161 3639 1200 3670 ut
1219 3643 1282 3669 eos
1299 3621 1426 3668 etlam'
1442 3632 1597 3675 Domino
1623 3631 1797 3688 parcente
1822 3622 2093 3691 prosterneret:
2114 3640 2215 3679 1111·οφ

1160 3693 1271 3739 bique
1289 3691 1430 3738 legatus
1460 3690 1578 3734 fortis,
1597 3689 1721 3729 utrobi
1744 3702 1788 3729 ue
1819 3692 1999 3737 medtator
2024 3695 2198 3737 mirabilis

1161 3738 1309 3789 causam
1318 3750 1440 3826 populi
1458 3751 1554 3806 apud
1572 3703 1764 3810 Dominum}
1781 3743 1963 3827 praeibas³
1982 3747 2127 3818 causata
2146 3755 2215 3820 1301
