2540 4016
0 3970 2 3992 l

0 3994 1 4016 l

103 143 170 180 15¹1

102 285 179 321 suis
197 285 256 331 qui
271 295 387 331 neque
403 289 530 319 natura
546 281 658 318 Judaei
671 309 680 325 ‚
700 291 817 326 neque
836 282 1060 327 professione
1074 281 1152 318 sue·

103 351 200 381 runt.
227 347 377 382 Constat
392 344 487 380 enim
506 369 516 385 ,
547 342 630 387 quia
656 342 768 388 priori
789 341 852 377 Dei
876 342 1008 388 populo
1027 343 1151 378 docto-

103 414 182 448 res,
217 416 287 442 non
315 405 444 440 nisiex
468 403 543 449 ipsa
562 413 686 438 eorum
715 407 820 449 gente
842 402 1077 448 praefuerunt.
1103 403 1150 439 At

100 478 187 504 vero
219 466 387 502 Ecclesiae
417 470 578 500 rectores
608 463 716 510 primi
748 464 891 510 quidem
929 463 1075 500 suerunt
1107 465 1150 501 dc

101 527 285 570 llcbraeis;
304 536 430 561 verum
463 536 545 561 mox
582 529 769 561 crescente
803 535 845 560 ea
876 535 919 560 ac
947 525 1058 563 dilata
1085 535 1151 571 per

101 589 238 631 orbem,
255 587 363 623 etiam
374 586 417 622 de
431 586 595 631 gentibus
611 590 808 621 structores
827 590 910 620 sunt
925 585 1001 631 ejus
1017 586 1148 628 exorti,

100 649 189 684 adeo
210 654 249 684 ut
276 648 352 694 ipse
384 657 526 692 quoque
554 646 773 692 evangelista
803 647 942 689 Lucas,
977 651 1012 681 et
1029 647 1150 682 Timo-

99 710 204 745 theus
223 720 265 745 ac
283 710 384 744 Titus
402 708 470 744 viri
490 707 693 754 apostolici,
711 707 754 742 dc
767 707 954 742 vocatione
972 708 1146 753 gentium,

98 768 143 803 ad
162 770 396 813 praesulatum
427 769 503 814 ejus
524 768 767 814 pervenerint.
801 768 932 803 Verum
957 768 986 803 si
1003 768 1149 814 diligen-

96 829 168 865 tius
199 829 456 875 inspiciamus,
491 829 676 872 utriusque
703 828 830 862 domus
854 827 1144 871 aedificationem,

95 895 132 925 et
149 890 258 925 totius
281 889 450 925 Ecclesiae
479 889 666 934 praesentis
687 893 820 923 statum
840 890 990 933 mystice
1011 888 1147 924 descri-

94 952 162 994 bit,
193 962 274 997 quae
306 952 350 986 ab
380 951 481 985 initio
502 950 692 984 mundante
717 949 946 992 conditionis,
972 959 1084 994 usque
1101 950 1146 985 ad

94 1011 257 1047 ultimum
290 1011 349 1055 qui
382 1011 417 1044 in
447 1009 516 1044 linc
535 1009 654 1044 saeculi
672 1009 878 1044 nasciturus
899 1014 954 1044 est
973 1009 1142 1052 electum,

93 1081 235 1116 semper
253 1069 431 1105 :edificare
450 1079 518 1104 non
537 1069 682 1109 desinit,
705 1074 739 1104 ct
762 1068 891 1105 suturae
908 1080 1051 1115 quoque
1069 1070 1144 1116 glo-

93 1126 185 1166 riffm
201 1131 283 1166 vita:
301 1157 311 1174 ‚
341 1141 410 1176 qua
435 1141 529 1166 nunc
546 1141 589 1165 ex
610 1136 712 1175 parte
734 1130 879 1174 fruitur,
901 1132 964 1167 sed
980 1137 1062 1177 post
1077 1134 1144 1168 hu-
1162 1134 1193 1172 B

86 1190 146 1236 jus
165 1190 358 1225 terminum
387 1190 527 1233 saeculi,
560 1190 595 1224 in
614 1191 779 1226 omnibus
800 1191 873 1226 suis
898 1191 1082 1235 membris,
1103 1193 1140 1227 in

90 1257 263 1286 aeternum
286 1251 439 1286 fruitura
457 1257 532 1294 est,
564 1251 721 1287 mirabili
743 1251 939 1297 figurarum
964 1253 1141 1289 varietate.

89 1298 261 1357 depingit.
291 1311 391 1347 Unde
421 1321 486 1346 nos
520 1311 636 1356 aliqua
671 1311 714 1346 dc
735 1312 968 1348 tabernaculo
988 1313 1140 1348 Domino

88 1372 284 1418 opitulante
305 1373 448 1415 dicturi,
478 1374 594 1418 primo
614 1374 733 1418 ipsum
760 1374 984 1416 invocantes,
1013 1375 1139 1410 humili

86 1433 196 1468 etiam
213 1442 319 1478 prece
338 1433 585 1478 deposcimus,
606 1434 768 1470 revelare
789 1435 914 1471 oculos
932 1435 1051 1470 cordis
1071 1445 1138 1470 no-

86 1495 167 1537 stri,
191 1500 231 1530 ut
243 1495 474 1530 considerare
493 1505 670 1539 queamus
686 1496 866 1531 mirabilia
884 1497 927 1532 de
949 1496 1027 1542 lege
1045 1494 1136 1540 eJus,

86 1560 121 1591 ct
143 1556 177 1590 in
196 1555 436 1600 pretiosorum
457 1554 588 1590 decore
617 1555 842 1590 metallorum
873 1565 916 1590 ac
945 1555 1140 1590 vestimen-

87 1620 204 1650 torum
236 1614 475 1660 intelligamus
505 1620 671 1650 ornatum
702 1615 805 1651 nobis
834 1625 989 1658 morum,
1010 1615 1079 1651 fide
1095 1626 1136 1651 ac

85 1675 274 1710 devotione
309 1674 520 1721 fulgentium
539 1702 548 1718 ‚
574 1686 655 1712 esse
686 1676 988 1712 commendatum.
1014 1675 1138 1722 Neque

84 1735 178 1769 enim
199 1735 301 1770 nobis
326 1735 431 1770 aliter
458 1746 577 1771 sermo
604 1736 662 1770 ille
685 1736 902 1780 apostolicus
919 1742 1038 1782 potest
1057 1747 1138 1772 eon-

83 1794 219 1836 venire,
242 1805 311 1839 quo
326 1795 375 1829 ait
394 1807 401 1829 ε
435 1795 498 1829 Vos
516 1795 611 1830 enim
629 1796 708 1830 estis
727 1795 892 1840 templum
909 1796 975 1831 Dei
993 1797 1056 1832 vivi
1069 1798 1137 1832 sic-

83 1860 117 1887 ut
135 1853 217 1888 dicit
235 1854 325 1888 Deus
341 1863 352 1886 .·
369 1855 534 1900 quoniam
549 1854 749 1889 inhabitabo
768 1855 802 1889 in
817 1854 900 1898 illis',
918 1862 947 1890 et
965 1857 1056 1891 inter
1076 1869 1134 1892 eos

68 1903 264 1949 *ambutabo
282 1914 315 1961 (I
333 1914 414 1950 Cor.
429 1915 492 1960 vt).
512 1916 556 1950 Et
575 1916 669 1960 quod
688 1915 843 1951 Joanncs
865 1917 998 1951 audit-it
1020 1928 1133 1952 vocem

80 1984 241 2020 maqnam
256 1975 298 2010 cle
313 1976 436 2010 throno
456 1976 625 2010 dicentem
643 1986 654 2010 .·
672 1975 763 2010 Ecce
778 1975 1044 2011 tabernaculum
1068 1976 1133 2011 Dei

728 142 1059 179 COMMENTARIA
1086 143 1132 179 ΙΝ
1158 143 1366 180 EXODUM.
1392 166 1440 172 -—-
1466 147 1550 184 LIB.
1579 150 1635 184 111.

101 223 275 271 pel-fecit,
301 224 492 271 adjuvante
508 232 590 258 eum
613 231 696 267 rege
717 221 824 267 Tyrio
844 232 927 257 cum
947 221 1148 258 artificibus
1167 221 1203 261 A
1218 226 1321 256 extra
1358 222 1478 258 velum
1510 222 1624 260 altare
1664 225 1921 271 thymiamatis.

2204 157 2272 195 158

1966 230 2053 267 Item
2086 232 2121 268 in
2154 235 2273 271 medio

1219 283 1335 328 ipsius
1357 284 1557 320 sanctuarii
1577 312 1587 328 ‚
1618 285 1875 322 candelabrum
1906 287 1941 323 in
1970 297 2072 334 parte
2092 296 2239 331 australi
2260 309 2270 333 ε

1218 353 1341 379 mensa
1371 355 1458 380 vero
1486 345 1603 380 stabat
1634 345 1670 380 in
1701 347 1988 392 septentrionali.
2022 349 2147 388 Altare
2172 355 2274 391 holo-

1218 403 1331 438 causti
1379 404 1465 440 soris
1501 410 1586 440 ante
1627 405 1832 450 ingressum
1869 408 2094 452 sanctuarii,
2130 412 2269 450 labrum

1216 472 1354 498 aencum
1383 464 1478 499 inter
1496 465 1564 500 hoc
1583 465 1695 501 altare
1725 471 1761 501 et
1790 467 2087 511 tabernaculum
2119 476 2156 505 et
2174 473 2269 509 circa

1216 525 1336 559 omnia
1357 526 1490 560 atrium
1511 527 1757 570 tabernaculi,
1790 527 2026 573 longitudinis
2053 530 2191 566 habens
2211 543 2271 567 cu-

1215 582 1309 619 bitos
1328 591 1487 628 centum,
1510 585 1709 623 latitudinis
1729 588 2003 634 quinquaginta.
2029 589 2092 626 His
2111 601 2198 637 ergo
2221 593 2273 627 di-

1216 645 1393 682 lucidandi
1420 647 1535 693 gratia
1559 649 1721 685 breviter
1746 649 1954 695 praelibatis,
1977 651 2164 688 videamus
2193 653 2269 699 ipsa

1215 707 1323 743 verba
1341 709 1513 752 historiae,
1531 721 1602 755 quo
1617 721 1684 757 per
1703 712 1780 747 hacc
1801 712 1909 748 altius
1928 717 2035 758 atque
2053 714 2213 760 apertius
2228 716 2272 750 ad

1215 778 1360 803 sensum
1386 770 1566 816 allegoriae
1599 773 1789 817 pervenire
1820 784 2008 819 queamus.
2049 774 2137 810 Cum
2159 775 2271 822 Moysi

1215 830 1387 866 Dominus
1407 842 1530 867 secum
1559 833 1594 868 in
1618 839 1738 869 monte
1762 834 1861 870 Sinai
1887 837 2125 882 quadraginta
2145 837 2272 873 diebus

1216 901 1258 925 ac
1285 892 1451 928 noctibus
1484 894 1693 937 constituto,
1714 894 1803 941 legis
1828 897 2065 932 caeremonias
2098 902 2134 933 et
2162 897 2270 934 ritum

1213 950 1357 986 vivendi
1379 952 1551 996 traderet,
1569 953 1619 988 ait
1639 954 1734 990 inter
1748 954 1832 990 alia.

1248 1021 1264 1034 “
1607 1026 1758 1062 CAPUT
1791 1028 1883 1064 xm.

1213 1084 1265 1119 De
1285 1084 1424 1129 factura
1454 1086 1693 1128 tabernaculi,
1728 1088 1792 1122 ltoc
1816 1095 1865 1122 est
1894 1090 2109 1125 cortinarum
2137 1091 2269 1134 decem,

1260 1143 1424 1176 saqorttm
1441 1132 1617 1176 undecim,
1635 1135 1855 1179 operimentis
1872 1136 1964 1170 tertii
1986 1143 2016 1170 et
2034 1138 2150 1182 quarti
2172 1138 2272 1183 petti-

1261 1177 1337 1214 bus.

1260 1249 1538 1286 Tabernae-utum
1561 1262 1638 1286 vero
1664 1252 1714 1287 ita
1743 1252 1876 1297 facies:
1904 1254 2028 1289 Decem
2058 1256 2210 1291 cortinas
2230 1257 2273 1291 de

1211 1311 1311 1357 bysso
1337 1318 1479 1355 retorta,
1510 1319 1542 1348 ct
1570 1313 1756 1359 hyacintho
1783 1326 1824 1350 ac
1842 1327 2010 1362 purpura,
2036 1329 2203 1364 coccoque
2222 1318 2271 1354 bis

1210 1371 1331 1415 tincto,
1359 1374 1512 1408 variatas
1545 1385 1644 1420 opere
1671 1374 1845 1420 plumario
1867 1376 1975 1420 [acies
2001 1377 2132 1423 (ΕΑ-σά.
2155 1378 2268 1424 xxvi).

1211 1431 1495 1467 Tabernaculum
1514 1433 1654 1468 Domini
1675 1435 1712 1469 tit
1726 1445 1768 1469 ex
1786 1436 1935 1471 cortinis
1953 1437 2094 1473 diversa
2111 1437 2271 1473 colorum

1209 1493 1328 1537 specie
1355 1493 1563 1539 variegatis,
1582 1495 1665 1540 quia
1694 1501 1818 1531 sancta
1847 1497 2062 1534 universalis
2093 1499 2269 1542 Ecclesia,

1209 1563 1252 1588 ex
1272 1553 1393 1588 multis
1418 1553 1614 1590 electorum
1643 1557 1826 1601 personis,
1847 1568 1892 1593 cx
1917 1559 2039 1595 multis
2063 1570 2129 1605 per
2145 1560 2268 1595 orbem

1207 1614 1381 1657 ecclesiis,
1397 1625 1440 1650 cx
1456 1616 1563 1651 variis
1579 1616 1752 1652 virtutum
1768 1617 1915 1653 floribus
1931 1620 2141 1655 aedificatur.
2161 1620 2269 1665 Cujus

1206 1676 1323 1711 omnis
1342 1675 1516 1722 perfectio
1537 1677 1570 1731 ip
1593 1677 1738 1713 denario
1764 1689 1914 1714 numero
1934 1680 2157 1722 continetur,
2185 1682 2268 1727 quia

1207 1746 1495 1781 quaquaversum
1513 1737 1671 1774 Ecclesia
1690 1748 1755 1783 per
1772 1739 1943 1774 mundum
1960 1740 1995 1775 in
2012 1741 2165 1777 (liversis
2180 1753 2266 1788 gen-

1207 1798 1303 1833 tibus
1321 1803 1356 1833 et
1373 1798 1537 1833 tribubus
1555 1803 1591 1834 et
1609 1799 1748 1844 populis
1768 1805 1802 1834 et
1816 1799 1948 1845 linguis
1962 1800 2087 1836 diffusa
2107 1807 2177 1845 cst,
2194 1808 2266 1837 tota

1206 1857 1240 1892 in
1261 1857 1335 1892 sola
1355 1857 1418 1892 Dei
1440 1862 1475 1894 ct
1499 1859 1654 1903 proximi
1675 1858 1865 1894 dilectione
1895 1869 1973 1905 quae
1993 1860 2160 1906 decalogo
2178 1861 2266 1906 legis

1205 1924 1260 1954 cst
1293 1919 1553 1964 comprehensa
1586 1919 1763 1954 subsistit.
1797 1919 1921 1965 Neque
1952 1920 2056 1955 aliter
2075 1922 2265 1966 quisquam

1203 1984 1323 2024 potest
1343 1980 1518 2014 veraciter
1535 1979 1580 2015 ad
1595 1979 1765 2015 Ecclesiae
1779 1980 1940 2015 membra
1959 1981 2174 2027 pertingere,
2194 1981 2263 2016 nisi

80 2046 156 2069 cum
191 2036 402 2079 hominibus,
435 2043 466 2072 et
493 2037 663 2072 habitabit
692 2048 770 2072 cum
805 2038 852 2072 eis
884 2037 1007 2084 (Apoc.
1034 2037 1128 2085 xxi).
1152 2036 1180 2076 C
1203 2040 1342 2086 integro
1362 2041 1485 2083 corde,
1507 2046 1641 2076 etcum
1669 2051 1733 2086 per
1752 2051 1858 2086 quem
1887 2042 2111 2085 aedificatur,
2142 2048 2177 2078 et
2202 2053 2264 2078 cos

81 2095 194 2138 Quem
227 2102 392 2132 ornatum
419 2098 494 2133 sive
524 2098 746 2133 tabernaculi
775 2098 850 2133 sive
872 2098 996 2144 templi
1018 2104 1130 2135 mate-

80 2156 219 2201 rialem,
249 2159 407 2205 religiosi
436 2159 630 2204 mundique
652 2159 770 2195 cordis
796 2164 832 2195 et
850 2159 1013 2205 corporis
1033 2160 1131 2195 cultu

82 2217 276 2252 imitemur.
306 2218 376 2254 Sed
410 2224 446 2254 ct
473 2219 607 2255 certius
626 2221 668 2256 de
694 2221 871 2265 spirituali
892 2231 999 2256 sensu
1017 2222 1131 2258 disse-

79 2289 214 2314 ramus.
243 2278 364 2314 Primo
382 2280 425 2315 de
457 2280 533 2325 ipso
565 2281 742 2316 materiali
759 2286 858 2317 textu
878 2282 1021 2325 littcrae,
1041 2293 1130 2328 pau-

78 2337 189 2383 lisper
204 2339 402 2374 videamus.
430 2339 515 2375 Erat
538 2341 808 2376 tabernaculum
832 2341 959 2377 domus
978 2341 1128 2377 Domino

77 2406 325 2436 consecratum
344 2429 352 2444 ‚
385 2402 521 2437 babens
548 2402 780 2448 longitudinis
799 2403 940 2438 cubitos
960 2403 1123 2450 triginta,

78 2461 278 2496 latitudinis
300 2462 444 2504 decem,
475 2463 674 2499 altitudinis
698 2473 798 2509 aeque
820 2464 965 2507 decem,
989 2470 1127 2500 tectum

29 2563 32 2565 ¹
77 2522 214 2558 habens
242 2523 379 2568 aequale.
410 2534 475 2569 pcr
503 2529 631 2568 totum,
662 2526 840 2570 quomodo
858 2527 894 2561 in
916 2526 1072 2572 AEgypto
1092 2532 1128 2562 ct

76 2582 264 2618 Palaestina
281 2585 405 2620 domus
424 2585 534 2620 moris
552 2591 607 2620 cst
624 2586 837 2622 aedificandi.
854 2587 963 2633 Cujus
983 2588 1127 2632 quidem

76 2642 231 2687 parietes
260 2647 354 2686 tres,
383 2645 573 2686 australis,
605 2647 894 2690 septentrionalis
908 2653 943 2682 ct
963 2649 1128 2684 occiden-

77 2703 173 2746 talis,
194 2703 238 2739 de
266 2705 398 2740 tabulis
430 2711 513 2741 sunt
535 2707 710 2751 compacti
735 2707 882 2753 ligneis,
911 2709 955 2744 ab
975 2715 1127 2754 utroque

75 2762 186 2799 latere
203 2764 397 2801 deauratis.
423 2766 535 2802 Porro
561 2778 626 2812 pro
646 2767 813 2802 orientali
835 2774 938 2813 parte
961 2781 1052 2806 unus
1069 2781 1126 2806 re-

74 2825 142 2861 ctis
160 2831 251 2869 erat,
272 2827 366 2862 unde
383 2827 550 2863 introitus
564 2828 644 2872 suit,
662 2829 722 2874 qui
746 2839 810 2874 per
829 2830 966 2866 medias
985 2831 1124 2868 tabulas

74 2884 117 2920 ab
131 2886 260 2932 angulo
276 2897 388 2933 usque
405 2888 449 2923 ad
464 2888 630 2934 angulum
642 2890 858 2934 perveniret,
871 2891 905 2926 id
921 2897 974 2927 est
988 2903 1006 2927 a
1024 2903 1122 2928 sum-

73 2945 197 2981 mitate
222 2946 346 2981 ultima
366 2947 472 2992 hujus
487 2947 651 2992 parietis,
672 2959 786 2994 usque
806 2950 850 2985 ad
866 2951 1013 2995 parietis
1034 2952 1121 2988 alte·
1138 2935 1174 2973 D

72 3005 146 3042 rius
164 3008 421 3052 summitatem,
439 3009 496 3044 cui
517 3010 664 3046 cortinae
691 3012 912 3048 tabernaculi
931 3019 967 3049 et
985 3019 1119 3050 tectum

71 3064 276 3110 incubuere,
295 3067 356 3102 ubi
387 3073 424 3103 et
456 3070 644 3105 tectorium
663 3076 741 3106 erat
766 3072 924 3118 quinque
944 3074 1119 3111 columnis

70 3135 294 3171 suspensum.
321 3127 524 3173 Tegebatur
549 3135 668 3165 autem
687 3131 814 3167 domus
835 3138 870 3167 et
893 3133 1060 3179 desuper,
1081 3139 1118 3170 et

69 3185 224 3231 undique
259 3186 410 3222 cortinis
449 3187 541 3222 mira
573 3189 746 3225 rarletate
784 3192 980 3236 contextis,
1019 3195 1117 3239 quod

67 3245 210 3290 proprie
251 3246 519 3282 tabernaculum
566 3250 774 3286 vocabatur.
832 3251 1035 3297 Tegebatur
1080 3259 1117 3290 et

68 3302 135 3340 boc
170 3307 327 3352 undique
368 3308 464 3353 sagis
505 3309 656 3346 cilicinis
679 3338 689 3353 ,
730 3322 845 3357 usque
894 3314 938 3349 ad
981 3319 1114 3351 terram

66 3363 360 3410 pertingentibus.
407 3365 477 3402 Sed
514 3373 550 3403 et
589 3369 855 3414 operimentum
891 3373 987 3409 aliud
1018 3379 1114 3411 tecto

68 3421 113 3458 de
153 3424 303 3469 pellibus
349 3427 503 3463 arietum
549 3429 742 3466 rubricatis
774 3432 909 3476 pictum
955 3439 1030 3476 est,
1078 3440 1114 3470 et

68 3489 173 3530 super
190 3487 259 3523 hoc
288 3499 434 3524 rursum
449 3490 546 3526 aliud
570 3492 832 3537 operimentum
850 3494 893 3529 de
909 3494 1112 3539 hyacinthi-

66 3540 125 3582 nis*
144 3545 306 3590 pellibus.
345 3548 433 3584 Erat
464 3549 571 3585 etiam
603 3557 639 3586 et
670 3552 788 3587 velum
814 3562 923 3598 opere
943 3553 1111 3598 plumarii

67 3599 243 3639 ”mmm
257 3605 432 3643 columnis
448 3613 602 3653 quatuor
618 3620 831 3656 appensum,
854 3621 924 3656 quo
943 3617 1111 3647 sanctua-

67 3651 167 3698 l'l'um
184 3667 224 3699 et
248 3667 442 3703 sanctuarii
470 3669 678 3706 sanctuaria
707 3671 972 3723 dividebantur.
1011 3671 1109 3708 Intra

67 3712 166 3765 quod·
175 3721 292 3764 posssa
309 3729 387 3761 erat
409 3736 493 3764 arca
513 3730 743 3776 testamenti,
774 3737 810 3768 et
836 3736 960 3769 contra
986 3742 1108 3768 arcam

1201 2102 1235 2137 in
1257 2102 1387 2148 quibus
1406 2102 1603 2138 aedificatur
1619 2102 1779 2138 Ecclesia
1796 2129 1804 2144 ‚
1836 2102 1904 2138 hoc
1927 2108 1982 2138 cst
2000 2102 2111 2137 Deum
2134 2108 2168 2138 et
2189 2102 2262 2138 ele-

1199 2166 1277 2198 ctos
1297 2162 1373 2208 ejus
1391 2173 1513 2198 ainarc
1532 2163 1709 2198 didicerit.
1732 2162 1861 2198 Varius
1883 2168 2000 2198 autem
2021 2163 2180 2199 colorum
2201 2164 2262 2199 dc-

1199 2234 1262 2259 cor
1280 2234 1351 2269 quo
1371 2223 1504 2259 eaedem
1524 2229 1607 2260 sunt
1623 2224 1773 2260 cortinae
1792 2224 1986 2267 distinctae,
2009 2225 2191 2260 variarum
2207 2230 2262 2260 est

1198 2284 1312 2330 gratia
1332 2284 1518 2326 virtutum,
1543 2285 1672 2330 quibus
1702 2290 1825 2320 sancta
1855 2285 2015 2320 Ecclesia
2042 2285 2196 2321 mirabili
2219 2297 2260 2322 ac

1196 2354 1343 2389 prorsus
1363 2344 1502 2380 coelesti
1522 2350 1599 2380 arte
1625 2346 1824 2390 composita
1851 2346 1886 2380 in
1914 2353 2107 2392 conspectu
2128 2348 2182 2382 sui
2204 2358 2252 2383 rc-

1197 2404 1358 2449 splendet
1378 2405 1550 2440 auctoris.
1572 2405 1707 2451 Byssus
1726 2416 1811 2452 crgo
1832 2417 1911 2451 quae
1928 2407 1971 2442 de
1992 2413 2087 2442 terra
2112 2407 2255 2451 quidem

1196 2463 1323 2506 oritur,
1346 2465 1407 2499 sed
1430 2471 1533 2500 eruta
1552 2467 1595 2501 dc
1617 2472 1711 2502 terra
1741 2467 1846 2512 longo
1874 2467 2044 2503 exercitio
2075 2467 2255 2511 siccandi,

1198 2523 1381 2566 tundendi,
1403 2526 1600 2570 purgandi,
1622 2527 1796 2571 coquendi
1821 2532 1858 2561 et
1882 2528 2007 2569 nendi,
2031 2528 2253 2573 gramineum

1195 2582 1285 2618 solet
1304 2584 1454 2628 perdere
1468 2611 1477 2626 ,
1504 2589 1538 2619 ct
1570 2585 1761 2620 candidum
1781 2587 1816 2620 in
1835 2595 1873 2621 se
1897 2587 2058 2631 recipcre
2082 2586 2253 2630 colorem,

1194 2655 1343 2690 corpora
1372 2646 1535 2691 designat
1558 2647 1735 2682 castitatis
1755 2647 1868 2682 nitida
1890 2648 2032 2683 decore.
2064 2647 2149 2690 Qua:
2172 2657 2252 2682 cum

1194 2707 1313 2742 carnis
1331 2708 1475 2752 quidem
1495 2708 1673 2744 illecebris
1694 2709 1892 2752 nascentia,
1914 2719 2044 2755 magno
2066 2709 2245 2745 continen-

1194 2768 1252 2803 tiae
1274 2768 1395 2804 labore
1414 2769 1516 2813 quasi
1537 2769 1696 2804 nativum
1721 2769 1899 2804 exsudant
1920 2770 2123 2813 humorem,
2144 2775 2250 2815 atque

1192 2829 1235 2864 ad
1252 2829 1418 2864 decorem
1439 2829 1513 2865 Deo
1529 2829 1633 2875 digne
1650 2830 1818 2875 puritatis
1837 2830 1960 2865 solerti
1979 2830 2196 2876 jejuniorum
2214 2834 2249 2865 et

1190 2888 1394 2934 vigiliarum
1410 2916 1418 2932 ‚
1439 2889 1643 2925 orationum
1664 2895 1700 2925 et
1719 2889 1903 2932 lectionis,
1932 2890 2112 2935 pationtiae¹
2129 2895 2165 2925 et
2183 2890 2249 2925 hu-

1191 2949 1352 2985 militatis
1371 2950 1539 2985 instantia
1558 2950 1784 2995 perveniunt.
1807 2950 1857 2985 De
1875 2950 2005 2996 quibus
2020 2956 2117 2986 recte
2135 2950 2248 2996 possit

1190 3010 1276 3046 illud
1294 3011 1529 3057 apostolicum
1548 3011 1640 3048 dici:
1664 3010 1719 3046 Αη
1746 3012 1883 3047 nescitis
1901 3012 2067 3058 quoniam
2093 3011 2247 3047 membra

1189 3078 1302 3106 vestra
1330 3070 1495 3117 templum
1512 3077 1593 3106 sunt
1614 3070 1765 3118 Spiritus
1785 3072 1897 3107 sancti
1927 3072 1986 3118 qui
2017 3072 2053 3107 in
2074 3071 2167 3107 vobis
2195 3078 2246 3106 est

1188 3131 1224 3179 (Ι
1243 3131 1325 3167 Cor.
1345 3131 1418 3178 v1)?
1437 3132 1680 3177 Retorquetur
1699 3138 1819 3168 autem
1838 3133 1915 3169 haec
1934 3134 2061 3179 byssus
2079 3133 2115 3167 in
2136 3133 2244 3167 corti-

1187 3202 1253 3227 nas
1273 3190 1509 3235 tabernaculi,
1531 3192 1701 3236 quoniam
1725 3203 1797 3228 non
1818 3193 1924 3229 modo
1943 3194 2083 3228 lumbos
2104 3193 2237 3235 carnis,

1176 3258 1310 3287 'verum
1331 3251 1439 3286 etiam
1458 3256 1498 3286 ut
1514 3251 1643 3287 Petrus
1663 3252 1846 3295 admonet,
1867 3251 2016 3286 anbos
2037 3250 2159 3285 mentis
2180 3261 2242 3285 ηο-

1184 3318 1266 3347 strae
1285 3312 1320 3346 in
1336 3311 1519 3346 sobrietate
1538 3312 1773 3357 succinqimus
1793 3311 1827 3358 (Ι
1843 3311 1939 3345 Petr.
1955 3310 1995 3356 1).
2010 3310 2056 3345 Ut
2074 3309 2239 3347 videlicet

1183 3377 1219 3407 et
1234 3381 1379 3407 carnem
1401 3381 1420 3405 a
1445 3371 1590 3406 lascivis
1609 3371 1784 3411 motibus,
1813 3375 1850 3405 et
1869 3380 1931 3404 cor
1952 3369 1995 3403 ab
2016 3369 2237 3406 illecebrosis

1182 3430 1407 3466 refrenemus
1438 3428 1730 3475 cogitationibus.
1759 3427 1824 3462 Hic
1855 3427 2039 3462 accinctus
2068 3427 2235 3472 quoniam

1181 3491 1276 3526 aeris
1294 3495 1329 3525 ct
1356 3490 1439 3525 coeli
1471 3488 1626 3534 speeiem
1658 3487 1838 3528 imitatur,
1871 3487 2080 3523 corumdem
2098 3493 2236 3524 mentes

1181 3550 1390 3590 electorum,
1410 3546 1508 3582 omni
1527 3555 1591 3591 spe
1604 3555 1647 3580 ac
1663 3544 1840 3580 desiderio
1858 3545 2017 3581 eoelestia
2032 3551 2235 3591 quaerentes

1181 3607 1372 3653 significat.
1408 3604 1516 3648 Cuius
1547 3603 1651 3639 nobis
1674 3604 1804 3640 coloris
1833 3611 2097 3642 sacramentum
2131 3616 2234 3641 coni-

1179 3665 1353 3702 mendans
1370 3662 1562 3708 Apostolus
1576 3662 1646 3697 ait:
1664 3661 1705 3698 Si
1723 3665 2025 3699 conresurrexistis
2040 3675 2117 3699 cum
2134 3663 2232 3700 Chn-

1179 3734 1246 3771 sto,
1274 3735 1351 3772 qaae
1377 3733 1515 3759 sursum
1543 3729 1623 3759 sunt
1652 3723 1818 3771 quoerite,
1841 3724 1899 3760 nbi
1927 3723 2085 3761 Christus
2112 3730 2161 3761 est
2190 3725 2227 3761 iu
