<?xml version="1.0" encoding="UTF-8"?>
<!DOCTYPE html PUBLIC "-//W3C//DTD XHTML 1.0 Transitional//EN"
    "http://www.w3.org/TR/xhtml1/DTD/xhtml1-transitional.dtd">
<html xmlns="http://www.w3.org/1999/xhtml" xml:lang="en" lang="en">
 <head>
  <title>
</title>
<meta http-equiv="Content-Type" content="text/html;charset=utf-8" />
  <meta name='ocr-system' content='tesseract 3.04.00' />
  <meta name='ocr-capabilities' content='ocr_page ocr_carea ocr_par ocr_line ocrx_word'/>
</head>
<body>
  <div class='ocr_page' id='page_1' title='image "./patrologiae00unknuoft_0315.png"; bbox 0 0 2540 4016; ppageno 0'>
   <div class='ocr_carea' id='block_1_1' title="bbox 0 0 1105 1085">
    <p class='ocr_par' dir='ltr' id='par_1_1' title="bbox 7 0 530 175">
     <span class='ocr_line' id='line_1_1' title="bbox 444 0 530 26; baseline -0.012 1"><span class='ocrx_word' id='word_1_1' title='bbox 444 0 482 13; x_wconf 51' lang='lat' dir='ltr'>v</span> <span class='ocrx_word' id='word_1_2' title='bbox 528 24 530 26; x_wconf 97' lang='lat'>.</span> 
     </span>
     <span class='ocr_line' id='line_1_2' title="bbox 7 94 459 175; baseline -0.018 0"><span class='ocrx_word' id='word_1_3' title='bbox 7 94 26 147; x_wconf 57' lang='grc' dir='ltr'>ἕ</span> <span class='ocrx_word' id='word_1_4' title='bbox 45 117 136 175; x_wconf 73' lang='lat' dir='ltr'>sn·</span> <span class='ocrx_word' id='word_1_5' title='bbox 419 101 459 133; x_wconf 74' lang='lat'><strong>‘</strong></span> 
     </span>
    </p>

    <p class='ocr_par' dir='ltr' id='par_1_2' title="bbox 0 188 1105 1085">
     <span class='ocr_line' id='line_1_3' title="bbox 45 188 54 217; baseline 0 -26"><span class='ocrx_word' id='word_1_6' title='bbox 45 188 54 217; x_wconf 50' lang='grc' dir='ltr'>Ι,</span> 
     </span>
     <span class='ocr_line' id='line_1_4' title="bbox 44 260 1100 318; baseline -0.012 -11"><span class='ocrx_word' id='word_1_7' title='bbox 44 281 159 318; x_wconf 77' lang='lat' dir='ltr'>⁴super</span> <span class='ocrx_word' id='word_1_8' title='bbox 172 273 321 311; x_wconf 83' lang='lat' dir='ltr'>mortuo,</span> <span class='ocrx_word' id='word_1_9' title='bbox 338 273 410 302; x_wconf 84' lang='lat' dir='ltr'>tam</span> <span class='ocrx_word' id='word_1_10' title='bbox 422 261 615 301; x_wconf 75' lang='lat' dir='ltr'>masculum</span> <span class='ocrx_word' id='word_1_11' title='bbox 629 273 735 309; x_wconf 87' lang='lat' dir='ltr'>quam</span> <span class='ocrx_word' id='word_1_12' title='bbox 744 260 910 306; x_wconf 71' lang='lat' dir='ltr'>seminam</span> <span class='ocrx_word' id='word_1_13' title='bbox 926 260 1040 306; x_wconf 76' lang='lat' dir='ltr'><strong><em>ejicite</em></strong></span> <span class='ocrx_word' id='word_1_14' title='bbox 1057 260 1100 295; x_wconf 87' lang='lat' dir='ltr'>de</span> 
     </span>
     <span class='ocr_line' id='line_1_5' title="bbox 0 320 1100 374; baseline -0.014 -5"><span class='ocrx_word' id='word_1_15' title='bbox 0 333 2 369; x_wconf 70' lang='grc' dir='ltr'>Γ</span> <span class='ocrx_word' id='word_1_16' title='bbox 37 326 195 374; x_wconf 81' lang='lat' dir='ltr'>&#39;castris,</span> <span class='ocrx_word' id='word_1_17' title='bbox 222 339 264 365; x_wconf 88' lang='lat' dir='ltr'>ne</span> <span class='ocrx_word' id='word_1_18' title='bbox 282 326 518 364; x_wconf 70' lang='lat' dir='ltr'><em>contaminent</em></span> <span class='ocrx_word' id='word_1_19' title='bbox 547 335 589 360; x_wconf 89' lang='lat' dir='ltr'>ea</span> <span class='ocrx_word' id='word_1_20' title='bbox 614 334 693 359; x_wconf 85' lang='lat' dir='ltr'>eum</span> <span class='ocrx_word' id='word_1_21' title='bbox 728 321 960 358; x_wconf 79' lang='lat' dir='ltr'>habitaverint</span> <span class='ocrx_word' id='word_1_22' title='bbox 987 320 1100 356; x_wconf 79' lang='lat' dir='ltr'>vobis-</span> 
     </span>
     <span class='ocr_line' id='line_1_6' title="bbox 0 383 1100 435; baseline -0.011 -7"><span class='ocrx_word' id='word_1_23' title='bbox 0 403 2 406; x_wconf 75' lang='grc'>’</span> <span class='ocrx_word' id='word_1_24' title='bbox 52 402 146 428; x_wconf 81' lang='lat' dir='ltr'>cum.</span> <span class='ocrx_word' id='word_1_25' title='bbox 166 389 199 425; x_wconf 88' lang='lat' dir='ltr'><em>F</em></span> <span class='ocrx_word' id='word_1_26' title='bbox 201 394 406 435; x_wconf 81' lang='lat' dir='ltr'>eceruntque</span> <span class='ocrx_word' id='word_1_27' title='bbox 415 386 480 433; x_wconf 80' lang='lat' dir='ltr'>filii</span> <span class='ocrx_word' id='word_1_28' title='bbox 490 384 604 422; x_wconf 82' lang='lat' dir='ltr'>Israel</span> <span class='ocrx_word' id='word_1_29' title='bbox 619 385 685 428; x_wconf 88' lang='lat' dir='ltr'>ita,</span> <span class='ocrx_word' id='word_1_30' title='bbox 700 389 733 420; x_wconf 90' lang='lat' dir='ltr'>et</span> <span class='ocrx_word' id='word_1_31' title='bbox 745 383 984 429; x_wconf 74' lang='lat' dir='ltr'>eiecerunteos</span> <span class='ocrx_word' id='word_1_32' title='bbox 1002 387 1100 417; x_wconf 82' lang='lat' dir='ltr'>extra</span> 
     </span>
     <span class='ocr_line' id='line_1_7' title="bbox 0 439 1102 494; baseline -0.012 -5"><span class='ocrx_word' id='word_1_33' title='bbox 0 439 2 451; x_wconf 27' lang='grc' dir='ltr'>ζ</span> <span class='ocrx_word' id='word_1_34' title='bbox 53 458 182 494; x_wconf 87' lang='lat' dir='ltr'>castra,</span> <span class='ocrx_word' id='word_1_35' title='bbox 210 451 301 486; x_wconf 84' lang='lat' dir='ltr'>sieut</span> <span class='ocrx_word' id='word_1_36' title='bbox 326 448 462 484; x_wconf 83' lang='lat' dir='ltr'>locutus</span> <span class='ocrx_word' id='word_1_37' title='bbox 494 451 569 482; x_wconf 87' lang='lat' dir='ltr'>erat</span> <span class='ocrx_word' id='word_1_38' title='bbox 604 443 774 481; x_wconf 87' lang='lat' dir='ltr'>Dominus</span> <span class='ocrx_word' id='word_1_39' title='bbox 795 442 923 488; x_wconf 80' lang='lat' dir='ltr'><strong><em>Moysi.</em></strong></span> <span class='ocrx_word' id='word_1_40' title='bbox 951 441 1102 487; x_wconf 88' lang='lat' dir='ltr'>Leprosi</span> 
     </span>
     <span class='ocr_line' id='line_1_8' title="bbox 53 501 1103 557; baseline -0.01 -10"><span class='ocrx_word' id='word_1_41' title='bbox 53 511 116 557; x_wconf 89' lang='lat' dir='ltr'>qui</span> <span class='ocrx_word' id='word_1_42' title='bbox 131 510 212 556; x_wconf 84' lang='lat' dir='ltr'>ejici</span> <span class='ocrx_word' id='word_1_43' title='bbox 233 509 277 545; x_wconf 89' lang='lat' dir='ltr'>de</span> <span class='ocrx_word' id='word_1_44' title='bbox 305 507 435 545; x_wconf 89' lang='lat' dir='ltr'>castris</span> <span class='ocrx_word' id='word_1_45' title='bbox 449 506 637 553; x_wconf 80' lang='lat' dir='ltr'>jubentur,</span> <span class='ocrx_word' id='word_1_46' title='bbox 660 503 822 540; x_wconf 78' lang='lat' dir='ltr'>haeretici</span> <span class='ocrx_word' id='word_1_47' title='bbox 841 506 936 544; x_wconf 87' lang='lat' dir='ltr'>sunt,</span> <span class='ocrx_word' id='word_1_48' title='bbox 957 501 1019 547; x_wconf 88' lang='lat' dir='ltr'>qui</span> <span class='ocrx_word' id='word_1_49' title='bbox 1036 511 1103 538; x_wconf 92' lang='lat' dir='ltr'>va-</span> 
     </span>
     <span class='ocr_line' id='line_1_9' title="bbox 51 560 1103 613; baseline -0.01 -7"><span class='ocrx_word' id='word_1_50' title='bbox 51 570 118 606; x_wconf 86' lang='lat' dir='ltr'>riis</span> <span class='ocrx_word' id='word_1_51' title='bbox 137 579 259 606; x_wconf 87' lang='lat' dir='ltr'>rerum</span> <span class='ocrx_word' id='word_1_52' title='bbox 278 567 430 603; x_wconf 89' lang='lat' dir='ltr'>maculis</span> <span class='ocrx_word' id='word_1_53' title='bbox 447 565 574 613; x_wconf 90' lang='lat' dir='ltr'>polluti</span> <span class='ocrx_word' id='word_1_54' title='bbox 590 569 687 606; x_wconf 91' lang='lat' dir='ltr'>sunt,</span> <span class='ocrx_word' id='word_1_55' title='bbox 720 572 787 599; x_wconf 87' lang='lat' dir='ltr'>nec</span> <span class='ocrx_word' id='word_1_56' title='bbox 806 561 1023 598; x_wconf 77' lang='lat' dir='ltr'>uniformem</span> <span class='ocrx_word' id='word_1_57' title='bbox 1044 560 1103 596; x_wconf 91' lang='lat' dir='ltr'>do-</span> 
     </span>
     <span class='ocr_line' id='line_1_10' title="bbox 51 621 1104 669; baseline -0.007 -4"><span class='ocrx_word' id='word_1_58' title='bbox 51 629 180 667; x_wconf 85' lang='lat' dir='ltr'>ctrinae</span> <span class='ocrx_word' id='word_1_59' title='bbox 205 627 264 663; x_wconf 92' lang='lat' dir='ltr'>vel</span> <span class='ocrx_word' id='word_1_60' title='bbox 284 627 368 663; x_wconf 81' lang='lat' dir='ltr'>fidei</span> <span class='ocrx_word' id='word_1_61' title='bbox 382 626 506 662; x_wconf 90' lang='lat' dir='ltr'>volunt</span> <span class='ocrx_word' id='word_1_62' title='bbox 538 626 672 662; x_wconf 91' lang='lat' dir='ltr'>habere</span> <span class='ocrx_word' id='word_1_63' title='bbox 690 624 870 667; x_wconf 87' lang='lat' dir='ltr'>colorem;</span> <span class='ocrx_word' id='word_1_64' title='bbox 896 623 957 669; x_wconf 89' lang='lat' dir='ltr'>qui</span> <span class='ocrx_word' id='word_1_65' title='bbox 991 621 1104 658; x_wconf 89' lang='lat' dir='ltr'>scien-</span> 
     </span>
     <span class='ocr_line' id='line_1_11' title="bbox 53 684 1104 728; baseline -0.009 -1"><span class='ocrx_word' id='word_1_66' title='bbox 53 690 144 726; x_wconf 89' lang='lat' dir='ltr'>tiam</span> <span class='ocrx_word' id='word_1_67' title='bbox 163 697 257 724; x_wconf 89' lang='lat' dir='ltr'>verae</span> <span class='ocrx_word' id='word_1_68' title='bbox 277 687 362 723; x_wconf 87' lang='lat' dir='ltr'>fidei</span> <span class='ocrx_word' id='word_1_69' title='bbox 382 696 454 722; x_wconf 90' lang='lat' dir='ltr'>non</span> <span class='ocrx_word' id='word_1_70' title='bbox 474 688 661 728; x_wconf 89' lang='lat' dir='ltr'>habentes,</span> <span class='ocrx_word' id='word_1_71' title='bbox 680 685 800 721; x_wconf 88' lang='lat' dir='ltr'>varias</span> <span class='ocrx_word' id='word_1_72' title='bbox 818 684 1001 721; x_wconf 80' lang='lat' dir='ltr'><strong>doctrinas</strong></span> <span class='ocrx_word' id='word_1_73' title='bbox 1018 692 1104 728; x_wconf 91' lang='lat' dir='ltr'>pro-</span> 
     </span>
     <span class='ocr_line' id='line_1_12' title="bbox 51 741 1103 788; baseline -0.01 -2"><span class='ocrx_word' id='word_1_74' title='bbox 51 750 201 788; x_wconf 85' lang='lat' dir='ltr'>fitentur</span> <span class='ocrx_word' id='word_1_75' title='bbox 214 747 364 784; x_wconf 88' lang='lat' dir='ltr'>erroris.</span> <span class='ocrx_word' id='word_1_76' title='bbox 383 746 462 782; x_wconf 88' lang='lat' dir='ltr'>Non</span> <span class='ocrx_word' id='word_1_77' title='bbox 474 747 570 782; x_wconf 90' lang='lat' dir='ltr'>enim</span> <span class='ocrx_word' id='word_1_78' title='bbox 583 746 639 781; x_wconf 88' lang='lat' dir='ltr'>vel</span> <span class='ocrx_word' id='word_1_79' title='bbox 650 745 875 780; x_wconf 90' lang='lat' dir='ltr'>abscondunt</span> <span class='ocrx_word' id='word_1_80' title='bbox 887 741 1103 787; x_wconf 80' lang='lat' dir='ltr'>imperitiam</span> 
     </span>
     <span class='ocr_line' id='line_1_13' title="bbox 51 801 1104 855; baseline -0.011 -8"><span class='ocrx_word' id='word_1_81' title='bbox 51 820 170 852; x_wconf 89' lang='lat' dir='ltr'>suam,</span> <span class='ocrx_word' id='word_1_82' title='bbox 186 809 248 844; x_wconf 91' lang='lat' dir='ltr'>sed</span> <span class='ocrx_word' id='word_1_83' title='bbox 261 817 327 855; x_wconf 90' lang='lat' dir='ltr'>pro</span> <span class='ocrx_word' id='word_1_84' title='bbox 344 817 484 843; x_wconf 88' lang='lat' dir='ltr'>summa</span> <span class='ocrx_word' id='word_1_85' title='bbox 498 806 628 852; x_wconf 87' lang='lat' dir='ltr'>peritia</span> <span class='ocrx_word' id='word_1_86' title='bbox 646 804 836 851; x_wconf 78' lang='lat' dir='ltr'>proferunt</span> <span class='ocrx_word' id='word_1_87' title='bbox 854 803 890 837; x_wconf 94' lang='lat' dir='ltr'>in</span> <span class='ocrx_word' id='word_1_88' title='bbox 912 801 1046 842; x_wconf 90' lang='lat' dir='ltr'>lucem,</span> <span class='ocrx_word' id='word_1_89' title='bbox 1068 805 1104 836; x_wconf 91' lang='lat' dir='ltr'>et</span> 
     </span>
     <span class='ocr_line' id='line_1_14' title="bbox 49 859 1103 918; baseline -0.011 -12"><span class='ocrx_word' id='word_1_90' title='bbox 49 869 264 918; x_wconf 80' lang='lat' dir='ltr'>jactantiam</span> <span class='ocrx_word' id='word_1_91' title='bbox 304 867 483 904; x_wconf 91' lang='lat' dir='ltr'>sermonis</span> <span class='ocrx_word' id='word_1_92' title='bbox 518 866 725 903; x_wconf 88' lang='lat' dir='ltr'>ostendunt.</span> <span class='ocrx_word' id='word_1_93' title='bbox 753 863 856 898; x_wconf 92' lang='lat' dir='ltr'>Nulla</span> <span class='ocrx_word' id='word_1_94' title='bbox 884 870 994 907; x_wconf 89' lang='lat' dir='ltr'>porro</span> <span class='ocrx_word' id='word_1_95' title='bbox 1013 859 1103 895; x_wconf 81' lang='lat' dir='ltr'>falsa</span> 
     </span>
     <span class='ocr_line' id='line_1_15' title="bbox 50 918 1101 971; baseline -0.012 -7"><span class='ocrx_word' id='word_1_96' title='bbox 50 928 216 964; x_wconf 88' lang='lat' dir='ltr'>doctrina</span> <span class='ocrx_word' id='word_1_97' title='bbox 248 931 316 970; x_wconf 90' lang='lat' dir='ltr'>est,</span> <span class='ocrx_word' id='word_1_98' title='bbox 350 936 430 971; x_wconf 81' lang='lat' dir='ltr'>quae</span> <span class='ocrx_word' id='word_1_99' title='bbox 460 935 532 962; x_wconf 88' lang='lat' dir='ltr'>non</span> <span class='ocrx_word' id='word_1_100' title='bbox 569 924 690 968; x_wconf 87' lang='lat' dir='ltr'>aliqua</span> <span class='ocrx_word' id='word_1_101' title='bbox 719 930 806 956; x_wconf 90' lang='lat' dir='ltr'>vera</span> <span class='ocrx_word' id='word_1_102' title='bbox 844 918 1101 954; x_wconf 88' lang='lat' dir='ltr'>intermisceat.</span> 
     </span>
     <span class='ocr_line' id='line_1_16' title="bbox 52 977 1102 1034; baseline -0.01 -11"><span class='ocrx_word' id='word_1_103' title='bbox 52 988 146 1023; x_wconf 84' lang='lat' dir='ltr'>Vera</span> <span class='ocrx_word' id='word_1_104' title='bbox 165 996 250 1034; x_wconf 88' lang='lat' dir='ltr'>ergo</span> <span class='ocrx_word' id='word_1_105' title='bbox 268 986 367 1022; x_wconf 79' lang='lat' dir='ltr'>falsis</span> <span class='ocrx_word' id='word_1_106' title='bbox 392 984 596 1020; x_wconf 87' lang='lat' dir='ltr'>inordinate</span> <span class='ocrx_word' id='word_1_107' title='bbox 617 981 802 1026; x_wconf 86' lang='lat' dir='ltr'>permista,</span> <span class='ocrx_word' id='word_1_108' title='bbox 831 979 867 1014; x_wconf 94' lang='lat' dir='ltr'>in</span> <span class='ocrx_word' id='word_1_109' title='bbox 887 987 958 1013; x_wconf 88' lang='lat' dir='ltr'>una</span> <span class='ocrx_word' id='word_1_110' title='bbox 980 977 1102 1022; x_wconf 89' lang='lat' dir='ltr'>dispu-</span> 
     </span>
     <span class='ocr_line' id='line_1_17' title="bbox 51 1038 1105 1085; baseline -0.009 -2"><span class='ocrx_word' id='word_1_111' title='bbox 51 1048 188 1083; x_wconf 76' lang='lat' dir='ltr'>tatione</span> <span class='ocrx_word' id='word_1_112' title='bbox 208 1046 264 1081; x_wconf 88' lang='lat' dir='ltr'>vel</span> <span class='ocrx_word' id='word_1_113' title='bbox 296 1043 503 1079; x_wconf 74' lang='lat' dir='ltr'>narratione</span> <span class='ocrx_word' id='word_1_114' title='bbox 537 1040 707 1082; x_wconf 91' lang='lat' dir='ltr'>hominis,</span> <span class='ocrx_word' id='word_1_115' title='bbox 747 1044 920 1085; x_wconf 80' lang='lat' dir='ltr'>tanquam</span> <span class='ocrx_word' id='word_1_116' title='bbox 944 1038 979 1073; x_wconf 91' lang='lat' dir='ltr'>in</span> <span class='ocrx_word' id='word_1_117' title='bbox 1000 1038 1105 1073; x_wconf 85' lang='lat' dir='ltr'>unius</span> 
     </span>
    </p>
   </div>
   <div class='ocr_carea' id='block_1_2' title="bbox 54 119 2211 270">
    <p class='ocr_par' dir='ltr' id='par_1_3' title="bbox 54 119 2211 270">
     <span class='ocr_line' id='line_1_18' title="bbox 525 119 1718 165; baseline 0 0"><span class='ocrx_word' id='word_1_118' title='bbox 525 119 882 165; x_wconf 75' lang='lat' dir='ltr'><strong>ENARRA‘HONBS</strong></span> <span class='ocrx_word' id='word_1_119' title='bbox 906 123 952 161; x_wconf 84' lang='grc' dir='ltr'>ΙΝ</span> <span class='ocrx_word' id='word_1_120' title='bbox 977 122 1152 160; x_wconf 86' lang='lat' dir='ltr'>LlBRUM</span> <span class='ocrx_word' id='word_1_121' title='bbox 1176 123 1486 162; x_wconf 79' lang='lat' dir='ltr'>NUMERORUM.</span> <span class='ocrx_word' id='word_1_122' title='bbox 1509 120 1557 154; x_wconf 68' lang='grc' dir='ltr'>Ξ-</span> <span class='ocrx_word' id='word_1_123' title='bbox 1579 127 1665 164; x_wconf 87' lang='lat' dir='ltr'>LlB.</span> <span class='ocrx_word' id='word_1_124' title='bbox 1689 129 1718 165; x_wconf 89' lang='lat'>1.</span> 
     </span>
     <span class='ocr_line' id='line_1_19' title="bbox 54 178 2211 270; baseline 0.001 -23"><span class='ocrx_word' id='word_1_125' title='bbox 54 219 191 248; x_wconf 82' lang='lat' dir='ltr'>omnem</span> <span class='ocrx_word' id='word_1_126' title='bbox 212 207 399 256; x_wconf 72' lang='lat' dir='ltr'>leprosum,</span> <span class='ocrx_word' id='word_1_127' title='bbox 427 209 460 241; x_wconf 79' lang='lat' dir='ltr'>et</span> <span class='ocrx_word' id='word_1_128' title='bbox 475 203 534 252; x_wconf 78' lang='lat' dir='ltr'>qui</span> <span class='ocrx_word' id='word_1_129' title='bbox 547 201 677 270; x_wconf 46' lang='lat' dir='ltr'>*mine</span> <span class='ocrx_word' id='word_1_130' title='bbox 689 200 785 248; x_wconf 57' lang='lat' dir='ltr'>finit,</span> <span class='ocrx_word' id='word_1_131' title='bbox 803 200 1025 258; x_wconf 60' lang='lat' dir='ltr'>pgllutusque</span> <span class='ocrx_word' id='word_1_132' title='bbox 1047 207 1098 236; x_wconf 84' lang='lat' dir='ltr'>est</span> <span class='ocrx_word' id='word_1_133' title='bbox 1115 203 1148 243; x_wconf 79' lang='lat' dir='ltr'>A</span> <span class='ocrx_word' id='word_1_134' title='bbox 1165 200 1335 244; x_wconf 89' lang='lat' dir='ltr'>voluisse,</span> <span class='ocrx_word' id='word_1_135' title='bbox 1363 200 1427 237; x_wconf 88' lang='lat' dir='ltr'>sed</span> <span class='ocrx_word' id='word_1_136' title='bbox 1451 200 1496 237; x_wconf 89' lang='lat' dir='ltr'>de</span> <span class='ocrx_word' id='word_1_137' title='bbox 1517 201 1597 247; x_wconf 88' lang='lat' dir='ltr'>ipso</span> <span class='ocrx_word' id='word_1_138' title='bbox 1614 178 1762 239; x_wconf 89' lang='lat' dir='ltr'>homine</span> <span class='ocrx_word' id='word_1_139' title='bbox 1775 205 1867 241; x_wconf 88' lang='lat' dir='ltr'>nihil</span> <span class='ocrx_word' id='word_1_140' title='bbox 1898 209 1989 247; x_wconf 83' lang='lat' dir='ltr'>dixit</span> <span class='ocrx_word' id='word_1_141' title='bbox 2010 213 2211 262; x_wconf 78' lang='lat' dir='ltr'>Scriptura.</span> 
     </span>
    </p>
   </div>
   <div class='ocr_carea' id='block_1_3' title="bbox 2142 142 2211 181">
    <p class='ocr_par' dir='ltr' id='par_1_4' title="bbox 2142 142 2211 181">
     <span class='ocr_line' id='line_1_20' title="bbox 2142 142 2211 181; baseline 0.029 -2"><span class='ocrx_word' id='word_1_142' title='bbox 2142 142 2211 181; x_wconf 82' lang='lat'>618</span> 
     </span>
    </p>
   </div>
   <div class='ocr_carea' id='block_1_4' title="bbox 1168 260 2230 1097">
    <p class='ocr_par' dir='ltr' id='par_1_5' title="bbox 1168 260 2230 1097">
     <span class='ocr_line' id='line_1_21' title="bbox 1168 260 2214 322; baseline 0.015 -24"><span class='ocrx_word' id='word_1_143' title='bbox 1168 261 1426 298; x_wconf 83' lang='lat' dir='ltr'>Verumtamen</span> <span class='ocrx_word' id='word_1_144' title='bbox 1457 269 1539 296; x_wconf 90' lang='lat' dir='ltr'>cum</span> <span class='ocrx_word' id='word_1_145' title='bbox 1562 260 1664 304; x_wconf 88' lang='lat' dir='ltr'>dicit,</span> <span class='ocrx_word' id='word_1_146' title='bbox 1697 263 1728 298; x_wconf 77' lang='lat' dir='ltr'>si</span> <span class='ocrx_word' id='word_1_147' title='bbox 1747 274 1818 299; x_wconf 85' lang='lat' dir='ltr'>non</span> <span class='ocrx_word' id='word_1_148' title='bbox 1833 265 1865 299; x_wconf 83' lang='lat' dir='ltr'>ei</span> <span class='ocrx_word' id='word_1_149' title='bbox 1893 266 1996 311; x_wconf 75' lang='lat' dir='ltr'>fuerit</span> <span class='ocrx_word' id='word_1_150' title='bbox 2019 276 2214 322; x_wconf 75' lang='lat' dir='ltr'>proximus,</span> 
     </span>
     <span class='ocr_line' id='line_1_22' title="bbox 1168 321 2216 375; baseline 0.01 -17"><span class='ocrx_word' id='word_1_151' title='bbox 1168 323 1235 359; x_wconf 91' lang='lat' dir='ltr'>sub</span> <span class='ocrx_word' id='word_1_152' title='bbox 1269 322 1338 358; x_wconf 87' lang='lat' dir='ltr'>hac</span> <span class='ocrx_word' id='word_1_153' title='bbox 1370 321 1550 358; x_wconf 85' lang='lat' dir='ltr'>brevitate</span> <span class='ocrx_word' id='word_1_154' title='bbox 1571 321 1732 357; x_wconf 85' lang='lat' dir='ltr'>insinuat</span> <span class='ocrx_word' id='word_1_155' title='bbox 1754 327 1839 359; x_wconf 90' lang='lat' dir='ltr'>tune</span> <span class='ocrx_word' id='word_1_156' title='bbox 1870 327 1982 370; x_wconf 80' lang='lat' dir='ltr'>quaeri</span> <span class='ocrx_word' id='word_1_157' title='bbox 2013 334 2216 375; x_wconf 84' lang='lat' dir='ltr'>proximum</span> 
     </span>
     <span class='ocr_line' id='line_1_23' title="bbox 1168 380 2215 438; baseline 0.011 -20"><span class='ocrx_word' id='word_1_158' title='bbox 1168 380 1259 427; x_wconf 85' lang='lat' dir='ltr'>ejus,</span> <span class='ocrx_word' id='word_1_159' title='bbox 1278 382 1309 418; x_wconf 91' lang='lat' dir='ltr'>si</span> <span class='ocrx_word' id='word_1_160' title='bbox 1325 383 1402 428; x_wconf 87' lang='lat' dir='ltr'>ipse</span> <span class='ocrx_word' id='word_1_161' title='bbox 1420 392 1493 418; x_wconf 92' lang='lat' dir='ltr'>non</span> <span class='ocrx_word' id='word_1_162' title='bbox 1505 381 1636 425; x_wconf 81' lang='lat' dir='ltr'>suerit3</span> <span class='ocrx_word' id='word_1_163' title='bbox 1655 381 1688 418; x_wconf 92' lang='lat' dir='ltr'>si</span> <span class='ocrx_word' id='word_1_164' title='bbox 1704 386 1826 418; x_wconf 89' lang='lat' dir='ltr'>autem</span> <span class='ocrx_word' id='word_1_165' title='bbox 1842 393 1910 420; x_wconf 90' lang='lat' dir='ltr'>nec</span> <span class='ocrx_word' id='word_1_166' title='bbox 1929 387 2115 430; x_wconf 83' lang='lat' dir='ltr'>proximus</span> <span class='ocrx_word' id='word_1_167' title='bbox 2131 395 2215 438; x_wconf 90' lang='lat' dir='ltr'>erit,</span> 
     </span>
     <span class='ocr_line' id='line_1_24' title="bbox 1168 443 2220 497; baseline 0.008 -18"><span class='ocrx_word' id='word_1_168' title='bbox 1168 443 1323 479; x_wconf 91' lang='lat' dir='ltr'>Domino</span> <span class='ocrx_word' id='word_1_169' title='bbox 1358 444 1587 487; x_wconf 90' lang='lat' dir='ltr'>restituetur,</span> <span class='ocrx_word' id='word_1_170' title='bbox 1618 453 1665 480; x_wconf 89' lang='lat' dir='ltr'>ne</span> <span class='ocrx_word' id='word_1_171' title='bbox 1685 443 1903 489; x_wconf 89' lang='lat' dir='ltr'>impunitum</span> <span class='ocrx_word' id='word_1_172' title='bbox 1922 454 2110 485; x_wconf 86' lang='lat' dir='ltr'>remaneat</span> <span class='ocrx_word' id='word_1_173' title='bbox 2125 455 2220 497; x_wconf 84' lang='lat' dir='ltr'>quod</span> 
     </span>
     <span class='ocr_line' id='line_1_25' title="bbox 1169 504 2220 554; baseline 0.006 -14"><span class='ocrx_word' id='word_1_174' title='bbox 1169 504 1341 541; x_wconf 87' lang='lat' dir='ltr'>amissum</span> <span class='ocrx_word' id='word_1_175' title='bbox 1359 509 1428 541; x_wconf 82' lang='lat' dir='ltr'>est.</span> <span class='ocrx_word' id='word_1_176' title='bbox 1452 504 1556 548; x_wconf 85' lang='lat' dir='ltr'>Quod</span> <span class='ocrx_word' id='word_1_177' title='bbox 1574 510 1697 540; x_wconf 86' lang='lat' dir='ltr'>tamen</span> <span class='ocrx_word' id='word_1_178' title='bbox 1715 513 1799 554; x_wconf 49' lang='lat' dir='ltr'>non,</span> <span class='ocrx_word' id='word_1_179' title='bbox 1812 505 1919 541; x_wconf 89' lang='lat' dir='ltr'>cedat</span> <span class='ocrx_word' id='word_1_180' title='bbox 1933 506 1970 541; x_wconf 91' lang='lat' dir='ltr'>in</span> <span class='ocrx_word' id='word_1_181' title='bbox 1986 507 2220 554; x_wconf 83' lang='lat' dir='ltr'>sacrificium,</span> 
     </span>
     <span class='ocr_line' id='line_1_26' title="bbox 1168 563 2225 611; baseline 0.005 -11"><span class='ocrx_word' id='word_1_182' title='bbox 1168 563 1232 600; x_wconf 88' lang='lat' dir='ltr'>sed</span> <span class='ocrx_word' id='word_1_183' title='bbox 1249 563 1296 599; x_wconf 93' lang='lat' dir='ltr'>sit</span> <span class='ocrx_word' id='word_1_184' title='bbox 1326 563 1539 606; x_wconf 89' lang='lat' dir='ltr'>sacerdotis,</span> <span class='ocrx_word' id='word_1_185' title='bbox 1560 564 1613 600; x_wconf 87' lang='lat' dir='ltr'>sic</span> <span class='ocrx_word' id='word_1_186' title='bbox 1630 573 1718 599; x_wconf 90' lang='lat' dir='ltr'>sane</span> <span class='ocrx_word' id='word_1_187' title='bbox 1734 564 1845 599; x_wconf 90' lang='lat' dir='ltr'>verba</span> <span class='ocrx_word' id='word_1_188' title='bbox 1867 563 2066 611; x_wconf 83' lang='lat' dir='ltr'>Scripturae</span> <span class='ocrx_word' id='word_1_189' title='bbox 2098 567 2225 605; x_wconf 89' lang='lat' dir='ltr'>distin-</span> 
     </span>
     <span class='ocr_line' id='line_1_27' title="bbox 1168 622 2223 673; baseline 0.006 -15"><span class='ocrx_word' id='word_1_190' title='bbox 1168 623 1309 670; x_wconf 86' lang='lat' dir='ltr'>guenda</span> <span class='ocrx_word' id='word_1_191' title='bbox 1341 627 1438 659; x_wconf 91' lang='lat' dir='ltr'>sunt.</span> <span class='ocrx_word' id='word_1_192' title='bbox 1472 622 1512 658; x_wconf 89' lang='lat' dir='ltr'>Si</span> <span class='ocrx_word' id='word_1_193' title='bbox 1531 629 1647 658; x_wconf 87' lang='lat' dir='ltr'>autem</span> <span class='ocrx_word' id='word_1_194' title='bbox 1663 634 1732 659; x_wconf 88' lang='lat' dir='ltr'>non</span> <span class='ocrx_word' id='word_1_195' title='bbox 1750 624 1857 670; x_wconf 77' lang='lat' dir='ltr'>fuerit</span> <span class='ocrx_word' id='word_1_196' title='bbox 1875 623 2009 661; x_wconf 80' lang='lat' dir='ltr'>homini</span> <span class='ocrx_word' id='word_1_197' title='bbox 2028 628 2223 673; x_wconf 77' lang='lat' dir='ltr'>proximus,</span> 
     </span>
     <span class='ocr_line' id='line_1_28' title="bbox 1168 682 2225 730; baseline 0.006 -12"><span class='ocrx_word' id='word_1_198' title='bbox 1168 684 1218 719; x_wconf 85' lang='lat' dir='ltr'>ita</span> <span class='ocrx_word' id='word_1_199' title='bbox 1231 689 1270 718; x_wconf 83' lang='lat' dir='ltr'>nt</span> <span class='ocrx_word' id='word_1_200' title='bbox 1292 683 1416 719; x_wconf 87' lang='lat' dir='ltr'>reddat</span> <span class='ocrx_word' id='word_1_201' title='bbox 1444 682 1498 719; x_wconf 85' lang='lat' dir='ltr'>illi</span> <span class='ocrx_word' id='word_1_202' title='bbox 1517 683 1683 718; x_wconf 83' lang='lat' dir='ltr'>delictum</span> <span class='ocrx_word' id='word_1_203' title='bbox 1705 684 1751 719; x_wconf 88' lang='lat' dir='ltr'>ad</span> <span class='ocrx_word' id='word_1_204' title='bbox 1782 684 1912 730; x_wconf 87' lang='lat' dir='ltr'>ipsum,</span> <span class='ocrx_word' id='word_1_205' title='bbox 1941 684 2135 723; x_wconf 90' lang='lat' dir='ltr'>locutionis</span> <span class='ocrx_word' id='word_1_206' title='bbox 2170 694 2225 724; x_wconf 87' lang='lat' dir='ltr'>est</span> 
     </span>
     <span class='ocr_line' id='line_1_29' title="bbox 1170 741 2226 791; baseline 0.005 -14"><span class='ocrx_word' id='word_1_207' title='bbox 1170 741 1266 778; x_wconf 91' lang='lat' dir='ltr'>enim</span> <span class='ocrx_word' id='word_1_208' title='bbox 1297 742 1391 787; x_wconf 91' lang='lat' dir='ltr'>quod</span> <span class='ocrx_word' id='word_1_209' title='bbox 1421 742 1574 786; x_wconf 84' lang='lat' dir='ltr'>addidit,</span> <span class='ocrx_word' id='word_1_210' title='bbox 1605 743 1651 777; x_wconf 86' lang='lat' dir='ltr'>ad</span> <span class='ocrx_word' id='word_1_211' title='bbox 1681 743 1806 788; x_wconf 81' lang='lat' dir='ltr'>ipsum.</span> <span class='ocrx_word' id='word_1_212' title='bbox 1828 743 1898 779; x_wconf 89' lang='lat' dir='ltr'>Aut</span> <span class='ocrx_word' id='word_1_213' title='bbox 1917 744 2010 781; x_wconf 86' lang='lat' dir='ltr'>sorte</span> <span class='ocrx_word' id='word_1_214' title='bbox 2043 746 2090 781; x_wconf 87' lang='lat' dir='ltr'>ad</span> <span class='ocrx_word' id='word_1_215' title='bbox 2113 746 2226 791; x_wconf 87' lang='lat' dir='ltr'>ipsum</span> 
     </span>
     <span class='ocr_line' id='line_1_30' title="bbox 1170 803 2228 860; baseline 0.009 -22"><span class='ocrx_word' id='word_1_216' title='bbox 1170 803 1275 847; x_wconf 86' lang='lat' dir='ltr'>dixit,</span> <span class='ocrx_word' id='word_1_217' title='bbox 1308 804 1403 849; x_wconf 92' lang='lat' dir='ltr'>quod</span> <span class='ocrx_word' id='word_1_218' title='bbox 1421 805 1466 860; x_wconf 87' lang='lat' dir='ltr'>ad</span> <span class='ocrx_word' id='word_1_219' title='bbox 1487 804 1603 850; x_wconf 89' lang='lat' dir='ltr'>ipsum</span> <span class='ocrx_word' id='word_1_220' title='bbox 1628 805 1823 850; x_wconf 79' lang='lat' dir='ltr'>pertineat,</span> <span class='ocrx_word' id='word_1_221' title='bbox 1848 805 1884 842; x_wconf 91' lang='lat' dir='ltr'>id</span> <span class='ocrx_word' id='word_1_222' title='bbox 1899 813 1968 851; x_wconf 90' lang='lat' dir='ltr'>est,</span> <span class='ocrx_word' id='word_1_223' title='bbox 2002 810 2080 855; x_wconf 90' lang='lat' dir='ltr'>ipse</span> <span class='ocrx_word' id='word_1_224' title='bbox 2111 810 2228 855; x_wconf 88' lang='lat' dir='ltr'>possi-</span> 
     </span>
     <span class='ocr_line' id='line_1_31' title="bbox 1171 863 2227 914; baseline 0.008 -16"><span class='ocrx_word' id='word_1_225' title='bbox 1171 863 1267 898; x_wconf 91' lang='lat' dir='ltr'>deat.</span> <span class='ocrx_word' id='word_1_226' title='bbox 1289 863 1426 901; x_wconf 90' lang='lat' dir='ltr'>Deinde</span> <span class='ocrx_word' id='word_1_227' title='bbox 1460 865 1624 910; x_wconf 89' lang='lat' dir='ltr'>sequitur</span> <span class='ocrx_word' id='word_1_228' title='bbox 1644 877 1652 900; x_wconf 91' lang='lat'>:</span> <span class='ocrx_word' id='word_1_229' title='bbox 1674 865 1848 901; x_wconf 81' lang='lat' dir='ltr'>Delictum</span> <span class='ocrx_word' id='word_1_230' title='bbox 1863 868 1955 914; x_wconf 86' lang='lat' dir='ltr'>quod</span> <span class='ocrx_word' id='word_1_231' title='bbox 1971 868 2130 904; x_wconf 85' lang='lat' dir='ltr'>redditur</span> <span class='ocrx_word' id='word_1_232' title='bbox 2150 870 2227 906; x_wconf 91' lang='lat' dir='ltr'>Do-</span> 
     </span>
     <span class='ocr_line' id='line_1_32' title="bbox 1170 924 2228 967; baseline 0.009 -10"><span class='ocrx_word' id='word_1_233' title='bbox 1170 924 1282 966; x_wconf 87' lang='lat' dir='ltr'>mino,</span> <span class='ocrx_word' id='word_1_234' title='bbox 1316 924 1508 959; x_wconf 84' lang='lat' dir='ltr'>sacerdotis</span> <span class='ocrx_word' id='word_1_235' title='bbox 1541 925 1619 960; x_wconf 89' lang='lat' dir='ltr'>erit.</span> <span class='ocrx_word' id='word_1_236' title='bbox 1660 924 1836 962; x_wconf 84' lang='lat' dir='ltr'>Delictum</span> <span class='ocrx_word' id='word_1_237' title='bbox 1870 933 1990 964; x_wconf 88' lang='lat' dir='ltr'>autem</span> <span class='ocrx_word' id='word_1_238' title='bbox 2024 929 2114 966; x_wconf 87' lang='lat' dir='ltr'>dicit</span> <span class='ocrx_word' id='word_1_239' title='bbox 2146 940 2228 967; x_wconf 89' lang='lat' dir='ltr'>cum</span> 
     </span>
     <span class='ocr_line' id='line_1_33' title="bbox 1171 982 2227 1033; baseline 0.01 -17"><span class='ocrx_word' id='word_1_240' title='bbox 1171 982 1338 1018; x_wconf 87' lang='lat' dir='ltr'>redditur</span> <span class='ocrx_word' id='word_1_241' title='bbox 1358 993 1400 1018; x_wconf 90' lang='lat' dir='ltr'>ea</span> <span class='ocrx_word' id='word_1_242' title='bbox 1415 994 1488 1027; x_wconf 90' lang='lat' dir='ltr'>res,</span> <span class='ocrx_word' id='word_1_243' title='bbox 1509 994 1590 1029; x_wconf 84' lang='lat' dir='ltr'>quae</span> <span class='ocrx_word' id='word_1_244' title='bbox 1609 994 1674 1030; x_wconf 88' lang='lat' dir='ltr'>per</span> <span class='ocrx_word' id='word_1_245' title='bbox 1689 984 1861 1021; x_wconf 87' lang='lat' dir='ltr'>delictum</span> <span class='ocrx_word' id='word_1_246' title='bbox 1875 987 1995 1024; x_wconf 91' lang='lat' dir='ltr'>oblata</span> <span class='ocrx_word' id='word_1_247' title='bbox 2016 995 2083 1025; x_wconf 92' lang='lat' dir='ltr'>est.</span> <span class='ocrx_word' id='word_1_248' title='bbox 2109 991 2227 1033; x_wconf 56' lang='lat' dir='ltr'>Quaeri</span> 
     </span>
     <span class='ocr_line' id='line_1_34' title="bbox 1175 1045 2230 1097; baseline 0.011 -21"><span class='ocrx_word' id='word_1_249' title='bbox 1175 1045 1296 1077; x_wconf 88' lang='lat' dir='ltr'>autem</span> <span class='ocrx_word' id='word_1_250' title='bbox 1322 1047 1443 1088; x_wconf 90' lang='lat' dir='ltr'>potest</span> <span class='ocrx_word' id='word_1_251' title='bbox 1480 1045 1659 1089; x_wconf 90' lang='lat' dir='ltr'>quomodo</span> <span class='ocrx_word' id='word_1_252' title='bbox 1694 1045 1731 1080; x_wconf 90' lang='lat' dir='ltr'>in</span> <span class='ocrx_word' id='word_1_253' title='bbox 1762 1045 1886 1082; x_wconf 87' lang='lat' dir='ltr'>Exodo</span> <span class='ocrx_word' id='word_1_254' title='bbox 1917 1048 2073 1085; x_wconf 86' lang='lat' dir='ltr'>dicitur:</span> <span class='ocrx_word' id='word_1_255' title='bbox 2097 1051 2230 1097; x_wconf 87' lang='lat' dir='ltr'>Siquis</span> 
     </span>
    </p>
   </div>
   <div class='ocr_carea' id='block_1_5' title="bbox 51 1099 2231 1152">
    <p class='ocr_par' dir='ltr' id='par_1_6' title="bbox 51 1099 2231 1152">
     <span class='ocr_line' id='line_1_35' title="bbox 51 1099 2231 1152; baseline 0.002 -9"><span class='ocrx_word' id='word_1_256' title='bbox 51 1106 214 1152; x_wconf 89' lang='lat' dir='ltr'>corporis</span> <span class='ocrx_word' id='word_1_257' title='bbox 239 1104 360 1140; x_wconf 89' lang='lat' dir='ltr'>colore</span> <span class='ocrx_word' id='word_1_258' title='bbox 384 1101 607 1148; x_wconf 88' lang='lat' dir='ltr'>apparentia,</span> <span class='ocrx_word' id='word_1_259' title='bbox 626 1099 833 1146; x_wconf 85' lang='lat' dir='ltr'>significant</span> <span class='ocrx_word' id='word_1_260' title='bbox 846 1099 997 1144; x_wconf 85' lang='lat' dir='ltr'>lepram,</span> <span class='ocrx_word' id='word_1_261' title='bbox 1022 1103 1103 1133; x_wconf 79' lang='lat' dir='ltr'>tan·</span> <span class='ocrx_word' id='word_1_262' title='bbox 1122 1101 1153 1140; x_wconf 93' lang='lat' dir='ltr'>B</span> <span class='ocrx_word' id='word_1_263' title='bbox 1172 1100 1313 1138; x_wconf 79' lang='lat' dir='ltr'>furatus</span> <span class='ocrx_word' id='word_1_264' title='bbox 1342 1101 1454 1139; x_wconf 84' lang='lat' dir='ltr'>suerit</span> <span class='ocrx_word' id='word_1_265' title='bbox 1482 1103 1637 1139; x_wconf 83' lang='lat' dir='ltr'>vitulum</span> <span class='ocrx_word' id='word_1_266' title='bbox 1670 1110 1733 1140; x_wconf 90' lang='lat' dir='ltr'>aut</span> <span class='ocrx_word' id='word_1_267' title='bbox 1755 1115 1874 1150; x_wconf 89' lang='lat' dir='ltr'>ovem,</span> <span class='ocrx_word' id='word_1_268' title='bbox 1907 1108 2100 1145; x_wconf 84' lang='lat' dir='ltr'>restituere</span> <span class='ocrx_word' id='word_1_269' title='bbox 2125 1111 2231 1148; x_wconf 84' lang='lat' dir='ltr'>debet</span> 
     </span>
    </p>
   </div>
   <div class='ocr_carea' id='block_1_6' title="bbox 51 1160 1109 2002">
    <p class='ocr_par' dir='ltr' id='par_1_7' title="bbox 51 1160 1109 2002">
     <span class='ocr_line' id='line_1_36' title="bbox 52 1160 1102 1214; baseline -0.01 -10"><span class='ocrx_word' id='word_1_270' title='bbox 52 1178 159 1214; x_wconf 90' lang='lat' dir='ltr'>quam</span> <span class='ocrx_word' id='word_1_271' title='bbox 179 1166 275 1203; x_wconf 88' lang='lat' dir='ltr'>veris</span> <span class='ocrx_word' id='word_1_272' title='bbox 292 1164 466 1209; x_wconf 85' lang='lat' dir='ltr'>falsisque</span> <span class='ocrx_word' id='word_1_273' title='bbox 485 1162 647 1199; x_wconf 87' lang='lat' dir='ltr'>colorum</span> <span class='ocrx_word' id='word_1_274' title='bbox 662 1161 752 1197; x_wconf 89' lang='lat' dir='ltr'>loeis</span> <span class='ocrx_word' id='word_1_275' title='bbox 775 1160 933 1196; x_wconf 88' lang='lat' dir='ltr'>humana</span> <span class='ocrx_word' id='word_1_276' title='bbox 950 1169 1102 1204; x_wconf 88' lang='lat' dir='ltr'>corpora</span> 
     </span>
     <span class='ocr_line' id='line_1_37' title="bbox 51 1220 1104 1272; baseline -0.01 -7"><span class='ocrx_word' id='word_1_277' title='bbox 51 1229 252 1264; x_wconf 87' lang='lat' dir='ltr'>variantem</span> <span class='ocrx_word' id='word_1_278' title='bbox 282 1231 391 1272; x_wconf 88' lang='lat' dir='ltr'>atque</span> <span class='ocrx_word' id='word_1_279' title='bbox 413 1223 666 1260; x_wconf 82' lang='lat' dir='ltr'>maculantem.</span> <span class='ocrx_word' id='word_1_280' title='bbox 700 1222 792 1257; x_wconf 89' lang='lat' dir='ltr'>Eum</span> <span class='ocrx_word' id='word_1_281' title='bbox 818 1225 938 1257; x_wconf 87' lang='lat' dir='ltr'>autem</span> <span class='ocrx_word' id='word_1_282' title='bbox 967 1220 1028 1266; x_wconf 92' lang='lat' dir='ltr'>qui</span> <span class='ocrx_word' id='word_1_283' title='bbox 1046 1229 1104 1255; x_wconf 89' lang='lat' dir='ltr'>se-</span> 
     </span>
     <span class='ocr_line' id='line_1_38' title="bbox 52 1279 1105 1330; baseline -0.011 -5"><span class='ocrx_word' id='word_1_284' title='bbox 52 1290 148 1326; x_wconf 92' lang='lat' dir='ltr'>mine</span> <span class='ocrx_word' id='word_1_285' title='bbox 165 1287 254 1330; x_wconf 83' lang='lat' dir='ltr'>nuit,</span> <span class='ocrx_word' id='word_1_286' title='bbox 276 1286 425 1323; x_wconf 79' lang='lat' dir='ltr'>fetidum</span> <span class='ocrx_word' id='word_1_287' title='bbox 439 1283 641 1320; x_wconf 88' lang='lat' dir='ltr'>libidinosis</span> <span class='ocrx_word' id='word_1_288' title='bbox 655 1281 946 1328; x_wconf 83' lang='lat' dir='ltr'>cogitationibus,</span> <span class='ocrx_word' id='word_1_289' title='bbox 969 1284 1004 1315; x_wconf 89' lang='lat' dir='ltr'>et</span> <span class='ocrx_word' id='word_1_290' title='bbox 1019 1279 1105 1314; x_wconf 90' lang='lat' dir='ltr'>luxu</span> 
     </span>
     <span class='ocr_line' id='line_1_39' title="bbox 53 1339 1105 1386; baseline -0.012 0"><span class='ocrx_word' id='word_1_291' title='bbox 53 1349 254 1386; x_wconf 87' lang='lat' dir='ltr'>carnalium</span> <span class='ocrx_word' id='word_1_292' title='bbox 270 1346 530 1384; x_wconf 85' lang='lat' dir='ltr'>desideriorum</span> <span class='ocrx_word' id='word_1_293' title='bbox 545 1348 769 1384; x_wconf 82' lang='lat' dir='ltr'>aestuantem,</span> <span class='ocrx_word' id='word_1_294' title='bbox 783 1342 954 1377; x_wconf 89' lang='lat' dir='ltr'>debemus</span> <span class='ocrx_word' id='word_1_295' title='bbox 970 1339 1105 1376; x_wconf 89' lang='lat' dir='ltr'>intelli-</span> 
     </span>
     <span class='ocr_line' id='line_1_40' title="bbox 53 1400 1107 1458; baseline -0.012 -11"><span class='ocrx_word' id='word_1_296' title='bbox 53 1420 148 1458; x_wconf 86' lang='lat' dir='ltr'>gere.</span> <span class='ocrx_word' id='word_1_297' title='bbox 173 1409 424 1452; x_wconf 91' lang='lat' dir='ltr'>Pollutumque</span> <span class='ocrx_word' id='word_1_298' title='bbox 454 1400 562 1451; x_wconf 81' lang='lat' dir='ltr'>super</span> <span class='ocrx_word' id='word_1_299' title='bbox 580 1408 736 1445; x_wconf 89' lang='lat' dir='ltr'>mortuo,</span> <span class='ocrx_word' id='word_1_300' title='bbox 756 1402 856 1437; x_wconf 92' lang='lat' dir='ltr'>illum</span> <span class='ocrx_word' id='word_1_301' title='bbox 873 1401 933 1447; x_wconf 91' lang='lat' dir='ltr'>qui</span> <span class='ocrx_word' id='word_1_302' title='bbox 950 1406 1107 1436; x_wconf 86' lang='lat' dir='ltr'>mortuo-</span> 
     </span>
     <span class='ocr_line' id='line_1_41' title="bbox 53 1461 1108 1515; baseline -0.011 -8"><span class='ocrx_word' id='word_1_303' title='bbox 53 1481 135 1507; x_wconf 87' lang='lat' dir='ltr'>rum</span> <span class='ocrx_word' id='word_1_304' title='bbox 166 1470 202 1506; x_wconf 91' lang='lat' dir='ltr'>in</span> <span class='ocrx_word' id='word_1_305' title='bbox 235 1468 394 1515; x_wconf 88' lang='lat' dir='ltr'>peccatis</span> <span class='ocrx_word' id='word_1_306' title='bbox 429 1472 465 1501; x_wconf 88' lang='lat' dir='ltr'>et</span> <span class='ocrx_word' id='word_1_307' title='bbox 484 1465 670 1511; x_wconf 88' lang='lat' dir='ltr'>impietate</span> <span class='ocrx_word' id='word_1_308' title='bbox 687 1462 852 1508; x_wconf 83' lang='lat' dir='ltr'>exempla</span> <span class='ocrx_word' id='word_1_309' title='bbox 875 1461 1051 1507; x_wconf 89' lang='lat' dir='ltr'>sequitur,</span> <span class='ocrx_word' id='word_1_310' title='bbox 1071 1465 1108 1496; x_wconf 88' lang='lat' dir='ltr'>et</span> 
     </span>
     <span class='ocr_line' id='line_1_42' title="bbox 53 1521 1108 1571; baseline -0.008 -6"><span class='ocrx_word' id='word_1_311' title='bbox 53 1530 224 1565; x_wconf 90' lang='lat' dir='ltr'>vitiorum</span> <span class='ocrx_word' id='word_1_312' title='bbox 254 1527 421 1564; x_wconf 89' lang='lat' dir='ltr'>sordibus</span> <span class='ocrx_word' id='word_1_313' title='bbox 449 1525 714 1571; x_wconf 86' lang='lat' dir='ltr'>coinquinatur.</span> <span class='ocrx_word' id='word_1_314' title='bbox 731 1523 794 1559; x_wconf 90' lang='lat' dir='ltr'>Isti</span> <span class='ocrx_word' id='word_1_315' title='bbox 811 1532 937 1559; x_wconf 87' lang='lat' dir='ltr'>omnes</span> <span class='ocrx_word' id='word_1_316' title='bbox 953 1521 1108 1568; x_wconf 86' lang='lat' dir='ltr'>ergoin-</span> 
     </span>
     <span class='ocr_line' id='line_1_43' title="bbox 53 1581 1108 1634; baseline -0.008 -9"><span class='ocrx_word' id='word_1_317' title='bbox 53 1588 230 1625; x_wconf 73' lang='lat' dir='ltr'>fructuosi</span> <span class='ocrx_word' id='word_1_318' title='bbox 256 1588 428 1634; x_wconf 88' lang='lat' dir='ltr'>cogitatu,</span> <span class='ocrx_word' id='word_1_319' title='bbox 472 1584 647 1621; x_wconf 90' lang='lat' dir='ltr'>immundi</span> <span class='ocrx_word' id='word_1_320' title='bbox 691 1592 858 1620; x_wconf 90' lang='lat' dir='ltr'>sermone</span> <span class='ocrx_word' id='word_1_321' title='bbox 889 1587 926 1618; x_wconf 93' lang='lat' dir='ltr'>et</span> <span class='ocrx_word' id='word_1_322' title='bbox 952 1581 1108 1618; x_wconf 83' lang='lat' dir='ltr'>morbidi</span> 
     </span>
     <span class='ocr_line' id='line_1_44' title="bbox 55 1644 1109 1692; baseline -0.008 -5"><span class='ocrx_word' id='word_1_323' title='bbox 55 1655 237 1692; x_wconf 87' lang='lat' dir='ltr'>contactu,</span> <span class='ocrx_word' id='word_1_324' title='bbox 271 1659 291 1685; x_wconf 88' lang='lat' dir='ltr'>a</span> <span class='ocrx_word' id='word_1_325' title='bbox 322 1649 452 1684; x_wconf 88' lang='lat' dir='ltr'>eastris</span> <span class='ocrx_word' id='word_1_326' title='bbox 491 1647 660 1683; x_wconf 75' lang='lat' dir='ltr'>Ecclesiae</span> <span class='ocrx_word' id='word_1_327' title='bbox 691 1644 853 1692; x_wconf 89' lang='lat' dir='ltr'>separari</span> <span class='ocrx_word' id='word_1_328' title='bbox 883 1645 1027 1687; x_wconf 85' lang='lat' dir='ltr'>debent,</span> <span class='ocrx_word' id='word_1_329' title='bbox 1063 1653 1109 1679; x_wconf 91' lang='lat' dir='ltr'>ne</span> 
     </span>
     <span class='ocr_line' id='line_1_45' title="bbox 55 1705 1109 1756; baseline -0.007 -9"><span class='ocrx_word' id='word_1_330' title='bbox 55 1710 270 1756; x_wconf 85' lang='lat' dir='ltr'>contagione</span> <span class='ocrx_word' id='word_1_331' title='bbox 295 1719 438 1745; x_wconf 88' lang='lat' dir='ltr'>morum</span> <span class='ocrx_word' id='word_1_332' title='bbox 457 1718 617 1750; x_wconf 90' lang='lat' dir='ltr'>suorum,</span> <span class='ocrx_word' id='word_1_333' title='bbox 637 1707 748 1742; x_wconf 86' lang='lat' dir='ltr'>vitam</span> <span class='ocrx_word' id='word_1_334' title='bbox 760 1706 921 1752; x_wconf 90' lang='lat' dir='ltr'>polluant</span> <span class='ocrx_word' id='word_1_335' title='bbox 937 1705 1109 1741; x_wconf 90' lang='lat' dir='ltr'>innocen-</span> 
     </span>
     <span class='ocr_line' id='line_1_46' title="bbox 57 1765 1106 1816; baseline -0.008 -9"><span class='ocrx_word' id='word_1_336' title='bbox 57 1776 146 1814; x_wconf 87' lang='lat' dir='ltr'>tum,</span> <span class='ocrx_word' id='word_1_337' title='bbox 176 1770 410 1816; x_wconf 85' lang='lat' dir='ltr'>quoadusque</span> <span class='ocrx_word' id='word_1_338' title='bbox 435 1769 504 1815; x_wconf 89' lang='lat' dir='ltr'>ipsi</span> <span class='ocrx_word' id='word_1_339' title='bbox 530 1778 549 1803; x_wconf 89' lang='lat' dir='ltr'>a</span> <span class='ocrx_word' id='word_1_340' title='bbox 568 1767 779 1803; x_wconf 86' lang='lat' dir='ltr'>criminibus</span> <span class='ocrx_word' id='word_1_341' title='bbox 797 1766 871 1802; x_wconf 91' lang='lat' dir='ltr'>suis</span> <span class='ocrx_word' id='word_1_342' title='bbox 888 1775 927 1802; x_wconf 90' lang='lat' dir='ltr'>se</span> <span class='ocrx_word' id='word_1_343' title='bbox 947 1765 1106 1800; x_wconf 85' lang='lat' dir='ltr'>abluant.</span> 
     </span>
     <span class='ocr_line' id='line_1_47' title="bbox 444 1842 717 1881; baseline -0.011 -1"><span class='ocrx_word' id='word_1_344' title='bbox 444 1843 596 1881; x_wconf 92' lang='lat' dir='ltr'><strong>CAPUT</strong></span> <span class='ocrx_word' id='word_1_345' title='bbox 629 1842 717 1879; x_wconf 82' lang='lat' dir='ltr'>VIII.</span> 
     </span>
     <span class='ocr_line' id='line_1_48' title="bbox 127 1889 1036 1940; baseline -0.004 -12"><span class='ocrx_word' id='word_1_346' title='bbox 127 1894 179 1928; x_wconf 92' lang='lat' dir='ltr'>De</span> <span class='ocrx_word' id='word_1_347' title='bbox 197 1892 346 1940; x_wconf 83' lang='lat' dir='ltr'>peccatis</span> <span class='ocrx_word' id='word_1_348' title='bbox 369 1891 585 1938; x_wconf 76' lang='lat' dir='ltr'>ne9li9entioe</span> <span class='ocrx_word' id='word_1_349' title='bbox 603 1890 822 1925; x_wconf 82' lang='lat' dir='ltr'>sacerdotum</span> <span class='ocrx_word' id='word_1_350' title='bbox 843 1889 1036 1935; x_wconf 79' lang='lat' dir='ltr'>expiandis.</span> 
     </span>
     <span class='ocr_line' id='line_1_49' title="bbox 105 1950 1107 2002; baseline -0.005 -12"><span class='ocrx_word' id='word_1_351' title='bbox 105 1954 224 2002; x_wconf 75' lang='lat' dir='ltr'>(tum.)</span> <span class='ocrx_word' id='word_1_352' title='bbox 242 1954 462 1998; x_wconf 87' lang='lat' dir='ltr'>Locutusque</span> <span class='ocrx_word' id='word_1_353' title='bbox 477 1957 526 1987; x_wconf 87' lang='lat' dir='ltr'>est</span> <span class='ocrx_word' id='word_1_354' title='bbox 545 1951 714 1986; x_wconf 82' lang='lat' dir='ltr'>Dominus</span> <span class='ocrx_word' id='word_1_355' title='bbox 731 1951 776 1986; x_wconf 87' lang='lat' dir='ltr'>ad</span> <span class='ocrx_word' id='word_1_356' title='bbox 792 1950 937 1996; x_wconf 83' lang='lat' dir='ltr'>Moysen</span> <span class='ocrx_word' id='word_1_357' title='bbox 957 1951 1075 1985; x_wconf 84' lang='lat' dir='ltr'>dicens</span> <span class='ocrx_word' id='word_1_358' title='bbox 1096 1959 1107 1984; x_wconf 95' lang='lat'><em>:</em></span> 
     </span>
    </p>
   </div>
   <div class='ocr_carea' id='block_1_7' title="bbox 1174 1162 2236 2004">
    <p class='ocr_par' dir='ltr' id='par_1_8' title="bbox 1174 1162 2236 2004">
     <span class='ocr_line' id='line_1_50' title="bbox 1174 1162 2232 1210; baseline 0.009 -12"><span class='ocrx_word' id='word_1_359' title='bbox 1174 1163 1333 1210; x_wconf 89' lang='lat' dir='ltr'>quinque</span> <span class='ocrx_word' id='word_1_360' title='bbox 1366 1162 1498 1199; x_wconf 88' lang='lat' dir='ltr'>vitulos</span> <span class='ocrx_word' id='word_1_361' title='bbox 1518 1164 1575 1200; x_wconf 87' lang='lat' dir='ltr'>vel</span> <span class='ocrx_word' id='word_1_362' title='bbox 1606 1170 1764 1210; x_wconf 90' lang='lat' dir='ltr'>quatuor</span> <span class='ocrx_word' id='word_1_363' title='bbox 1786 1176 1872 1203; x_wconf 90' lang='lat' dir='ltr'>oves</span> <span class='ocrx_word' id='word_1_364' title='bbox 1901 1168 1931 1204; x_wconf 92' lang='lat' dir='ltr'>si</span> <span class='ocrx_word' id='word_1_365' title='bbox 1968 1171 2142 1207; x_wconf 88' lang='lat' dir='ltr'>occiderit</span> <span class='ocrx_word' id='word_1_366' title='bbox 2169 1178 2232 1208; x_wconf 88' lang='lat' dir='ltr'>aut</span> 
     </span>
     <span class='ocr_line' id='line_1_51' title="bbox 1175 1224 2233 1280; baseline 0.009 -21"><span class='ocrx_word' id='word_1_367' title='bbox 1175 1224 1401 1268; x_wconf 55' lang='lat' dir='ltr'>vendiderim</span> <span class='ocrx_word' id='word_1_368' title='bbox 1437 1225 1468 1261; x_wconf 93' lang='lat' dir='ltr'>si</span> <span class='ocrx_word' id='word_1_369' title='bbox 1495 1230 1617 1261; x_wconf 89' lang='lat' dir='ltr'>autem</span> <span class='ocrx_word' id='word_1_370' title='bbox 1652 1227 1748 1273; x_wconf 92' lang='lat' dir='ltr'>quod</span> <span class='ocrx_word' id='word_1_371' title='bbox 1766 1228 1957 1265; x_wconf 89' lang='lat' dir='ltr'>abstulerit</span> <span class='ocrx_word' id='word_1_372' title='bbox 1983 1230 2121 1268; x_wconf 89' lang='lat' dir='ltr'>salvum</span> <span class='ocrx_word' id='word_1_373' title='bbox 2139 1235 2233 1280; x_wconf 90' lang='lat' dir='ltr'>apud</span> 
     </span>
     <span class='ocr_line' id='line_1_52' title="bbox 1175 1287 2231 1333; baseline 0.009 -12"><span class='ocrx_word' id='word_1_374' title='bbox 1175 1296 1258 1322; x_wconf 89' lang='lat' dir='ltr'>eum</span> <span class='ocrx_word' id='word_1_375' title='bbox 1288 1287 1482 1332; x_wconf 89' lang='lat' dir='ltr'>reperitur,</span> <span class='ocrx_word' id='word_1_376' title='bbox 1522 1287 1670 1333; x_wconf 91' lang='lat' dir='ltr'>duplum</span> <span class='ocrx_word' id='word_1_377' title='bbox 1707 1298 1788 1324; x_wconf 88' lang='lat' dir='ltr'>esse</span> <span class='ocrx_word' id='word_1_378' title='bbox 1823 1290 2086 1327; x_wconf 88' lang='lat' dir='ltr'>restituendum</span> <span class='ocrx_word' id='word_1_379' title='bbox 2113 1304 2123 1330; x_wconf 70' lang='grc' dir='ltr'><strong><em>ι</em></strong></span> <span class='ocrx_word' id='word_1_380' title='bbox 2148 1304 2231 1330; x_wconf 92' lang='lat' dir='ltr'>cum</span> 
     </span>
     <span class='ocr_line' id='line_1_53' title="bbox 1175 1347 2232 1401; baseline 0.008 -19"><span class='ocrx_word' id='word_1_381' title='bbox 1175 1347 1234 1383; x_wconf 90' lang='lat' dir='ltr'>hic</span> <span class='ocrx_word' id='word_1_382' title='bbox 1260 1347 1402 1383; x_wconf 90' lang='lat' dir='ltr'>restitui</span> <span class='ocrx_word' id='word_1_383' title='bbox 1437 1348 1560 1394; x_wconf 84' lang='lat' dir='ltr'>jubeat</span> <span class='ocrx_word' id='word_1_384' title='bbox 1592 1353 1701 1394; x_wconf 91' lang='lat' dir='ltr'>caput</span> <span class='ocrx_word' id='word_1_385' title='bbox 1731 1355 1768 1385; x_wconf 89' lang='lat' dir='ltr'>et</span> <span class='ocrx_word' id='word_1_386' title='bbox 1792 1351 1983 1396; x_wconf 87' lang='lat' dir='ltr'>quintam:</span> <span class='ocrx_word' id='word_1_387' title='bbox 2006 1354 2101 1398; x_wconf 90' lang='lat' dir='ltr'>quod</span> <span class='ocrx_word' id='word_1_388' title='bbox 2126 1354 2232 1401; x_wconf 87' lang='lat' dir='ltr'>longe</span> 
     </span>
     <span class='ocr_line' id='line_1_54' title="bbox 1176 1407 2232 1458; baseline 0.007 -16"><span class='ocrx_word' id='word_1_389' title='bbox 1176 1412 1232 1442; x_wconf 90' lang='lat' dir='ltr'>est</span> <span class='ocrx_word' id='word_1_390' title='bbox 1268 1407 1378 1442; x_wconf 89' lang='lat' dir='ltr'>etiam</span> <span class='ocrx_word' id='word_1_391' title='bbox 1403 1417 1424 1442; x_wconf 90' lang='lat' dir='ltr'>a</span> <span class='ocrx_word' id='word_1_392' title='bbox 1451 1407 1572 1453; x_wconf 90' lang='lat' dir='ltr'>duplo,</span> <span class='ocrx_word' id='word_1_393' title='bbox 1609 1414 1745 1454; x_wconf 88' lang='lat' dir='ltr'>quanto</span> <span class='ocrx_word' id='word_1_394' title='bbox 1775 1410 1890 1456; x_wconf 80' lang='lat' dir='ltr'>magis</span> <span class='ocrx_word' id='word_1_395' title='bbox 1918 1420 1938 1446; x_wconf 90' lang='lat' dir='ltr'>a</span> <span class='ocrx_word' id='word_1_396' title='bbox 1959 1413 2159 1458; x_wconf 85' lang='lat' dir='ltr'>quadruplo</span> <span class='ocrx_word' id='word_1_397' title='bbox 2175 1414 2232 1449; x_wconf 89' lang='lat' dir='ltr'>vel</span> 
     </span>
     <span class='ocr_line' id='line_1_55' title="bbox 1177 1466 2232 1514; baseline 0.008 -13"><span class='ocrx_word' id='word_1_398' title='bbox 1177 1466 1367 1512; x_wconf 88' lang='lat' dir='ltr'>quinquies</span> <span class='ocrx_word' id='word_1_399' title='bbox 1396 1472 1509 1510; x_wconf 88' lang='lat' dir='ltr'>tanto,</span> <span class='ocrx_word' id='word_1_400' title='bbox 1550 1468 1619 1503; x_wconf 90' lang='lat' dir='ltr'>nisi</span> <span class='ocrx_word' id='word_1_401' title='bbox 1657 1468 1752 1504; x_wconf 82' lang='lat' dir='ltr'>sorte</span> <span class='ocrx_word' id='word_1_402' title='bbox 1790 1470 1873 1514; x_wconf 89' lang='lat' dir='ltr'>quia</span> <span class='ocrx_word' id='word_1_403' title='bbox 1891 1470 1950 1506; x_wconf 90' lang='lat' dir='ltr'>hic</span> <span class='ocrx_word' id='word_1_404' title='bbox 1980 1471 2060 1508; x_wconf 86' lang='lat' dir='ltr'>ait:</span> <span class='ocrx_word' id='word_1_405' title='bbox 2089 1471 2152 1508; x_wconf 86' lang='lat' dir='ltr'>Vir</span> <span class='ocrx_word' id='word_1_406' title='bbox 2170 1479 2232 1509; x_wconf 87' lang='lat' dir='ltr'>aut</span> 
     </span>
     <span class='ocr_line' id='line_1_56' title="bbox 1178 1527 2231 1578; baseline 0.009 -16"><span class='ocrx_word' id='word_1_407' title='bbox 1178 1527 1318 1571; x_wconf 89' lang='lat' dir='ltr'>mulier,</span> <span class='ocrx_word' id='word_1_408' title='bbox 1331 1529 1526 1575; x_wconf 82' lang='lat' dir='ltr'>quicunque</span> <span class='ocrx_word' id='word_1_409' title='bbox 1543 1529 1661 1575; x_wconf 69' lang='lat' dir='ltr'>fecerit</span> <span class='ocrx_word' id='word_1_410' title='bbox 1671 1530 1713 1565; x_wconf 87' lang='lat' dir='ltr'>ab</span> <span class='ocrx_word' id='word_1_411' title='bbox 1723 1530 1881 1567; x_wconf 86' lang='lat' dir='ltr'>omnibus</span> <span class='ocrx_word' id='word_1_412' title='bbox 1895 1534 2045 1578; x_wconf 84' lang='lat' dir='ltr'>peccatis</span> <span class='ocrx_word' id='word_1_413' title='bbox 2054 1534 2231 1578; x_wconf 77' lang='lat' dir='ltr'>humanis,</span> 
     </span>
     <span class='ocr_line' id='line_1_57' title="bbox 1177 1588 2231 1638; baseline 0.007 -16"><span class='ocrx_word' id='word_1_414' title='bbox 1177 1592 1328 1633; x_wconf 88' lang='lat' dir='ltr'>peecata</span> <span class='ocrx_word' id='word_1_415' title='bbox 1344 1588 1556 1634; x_wconf 81' lang='lat' dir='ltr'>ignorantIae</span> <span class='ocrx_word' id='word_1_416' title='bbox 1579 1588 1694 1624; x_wconf 92' lang='lat' dir='ltr'>voluit</span> <span class='ocrx_word' id='word_1_417' title='bbox 1719 1589 1870 1636; x_wconf 86' lang='lat' dir='ltr'>intelligi</span> <span class='ocrx_word' id='word_1_418' title='bbox 1891 1591 2047 1627; x_wconf 90' lang='lat' dir='ltr'>humana</span> <span class='ocrx_word' id='word_1_419' title='bbox 2067 1599 2231 1638; x_wconf 87' lang='lat' dir='ltr'>peccata.</span> 
     </span>
     <span class='ocr_line' id='line_1_58' title="bbox 1176 1647 2232 1699; baseline 0.005 -16"><span class='ocrx_word' id='word_1_420' title='bbox 1176 1647 1271 1684; x_wconf 91' lang='lat' dir='ltr'>Fieri</span> <span class='ocrx_word' id='word_1_421' title='bbox 1304 1649 1399 1684; x_wconf 90' lang='lat' dir='ltr'>enim</span> <span class='ocrx_word' id='word_1_422' title='bbox 1419 1653 1551 1694; x_wconf 88' lang='lat' dir='ltr'>potest,</span> <span class='ocrx_word' id='word_1_423' title='bbox 1570 1654 1609 1684; x_wconf 92' lang='lat' dir='ltr'>ut</span> <span class='ocrx_word' id='word_1_424' title='bbox 1626 1658 1753 1694; x_wconf 86' lang='lat' dir='ltr'>parum</span> <span class='ocrx_word' id='word_1_425' title='bbox 1775 1649 2009 1694; x_wconf 86' lang='lat' dir='ltr'>attendendo,</span> <span class='ocrx_word' id='word_1_426' title='bbox 2030 1661 2096 1698; x_wconf 90' lang='lat' dir='ltr'>per</span> <span class='ocrx_word' id='word_1_427' title='bbox 2113 1654 2232 1699; x_wconf 86' lang='lat' dir='ltr'>negli-</span> 
     </span>
     <span class='ocr_line' id='line_1_59' title="bbox 1177 1708 2231 1754; baseline 0.007 -12"><span class='ocrx_word' id='word_1_428' title='bbox 1177 1708 1336 1754; x_wconf 87' lang='lat' dir='ltr'>gentiam</span> <span class='ocrx_word' id='word_1_429' title='bbox 1370 1708 1528 1753; x_wconf 86' lang='lat' dir='ltr'>trajiciat</span> <span class='ocrx_word' id='word_1_430' title='bbox 1558 1709 1666 1745; x_wconf 89' lang='lat' dir='ltr'>homo</span> <span class='ocrx_word' id='word_1_431' title='bbox 1687 1719 1763 1745; x_wconf 88' lang='lat' dir='ltr'>rem</span> <span class='ocrx_word' id='word_1_432' title='bbox 1787 1710 1940 1746; x_wconf 90' lang='lat' dir='ltr'>alienam</span> <span class='ocrx_word' id='word_1_433' title='bbox 1961 1711 1997 1746; x_wconf 91' lang='lat' dir='ltr'>in</span> <span class='ocrx_word' id='word_1_434' title='bbox 2018 1721 2095 1748; x_wconf 91' lang='lat' dir='ltr'>rem</span> <span class='ocrx_word' id='word_1_435' title='bbox 2115 1723 2231 1749; x_wconf 87' lang='lat' dir='ltr'>suam.</span> 
     </span>
     <span class='ocr_line' id='line_1_60' title="bbox 1178 1768 2232 1819; baseline 0.007 -16"><span class='ocrx_word' id='word_1_436' title='bbox 1178 1768 1279 1812; x_wconf 84' lang='lat' dir='ltr'>Quod</span> <span class='ocrx_word' id='word_1_437' title='bbox 1298 1770 1378 1806; x_wconf 90' lang='lat' dir='ltr'>ideo</span> <span class='ocrx_word' id='word_1_438' title='bbox 1394 1775 1584 1816; x_wconf 87' lang='lat' dir='ltr'>peccatum</span> <span class='ocrx_word' id='word_1_439' title='bbox 1608 1776 1677 1813; x_wconf 89' lang='lat' dir='ltr'>est,</span> <span class='ocrx_word' id='word_1_440' title='bbox 1702 1771 1791 1816; x_wconf 66' lang='lat' dir='ltr'>quia⁴</span> <span class='ocrx_word' id='word_1_441' title='bbox 1803 1771 1832 1807; x_wconf 93' lang='lat' dir='ltr'>si</span> <span class='ocrx_word' id='word_1_442' title='bbox 1863 1772 2055 1819; x_wconf 84' lang='lat' dir='ltr'>diligenter</span> <span class='ocrx_word' id='word_1_443' title='bbox 2071 1775 2232 1810; x_wconf 82' lang='lat' dir='ltr'>attende-</span> 
     </span>
     <span class='ocr_line' id='line_1_61' title="bbox 1178 1830 2236 1881; baseline 0.008 -18"><span class='ocrx_word' id='word_1_444' title='bbox 1178 1833 1291 1873; x_wconf 86' lang='lat' dir='ltr'>retur,</span> <span class='ocrx_word' id='word_1_445' title='bbox 1316 1839 1387 1865; x_wconf 89' lang='lat' dir='ltr'>non</span> <span class='ocrx_word' id='word_1_446' title='bbox 1420 1830 1685 1866; x_wconf 84' lang='lat' dir='ltr'>admitteretur.</span> <span class='ocrx_word' id='word_1_447' title='bbox 1728 1830 1772 1867; x_wconf 90' lang='lat' dir='ltr'>Et</span> <span class='ocrx_word' id='word_1_448' title='bbox 1809 1832 1887 1868; x_wconf 81' lang='lat' dir='ltr'>haec</span> <span class='ocrx_word' id='word_1_449' title='bbox 1919 1832 2034 1868; x_wconf 88' lang='lat' dir='ltr'>voluit</span> <span class='ocrx_word' id='word_1_450' title='bbox 2063 1835 2182 1881; x_wconf 87' lang='lat' dir='ltr'>capite</span> <span class='ocrx_word' id='word_1_451' title='bbox 2199 1842 2236 1871; x_wconf 90' lang='lat' dir='ltr'>ct</span> 
     </span>
     <span class='ocr_line' id='line_1_62' title="bbox 1178 1889 2235 1934; baseline 0.009 -10"><span class='ocrx_word' id='word_1_452' title='bbox 1178 1889 1304 1934; x_wconf 87' lang='lat' dir='ltr'>quinta</span> <span class='ocrx_word' id='word_1_453' title='bbox 1326 1889 1481 1932; x_wconf 88' lang='lat' dir='ltr'>restitui,</span> <span class='ocrx_word' id='word_1_454' title='bbox 1499 1901 1571 1926; x_wconf 93' lang='lat' dir='ltr'>non</span> <span class='ocrx_word' id='word_1_455' title='bbox 1589 1891 1683 1927; x_wconf 88' lang='lat' dir='ltr'>sicut</span> <span class='ocrx_word' id='word_1_456' title='bbox 1696 1892 1792 1928; x_wconf 83' lang='lat' dir='ltr'>furta</span> <span class='ocrx_word' id='word_1_457' title='bbox 1813 1894 1960 1929; x_wconf 86' lang='lat' dir='ltr'>mutari.</span> <span class='ocrx_word' id='word_1_458' title='bbox 1980 1894 2070 1930; x_wconf 90' lang='lat' dir='ltr'>Nam</span> <span class='ocrx_word' id='word_1_459' title='bbox 2090 1896 2121 1932; x_wconf 92' lang='lat' dir='ltr'>si</span> <span class='ocrx_word' id='word_1_460' title='bbox 2138 1894 2235 1933; x_wconf 81' lang='lat' dir='ltr'>furta</span> 
     </span>
     <span class='ocr_line' id='line_1_63' title="bbox 1177 1952 2234 2004; baseline 0.007 -16"><span class='ocrx_word' id='word_1_461' title='bbox 1177 1958 1214 1988; x_wconf 91' lang='lat' dir='ltr'>et</span> <span class='ocrx_word' id='word_1_462' title='bbox 1229 1952 1376 1989; x_wconf 83' lang='lat' dir='ltr'>fraudes</span> <span class='ocrx_word' id='word_1_463' title='bbox 1397 1954 1456 1989; x_wconf 89' lang='lat' dir='ltr'>hic</span> <span class='ocrx_word' id='word_1_464' title='bbox 1480 1954 1779 1999; x_wconf 87' lang='lat' dir='ltr'>intellexerimus,</span> <span class='ocrx_word' id='word_1_465' title='bbox 1798 1966 1877 2002; x_wconf 82' lang='lat' dir='ltr'>quae</span> <span class='ocrx_word' id='word_1_466' title='bbox 1894 1967 1965 1993; x_wconf 87' lang='lat' dir='ltr'>non</span> <span class='ocrx_word' id='word_1_467' title='bbox 1979 1967 2043 2004; x_wconf 90' lang='lat' dir='ltr'>per</span> <span class='ocrx_word' id='word_1_468' title='bbox 2063 1958 2234 2004; x_wconf 88' lang='lat' dir='ltr'>ignoran-</span> 
     </span>
    </p>
   </div>
   <div class='ocr_carea' id='block_1_8' title="bbox 56 2011 2236 2063">
    <p class='ocr_par' dir='ltr' id='par_1_9' title="bbox 56 2011 2236 2063">
     <span class='ocr_line' id='line_1_64' title="bbox 56 2011 2236 2063; baseline 0.002 -12"><span class='ocrx_word' id='word_1_469' title='bbox 56 2016 212 2062; x_wconf 88' lang='lat' dir='ltr'>Loquere</span> <span class='ocrx_word' id='word_1_470' title='bbox 230 2014 275 2050; x_wconf 88' lang='lat' dir='ltr'>ad</span> <span class='ocrx_word' id='word_1_471' title='bbox 303 2013 396 2060; x_wconf 82' lang='lat' dir='ltr'>filios</span> <span class='ocrx_word' id='word_1_472' title='bbox 415 2012 528 2048; x_wconf 84' lang='lat' dir='ltr'>Israel</span> <span class='ocrx_word' id='word_1_473' title='bbox 547 2020 559 2046; x_wconf 86' lang='lat'><em>:</em></span> <span class='ocrx_word' id='word_1_474' title='bbox 595 2011 658 2046; x_wconf 88' lang='lat' dir='ltr'>Vir</span> <span class='ocrx_word' id='word_1_475' title='bbox 671 2012 741 2046; x_wconf 86' lang='lat' dir='ltr'>sive</span> <span class='ocrx_word' id='word_1_476' title='bbox 761 2011 899 2053; x_wconf 86' lang='lat' dir='ltr'>mulier,</span> <span class='ocrx_word' id='word_1_477' title='bbox 922 2022 1000 2046; x_wconf 83' lang='lat' dir='ltr'>cum</span> <span class='ocrx_word' id='word_1_478' title='bbox 1021 2011 1110 2056; x_wconf 77' lang='lat' dir='ltr'>fece·</span> <span class='ocrx_word' id='word_1_479' title='bbox 1129 2022 1157 2063; x_wconf 80' lang='lat' dir='ltr'>C</span> <span class='ocrx_word' id='word_1_480' title='bbox 1180 2014 1266 2048; x_wconf 88' lang='lat' dir='ltr'>tiam</span> <span class='ocrx_word' id='word_1_481' title='bbox 1299 2013 1542 2060; x_wconf 65' lang='lat' dir='ltr'>negligentiae,</span> <span class='ocrx_word' id='word_1_482' title='bbox 1573 2015 1636 2050; x_wconf 91' lang='lat' dir='ltr'>sed</span> <span class='ocrx_word' id='word_1_483' title='bbox 1671 2014 1814 2051; x_wconf 82' lang='lat' dir='ltr'>furandi</span> <span class='ocrx_word' id='word_1_484' title='bbox 1839 2022 1875 2051; x_wconf 86' lang='lat' dir='ltr'>et</span> <span class='ocrx_word' id='word_1_485' title='bbox 1890 2015 2079 2053; x_wconf 82' lang='lat' dir='ltr'>fraudandi</span> <span class='ocrx_word' id='word_1_486' title='bbox 2114 2019 2236 2055; x_wconf 86' lang='lat' dir='ltr'>animo</span> 
     </span>
    </p>
   </div>
   <div class='ocr_carea' id='block_1_9' title="bbox 55 2071 1111 2901">
    <p class='ocr_par' dir='ltr' id='par_1_10' title="bbox 55 2071 1111 2901">
     <span class='ocr_line' id='line_1_65' title="bbox 57 2071 1109 2120; baseline -0.006 -9"><span class='ocrx_word' id='word_1_487' title='bbox 57 2077 124 2111; x_wconf 87' lang='lat' dir='ltr'>rint</span> <span class='ocrx_word' id='word_1_488' title='bbox 155 2086 197 2111; x_wconf 83' lang='lat' dir='ltr'>ex</span> <span class='ocrx_word' id='word_1_489' title='bbox 225 2074 382 2110; x_wconf 78' lang='lat' dir='ltr'>omnibus</span> <span class='ocrx_word' id='word_1_490' title='bbox 413 2073 560 2120; x_wconf 86' lang='lat' dir='ltr'>peccatis</span> <span class='ocrx_word' id='word_1_491' title='bbox 576 2082 652 2119; x_wconf 79' lang='lat' dir='ltr'>quse</span> <span class='ocrx_word' id='word_1_492' title='bbox 679 2071 789 2106; x_wconf 88' lang='lat' dir='ltr'>solent</span> <span class='ocrx_word' id='word_1_493' title='bbox 802 2071 998 2106; x_wconf 81' lang='lat' dir='ltr'>hominibus</span> <span class='ocrx_word' id='word_1_494' title='bbox 1017 2071 1109 2106; x_wconf 81' lang='lat' dir='ltr'>acci-</span> 
     </span>
     <span class='ocr_line' id='line_1_66' title="bbox 57 2131 1107 2182; baseline -0.006 -10"><span class='ocrx_word' id='word_1_495' title='bbox 57 2136 151 2179; x_wconf 85' lang='lat' dir='ltr'>dere,</span> <span class='ocrx_word' id='word_1_496' title='bbox 170 2142 201 2172; x_wconf 88' lang='lat' dir='ltr'>et</span> <span class='ocrx_word' id='word_1_497' title='bbox 216 2147 276 2182; x_wconf 86' lang='lat' dir='ltr'>per</span> <span class='ocrx_word' id='word_1_498' title='bbox 291 2134 534 2181; x_wconf 72' lang='lat' dir='ltr'>neqliqentiam</span> <span class='ocrx_word' id='word_1_499' title='bbox 549 2132 739 2179; x_wconf 73' lang='lat' dir='ltr'>tranqressi</span> <span class='ocrx_word' id='word_1_500' title='bbox 757 2131 886 2177; x_wconf 78' lang='lat' dir='ltr'>suerint</span> <span class='ocrx_word' id='word_1_501' title='bbox 902 2132 1107 2167; x_wconf 85' lang='lat' dir='ltr'>mandatum</span> 
     </span>
     <span class='ocr_line' id='line_1_67' title="bbox 57 2192 1109 2243; baseline -0.005 -10"><span class='ocrx_word' id='word_1_502' title='bbox 57 2197 199 2233; x_wconf 80' lang='lat' dir='ltr'>Domini</span> <span class='ocrx_word' id='word_1_503' title='bbox 234 2202 336 2243; x_wconf 88' lang='lat' dir='ltr'>atque</span> <span class='ocrx_word' id='word_1_504' title='bbox 370 2194 593 2240; x_wconf 83' lang='lat' dir='ltr'>deliquerint,</span> <span class='ocrx_word' id='word_1_505' title='bbox 634 2192 889 2238; x_wconf 82' lang='lat' dir='ltr'>confitebuntur</span> <span class='ocrx_word' id='word_1_506' title='bbox 926 2198 1109 2238; x_wconf 86' lang='lat' dir='ltr'>peccatum</span> 
     </span>
     <span class='ocr_line' id='line_1_68' title="bbox 57 2254 1110 2304; baseline -0.005 -10"><span class='ocrx_word' id='word_1_507' title='bbox 57 2270 174 2302; x_wconf 82' lang='lat' dir='ltr'>suum,</span> <span class='ocrx_word' id='word_1_508' title='bbox 194 2264 224 2294; x_wconf 86' lang='lat' dir='ltr'>et</span> <span class='ocrx_word' id='word_1_509' title='bbox 241 2258 384 2294; x_wconf 74' lang='lat' dir='ltr'>reddent</span> <span class='ocrx_word' id='word_1_510' title='bbox 399 2258 511 2304; x_wconf 86' lang='lat' dir='ltr'>ipsum</span> <span class='ocrx_word' id='word_1_511' title='bbox 527 2260 644 2302; x_wconf 88' lang='lat' dir='ltr'>caput,</span> <span class='ocrx_word' id='word_1_512' title='bbox 661 2255 886 2301; x_wconf 85' lang='lat' dir='ltr'>quintamque</span> <span class='ocrx_word' id='word_1_513' title='bbox 900 2261 1034 2301; x_wconf 87' lang='lat' dir='ltr'>partem</span> <span class='ocrx_word' id='word_1_514' title='bbox 1050 2254 1110 2290; x_wconf 90' lang='lat' dir='ltr'>de-</span> 
     </span>
     <span class='ocr_line' id='line_1_69' title="bbox 56 2314 1110 2366; baseline -0.007 -10"><span class='ocrx_word' id='word_1_515' title='bbox 56 2331 159 2366; x_wconf 81' lang='lat' dir='ltr'>super</span> <span class='ocrx_word' id='word_1_516' title='bbox 182 2320 212 2354; x_wconf 92' lang='lat' dir='ltr'>ei</span> <span class='ocrx_word' id='word_1_517' title='bbox 231 2319 268 2353; x_wconf 87' lang='lat' dir='ltr'>in</span> <span class='ocrx_word' id='word_1_518' title='bbox 285 2329 385 2365; x_wconf 89' lang='lat' dir='ltr'>quem</span> <span class='ocrx_word' id='word_1_519' title='bbox 419 2316 647 2364; x_wconf 82' lang='lat' dir='ltr'>peccaverint.</span> <span class='ocrx_word' id='word_1_520' title='bbox 672 2314 735 2351; x_wconf 85' lang='lat' dir='ltr'>Sin</span> <span class='ocrx_word' id='word_1_521' title='bbox 761 2321 876 2350; x_wconf 87' lang='lat' dir='ltr'>aulem</span> <span class='ocrx_word' id='word_1_522' title='bbox 901 2326 970 2350; x_wconf 90' lang='lat' dir='ltr'>non</span> <span class='ocrx_word' id='word_1_523' title='bbox 1005 2315 1110 2360; x_wconf 77' lang='lat' dir='ltr'>suerit</span> 
     </span>
     <span class='ocr_line' id='line_1_70' title="bbox 57 2375 1108 2426; baseline -0.004 -12"><span class='ocrx_word' id='word_1_524' title='bbox 57 2379 114 2426; x_wconf 86' lang='lat' dir='ltr'>qui</span> <span class='ocrx_word' id='word_1_525' title='bbox 151 2379 309 2423; x_wconf 85' lang='lat' dir='ltr'>recipiat,</span> <span class='ocrx_word' id='word_1_526' title='bbox 351 2378 483 2413; x_wconf 82' lang='lat' dir='ltr'>dabunt</span> <span class='ocrx_word' id='word_1_527' title='bbox 516 2377 666 2412; x_wconf 85' lang='lat' dir='ltr'>Domino</span> <span class='ocrx_word' id='word_1_528' title='bbox 700 2382 732 2412; x_wconf 90' lang='lat' dir='ltr'>et</span> <span class='ocrx_word' id='word_1_529' title='bbox 770 2382 870 2411; x_wconf 87' lang='lat' dir='ltr'>erunt</span> <span class='ocrx_word' id='word_1_530' title='bbox 901 2375 1108 2419; x_wconf 83' lang='lat' dir='ltr'>sacerdotis,</span> 
     </span>
     <span class='ocr_line' id='line_1_71' title="bbox 56 2435 1111 2484; baseline -0.003 -10"><span class='ocrx_word' id='word_1_531' title='bbox 56 2445 195 2484; x_wconf 75' lang='lat' dir='ltr'>excepto</span> <span class='ocrx_word' id='word_1_532' title='bbox 226 2439 333 2474; x_wconf 86' lang='lat' dir='ltr'>ariete</span> <span class='ocrx_word' id='word_1_533' title='bbox 359 2438 418 2484; x_wconf 88' lang='lat' dir='ltr'>qui</span> <span class='ocrx_word' id='word_1_534' title='bbox 438 2438 585 2483; x_wconf 81' lang='lat' dir='ltr'>offertur</span> <span class='ocrx_word' id='word_1_535' title='bbox 600 2448 662 2483; x_wconf 89' lang='lat' dir='ltr'>pro</span> <span class='ocrx_word' id='word_1_536' title='bbox 680 2437 891 2484; x_wconf 76' lang='lat' dir='ltr'>expiatione,</span> <span class='ocrx_word' id='word_1_537' title='bbox 914 2443 952 2472; x_wconf 89' lang='lat' dir='ltr'>ut</span> <span class='ocrx_word' id='word_1_538' title='bbox 973 2436 1015 2472; x_wconf 85' lang='lat' dir='ltr'>sit</span> <span class='ocrx_word' id='word_1_539' title='bbox 1034 2435 1111 2483; x_wconf 85' lang='lat' dir='ltr'>pla-</span> 
     </span>
     <span class='ocr_line' id='line_1_72' title="bbox 57 2495 1111 2542; baseline -0.004 -9"><span class='ocrx_word' id='word_1_540' title='bbox 57 2498 177 2533; x_wconf 82' lang='lat' dir='ltr'>cabilis</span> <span class='ocrx_word' id='word_1_541' title='bbox 196 2498 323 2533; x_wconf 78' lang='lat' dir='ltr'>hostia.</span> <span class='ocrx_word' id='word_1_542' title='bbox 347 2497 444 2533; x_wconf 82' lang='lat' dir='ltr'>Lxx</span> <span class='ocrx_word' id='word_1_543' title='bbox 462 2510 469 2532; x_wconf 93' lang='lat'>:</span> <span class='ocrx_word' id='word_1_544' title='bbox 499 2497 562 2532; x_wconf 86' lang='lat' dir='ltr'>Vir</span> <span class='ocrx_word' id='word_1_545' title='bbox 577 2503 638 2532; x_wconf 92' lang='lat' dir='ltr'>aut</span> <span class='ocrx_word' id='word_1_546' title='bbox 654 2496 1002 2542; x_wconf 86' lang='lat' dir='ltr'>mulier,quicnnque</span> <span class='ocrx_word' id='word_1_547' title='bbox 1022 2495 1111 2540; x_wconf 81' lang='lat' dir='ltr'>sece-</span> 
     </span>
     <span class='ocr_line' id='line_1_73' title="bbox 57 2555 1111 2602; baseline -0.004 -10"><span class='ocrx_word' id='word_1_548' title='bbox 57 2558 102 2592; x_wconf 84' lang='lat' dir='ltr'>rit</span> <span class='ocrx_word' id='word_1_549' title='bbox 122 2558 163 2592; x_wconf 83' lang='lat' dir='ltr'>ab</span> <span class='ocrx_word' id='word_1_550' title='bbox 188 2557 347 2592; x_wconf 84' lang='lat' dir='ltr'>omnibus</span> <span class='ocrx_word' id='word_1_551' title='bbox 367 2557 515 2602; x_wconf 85' lang='lat' dir='ltr'>peccatis</span> <span class='ocrx_word' id='word_1_552' title='bbox 546 2557 725 2599; x_wconf 83' lang='lat' dir='ltr'>humanis,</span> <span class='ocrx_word' id='word_1_553' title='bbox 758 2563 789 2591; x_wconf 87' lang='lat' dir='ltr'>et</span> <span class='ocrx_word' id='word_1_554' title='bbox 827 2556 1019 2601; x_wconf 85' lang='lat' dir='ltr'>despiciens</span> <span class='ocrx_word' id='word_1_555' title='bbox 1051 2555 1111 2589; x_wconf 87' lang='lat' dir='ltr'>de-</span> 
     </span>
     <span class='ocr_line' id='line_1_74' title="bbox 55 2615 1110 2663; baseline -0.004 -11"><span class='ocrx_word' id='word_1_556' title='bbox 55 2618 206 2663; x_wconf 84' lang='lat' dir='ltr'>spexerit</span> <span class='ocrx_word' id='word_1_557' title='bbox 219 2622 251 2651; x_wconf 89' lang='lat' dir='ltr'>et</span> <span class='ocrx_word' id='word_1_558' title='bbox 265 2616 462 2662; x_wconf 80' lang='lat' dir='ltr'>deliquerit,</span> <span class='ocrx_word' id='word_1_559' title='bbox 479 2616 597 2650; x_wconf 87' lang='lat' dir='ltr'>anima</span> <span class='ocrx_word' id='word_1_560' title='bbox 612 2615 676 2649; x_wconf 88' lang='lat' dir='ltr'>illa</span> <span class='ocrx_word' id='word_1_561' title='bbox 692 2615 915 2649; x_wconf 76' lang='lat' dir='ltr'>anmtntiabit</span> <span class='ocrx_word' id='word_1_562' title='bbox 931 2619 1110 2659; x_wconf 86' lang='lat' dir='ltr'>peccatum</span> 
     </span>
     <span class='ocr_line' id='line_1_75' title="bbox 56 2674 1110 2724; baseline -0.004 -12"><span class='ocrx_word' id='word_1_563' title='bbox 56 2676 148 2724; x_wconf 87' lang='lat' dir='ltr'>quod</span> <span class='ocrx_word' id='word_1_564' title='bbox 168 2676 334 2722; x_wconf 84' lang='lat' dir='ltr'>peccavit,</span> <span class='ocrx_word' id='word_1_565' title='bbox 354 2681 386 2710; x_wconf 93' lang='lat' dir='ltr'>et</span> <span class='ocrx_word' id='word_1_566' title='bbox 415 2675 570 2710; x_wconf 84' lang='lat' dir='ltr'>restituet</span> <span class='ocrx_word' id='word_1_567' title='bbox 586 2674 765 2717; x_wconf 86' lang='lat' dir='ltr'>delictum,</span> <span class='ocrx_word' id='word_1_568' title='bbox 790 2680 821 2709; x_wconf 87' lang='lat' dir='ltr'>et</span> <span class='ocrx_word' id='word_1_569' title='bbox 849 2675 1010 2720; x_wconf 77' lang='lat' dir='ltr'>quintam</span> <span class='ocrx_word' id='word_1_570' title='bbox 1034 2674 1110 2720; x_wconf 88' lang='lat' dir='ltr'>ejus</span> 
     </span>
     <span class='ocr_line' id='line_1_76' title="bbox 56 2732 1111 2780; baseline -0.002 -10"><span class='ocrx_word' id='word_1_571' title='bbox 56 2735 199 2780; x_wconf 85' lang='lat' dir='ltr'>adjiciet</span> <span class='ocrx_word' id='word_1_572' title='bbox 212 2744 317 2778; x_wconf 88' lang='lat' dir='ltr'>super</span> <span class='ocrx_word' id='word_1_573' title='bbox 337 2733 440 2776; x_wconf 88' lang='lat' dir='ltr'>illud,</span> <span class='ocrx_word' id='word_1_574' title='bbox 455 2739 485 2768; x_wconf 91' lang='lat' dir='ltr'>et</span> <span class='ocrx_word' id='word_1_575' title='bbox 503 2732 622 2768; x_wconf 87' lang='lat' dir='ltr'>reddet</span> <span class='ocrx_word' id='word_1_576' title='bbox 636 2733 668 2768; x_wconf 91' lang='lat' dir='ltr'>ei</span> <span class='ocrx_word' id='word_1_577' title='bbox 682 2733 739 2767; x_wconf 86' lang='lat' dir='ltr'>cui</span> <span class='ocrx_word' id='word_1_578' title='bbox 753 2732 912 2779; x_wconf 83' lang='lat' dir='ltr'>deliquit.</span> <span class='ocrx_word' id='word_1_579' title='bbox 933 2732 974 2769; x_wconf 91' lang='lat' dir='ltr'>Si</span> <span class='ocrx_word' id='word_1_580' title='bbox 994 2739 1111 2768; x_wconf 84' lang='lat' dir='ltr'>autem</span> 
     </span>
     <span class='ocr_line' id='line_1_77' title="bbox 58 2793 1110 2840; baseline -0.001 -10"><span class='ocrx_word' id='word_1_581' title='bbox 58 2806 127 2831; x_wconf 70' lang='lat' dir='ltr'>raon</span> <span class='ocrx_word' id='word_1_582' title='bbox 147 2794 251 2840; x_wconf 72' lang='lat' dir='ltr'>[uerit</span> <span class='ocrx_word' id='word_1_583' title='bbox 270 2794 403 2829; x_wconf 82' lang='lat' dir='ltr'>homini</span> <span class='ocrx_word' id='word_1_584' title='bbox 421 2793 615 2839; x_wconf 81' lang='lat' dir='ltr'>proximus,</span> <span class='ocrx_word' id='word_1_585' title='bbox 631 2793 682 2827; x_wconf 81' lang='lat' dir='ltr'>ica</span> <span class='ocrx_word' id='word_1_586' title='bbox 702 2798 738 2827; x_wconf 86' lang='lat' dir='ltr'>ut</span> <span class='ocrx_word' id='word_1_587' title='bbox 755 2793 879 2828; x_wconf 86' lang='lat' dir='ltr'>reddat</span> <span class='ocrx_word' id='word_1_588' title='bbox 899 2793 930 2828; x_wconf 89' lang='lat' dir='ltr'>ei</span> <span class='ocrx_word' id='word_1_589' title='bbox 945 2793 1110 2829; x_wconf 87' lang='lat' dir='ltr'>delictum</span> 
     </span>
     <span class='ocr_line' id='line_1_78' title="bbox 59 2852 1110 2901; baseline -0.002 -10"><span class='ocrx_word' id='word_1_590' title='bbox 59 2855 104 2891; x_wconf 85' lang='lat' dir='ltr'>ad</span> <span class='ocrx_word' id='word_1_591' title='bbox 128 2856 242 2901; x_wconf 78' lang='lat' dir='ltr'>ipsum</span> <span class='ocrx_word' id='word_1_592' title='bbox 278 2853 442 2889; x_wconf 86' lang='lat' dir='ltr'>delictum</span> <span class='ocrx_word' id='word_1_593' title='bbox 473 2854 566 2899; x_wconf 87' lang='lat' dir='ltr'>quod</span> <span class='ocrx_word' id='word_1_594' title='bbox 591 2852 702 2888; x_wconf 86' lang='lat' dir='ltr'>reddit</span> <span class='ocrx_word' id='word_1_595' title='bbox 736 2853 887 2889; x_wconf 88' lang='lat' dir='ltr'>Domino</span> <span class='ocrx_word' id='word_1_596' title='bbox 919 2854 1110 2889; x_wconf 86' lang='lat' dir='ltr'>sacerdotis</span> 
     </span>
    </p>
   </div>
   <div class='ocr_carea' id='block_1_10' title="bbox 1175 2075 2238 2907">
    <p class='ocr_par' dir='ltr' id='par_1_11' title="bbox 1175 2075 2238 2907">
     <span class='ocr_line' id='line_1_79' title="bbox 1179 2075 2236 2124; baseline 0.006 -15"><span class='ocrx_word' id='word_1_597' title='bbox 1179 2075 1472 2118; x_wconf 80' lang='lat' dir='ltr'>committuntur,</span> <span class='ocrx_word' id='word_1_598' title='bbox 1511 2080 1547 2111; x_wconf 90' lang='lat' dir='ltr'>et</span> <span class='ocrx_word' id='word_1_599' title='bbox 1569 2075 1649 2111; x_wconf 90' lang='lat' dir='ltr'>ideo</span> <span class='ocrx_word' id='word_1_600' title='bbox 1672 2076 1767 2112; x_wconf 89' lang='lat' dir='ltr'>dicta</span> <span class='ocrx_word' id='word_1_601' title='bbox 1801 2077 1960 2113; x_wconf 84' lang='lat' dir='ltr'>humana</span> <span class='ocrx_word' id='word_1_602' title='bbox 1983 2079 2068 2124; x_wconf 89' lang='lat' dir='ltr'>quia</span> <span class='ocrx_word' id='word_1_603' title='bbox 2105 2080 2141 2114; x_wconf 86' lang='lat' dir='ltr'>in</span> <span class='ocrx_word' id='word_1_604' title='bbox 2168 2081 2236 2115; x_wconf 91' lang='lat' dir='ltr'>ho-</span> 
     </span>
     <span class='ocr_line' id='line_1_80' title="bbox 1179 2135 2238 2181; baseline 0.006 -10"><span class='ocrx_word' id='word_1_605' title='bbox 1179 2135 1295 2171; x_wconf 90' lang='lat' dir='ltr'>mines</span> <span class='ocrx_word' id='word_1_606' title='bbox 1314 2135 1419 2179; x_wconf 84' lang='lat' dir='ltr'>fiunt,</span> <span class='ocrx_word' id='word_1_607' title='bbox 1438 2136 1510 2178; x_wconf 90' lang='lat' dir='ltr'>ille,</span> <span class='ocrx_word' id='word_1_608' title='bbox 1533 2137 1570 2171; x_wconf 93' lang='lat' dir='ltr'>ni</span> <span class='ocrx_word' id='word_1_609' title='bbox 1585 2135 1702 2181; x_wconf 82' lang='lat' dir='ltr'>fallor,</span> <span class='ocrx_word' id='word_1_610' title='bbox 1721 2137 1791 2173; x_wconf 90' lang='lat' dir='ltr'>erit</span> <span class='ocrx_word' id='word_1_611' title='bbox 1807 2138 1925 2175; x_wconf 89' lang='lat' dir='ltr'>exitus</span> <span class='ocrx_word' id='word_1_612' title='bbox 1942 2140 2152 2179; x_wconf 80' lang='lat' dir='ltr'>quaestionis</span> <span class='ocrx_word' id='word_1_613' title='bbox 2171 2141 2238 2177; x_wconf 89' lang='lat' dir='ltr'>hu-</span> 
     </span>
     <span class='ocr_line' id='line_1_81' title="bbox 1175 2196 2237 2247; baseline 0.008 -17"><span class='ocrx_word' id='word_1_614' title='bbox 1175 2196 1246 2243; x_wconf 88' lang='lat' dir='ltr'>jus,</span> <span class='ocrx_word' id='word_1_615' title='bbox 1269 2201 1308 2230; x_wconf 89' lang='lat' dir='ltr'>ut</span> <span class='ocrx_word' id='word_1_616' title='bbox 1335 2196 1416 2232; x_wconf 85' lang='lat' dir='ltr'>ideo</span> <span class='ocrx_word' id='word_1_617' title='bbox 1446 2197 1507 2243; x_wconf 91' lang='lat' dir='ltr'>qui</span> <span class='ocrx_word' id='word_1_618' title='bbox 1527 2196 1614 2234; x_wconf 84' lang='lat' dir='ltr'>fecit</span> <span class='ocrx_word' id='word_1_619' title='bbox 1648 2207 1721 2234; x_wconf 92' lang='lat' dir='ltr'>non</span> <span class='ocrx_word' id='word_1_620' title='bbox 1739 2198 1866 2234; x_wconf 87' lang='lat' dir='ltr'>reddat</span> <span class='ocrx_word' id='word_1_621' title='bbox 1884 2200 1953 2236; x_wconf 81' lang='lat' dir='ltr'>nisi</span> <span class='ocrx_word' id='word_1_622' title='bbox 1970 2200 2133 2246; x_wconf 92' lang='lat' dir='ltr'>duplum,</span> <span class='ocrx_word' id='word_1_623' title='bbox 2152 2202 2237 2247; x_wconf 90' lang='lat' dir='ltr'>quia</span> 
     </span>
     <span class='ocr_line' id='line_1_82' title="bbox 1178 2257 2238 2307; baseline 0.007 -16"><span class='ocrx_word' id='word_1_624' title='bbox 1178 2265 1250 2291; x_wconf 92' lang='lat' dir='ltr'>non</span> <span class='ocrx_word' id='word_1_625' title='bbox 1270 2257 1591 2302; x_wconf 86' lang='lat' dir='ltr'>comprehenditur</span> <span class='ocrx_word' id='word_1_626' title='bbox 1610 2257 1667 2294; x_wconf 91' lang='lat' dir='ltr'>vel</span> <span class='ocrx_word' id='word_1_627' title='bbox 1698 2258 1935 2302; x_wconf 87' lang='lat' dir='ltr'>convincitur,</span> <span class='ocrx_word' id='word_1_628' title='bbox 1976 2261 2039 2296; x_wconf 88' lang='lat' dir='ltr'>sed</span> <span class='ocrx_word' id='word_1_629' title='bbox 2071 2261 2238 2307; x_wconf 88' lang='lat' dir='ltr'>ignoran-</span> 
     </span>
     <span class='ocr_line' id='line_1_83' title="bbox 1178 2315 2237 2366; baseline 0.005 -15"><span class='ocrx_word' id='word_1_630' title='bbox 1178 2315 1275 2351; x_wconf 90' lang='lat' dir='ltr'>tibus</span> <span class='ocrx_word' id='word_1_631' title='bbox 1298 2325 1318 2350; x_wconf 89' lang='lat' dir='ltr'>a</span> <span class='ocrx_word' id='word_1_632' title='bbox 1347 2326 1419 2361; x_wconf 93' lang='lat' dir='ltr'>quo</span> <span class='ocrx_word' id='word_1_633' title='bbox 1450 2315 1587 2351; x_wconf 88' lang='lat' dir='ltr'>factum</span> <span class='ocrx_word' id='word_1_634' title='bbox 1618 2316 1666 2352; x_wconf 89' lang='lat' dir='ltr'>sit</span> <span class='ocrx_word' id='word_1_635' title='bbox 1684 2316 1741 2352; x_wconf 89' lang='lat' dir='ltr'>vel</span> <span class='ocrx_word' id='word_1_636' title='bbox 1768 2322 1891 2353; x_wconf 90' lang='lat' dir='ltr'>utrum</span> <span class='ocrx_word' id='word_1_637' title='bbox 1911 2317 2046 2354; x_wconf 80' lang='lat' dir='ltr'>sactum</span> <span class='ocrx_word' id='word_1_638' title='bbox 2076 2320 2136 2363; x_wconf 90' lang='lat' dir='ltr'>sit,</span> <span class='ocrx_word' id='word_1_639' title='bbox 2160 2321 2237 2366; x_wconf 92' lang='lat' dir='ltr'>ipse</span> 
     </span>
     <span class='ocr_line' id='line_1_84' title="bbox 1180 2374 2238 2425; baseline 0.003 -14"><span class='ocrx_word' id='word_1_640' title='bbox 1180 2375 1371 2411; x_wconf 87' lang='lat' dir='ltr'>annuntiat</span> <span class='ocrx_word' id='word_1_641' title='bbox 1388 2374 1559 2411; x_wconf 89' lang='lat' dir='ltr'>delictum</span> <span class='ocrx_word' id='word_1_642' title='bbox 1580 2385 1697 2411; x_wconf 87' lang='lat' dir='ltr'>suum.</span> <span class='ocrx_word' id='word_1_643' title='bbox 1722 2375 1811 2411; x_wconf 90' lang='lat' dir='ltr'>Cum</span> <span class='ocrx_word' id='word_1_644' title='bbox 1833 2377 1929 2412; x_wconf 89' lang='lat' dir='ltr'>enim</span> <span class='ocrx_word' id='word_1_645' title='bbox 1950 2378 2101 2414; x_wconf 83' lang='lat' dir='ltr'>dixisset</span> <span class='ocrx_word' id='word_1_646' title='bbox 2118 2378 2238 2425; x_wconf 89' lang='lat' dir='ltr'>Scrip-</span> 
     </span>
     <span class='ocr_line' id='line_1_85' title="bbox 1179 2433 2236 2481; baseline 0.002 -10"><span class='ocrx_word' id='word_1_647' title='bbox 1179 2441 1287 2471; x_wconf 87' lang='lat' dir='ltr'>tura:</span> <span class='ocrx_word' id='word_1_648' title='bbox 1318 2433 1379 2469; x_wconf 86' lang='lat' dir='ltr'>Vir</span> <span class='ocrx_word' id='word_1_649' title='bbox 1398 2440 1458 2469; x_wconf 89' lang='lat' dir='ltr'>aut</span> <span class='ocrx_word' id='word_1_650' title='bbox 1475 2433 1615 2478; x_wconf 87' lang='lat' dir='ltr'>mulier,</span> <span class='ocrx_word' id='word_1_651' title='bbox 1643 2435 1839 2481; x_wconf 85' lang='lat' dir='ltr'>quicunque</span> <span class='ocrx_word' id='word_1_652' title='bbox 1856 2435 1975 2480; x_wconf 67' lang='lat' dir='ltr'>fecerit</span> <span class='ocrx_word' id='word_1_653' title='bbox 2006 2436 2049 2471; x_wconf 86' lang='lat' dir='ltr'>ab</span> <span class='ocrx_word' id='word_1_654' title='bbox 2076 2438 2236 2474; x_wconf 81' lang='lat' dir='ltr'>omnibus</span> 
     </span>
     <span class='ocr_line' id='line_1_86' title="bbox 1178 2493 2235 2544; baseline 0.003 -14"><span class='ocrx_word' id='word_1_655' title='bbox 1178 2494 1328 2541; x_wconf 81' lang='lat' dir='ltr'>peccatis</span> <span class='ocrx_word' id='word_1_656' title='bbox 1345 2494 1524 2536; x_wconf 84' lang='lat' dir='ltr'>humanis,</span> <span class='ocrx_word' id='word_1_657' title='bbox 1542 2499 1576 2528; x_wconf 91' lang='lat' dir='ltr'>et</span> <span class='ocrx_word' id='word_1_658' title='bbox 1604 2493 1795 2540; x_wconf 85' lang='lat' dir='ltr'>despiciens</span> <span class='ocrx_word' id='word_1_659' title='bbox 1815 2495 2008 2540; x_wconf 78' lang='lat' dir='ltr'>despexerit</span> <span class='ocrx_word' id='word_1_660' title='bbox 2026 2502 2057 2531; x_wconf 86' lang='lat' dir='ltr'>et</span> <span class='ocrx_word' id='word_1_661' title='bbox 2078 2496 2235 2544; x_wconf 86' lang='lat' dir='ltr'>delique-</span> 
     </span>
     <span class='ocr_line' id='line_1_87' title="bbox 1180 2554 2237 2604; baseline 0.003 -14"><span class='ocrx_word' id='word_1_662' title='bbox 1180 2555 1240 2598; x_wconf 89' lang='lat' dir='ltr'>rit,</span> <span class='ocrx_word' id='word_1_663' title='bbox 1268 2555 1303 2590; x_wconf 92' lang='lat' dir='ltr'>id</span> <span class='ocrx_word' id='word_1_664' title='bbox 1333 2559 1402 2596; x_wconf 87' lang='lat' dir='ltr'>est,</span> <span class='ocrx_word' id='word_1_665' title='bbox 1425 2554 1690 2589; x_wconf 90' lang='lat' dir='ltr'>contemnendo</span> <span class='ocrx_word' id='word_1_666' title='bbox 1708 2554 1777 2589; x_wconf 86' lang='lat' dir='ltr'>ista</span> <span class='ocrx_word' id='word_1_667' title='bbox 1811 2555 2047 2599; x_wconf 89' lang='lat' dir='ltr'>commiserit,</span> <span class='ocrx_word' id='word_1_668' title='bbox 2072 2556 2237 2604; x_wconf 88' lang='lat' dir='ltr'>adjunxit</span> 
     </span>
     <span class='ocr_line' id='line_1_88' title="bbox 1179 2615 2236 2666; baseline 0.004 -14"><span class='ocrx_word' id='word_1_669' title='bbox 1179 2622 1215 2652; x_wconf 91' lang='lat' dir='ltr'>et</span> <span class='ocrx_word' id='word_1_670' title='bbox 1234 2616 1284 2652; x_wconf 91' lang='lat' dir='ltr'>ait</span> <span class='ocrx_word' id='word_1_671' title='bbox 1313 2627 1321 2651; x_wconf 88' lang='lat'>:</span> <span class='ocrx_word' id='word_1_672' title='bbox 1343 2617 1472 2651; x_wconf 87' lang='lat' dir='ltr'>Anima</span> <span class='ocrx_word' id='word_1_673' title='bbox 1499 2615 1563 2651; x_wconf 87' lang='lat' dir='ltr'>illa</span> <span class='ocrx_word' id='word_1_674' title='bbox 1580 2616 1802 2652; x_wconf 85' lang='lat' dir='ltr'>annuntiabit</span> <span class='ocrx_word' id='word_1_675' title='bbox 1835 2624 2014 2664; x_wconf 84' lang='lat' dir='ltr'>peccatum</span> <span class='ocrx_word' id='word_1_676' title='bbox 2047 2620 2138 2666; x_wconf 87' lang='lat' dir='ltr'>quod</span> <span class='ocrx_word' id='word_1_677' title='bbox 2157 2631 2236 2666; x_wconf 84' lang='lat' dir='ltr'>pec-</span> 
     </span>
     <span class='ocr_line' id='line_1_89' title="bbox 1179 2676 2234 2725; baseline 0.004 -13"><span class='ocrx_word' id='word_1_678' title='bbox 1179 2677 1282 2720; x_wconf 86' lang='lat' dir='ltr'>cavit,</span> <span class='ocrx_word' id='word_1_679' title='bbox 1305 2682 1338 2712; x_wconf 92' lang='lat' dir='ltr'>et</span> <span class='ocrx_word' id='word_1_680' title='bbox 1364 2677 1518 2712; x_wconf 82' lang='lat' dir='ltr'>restituet</span> <span class='ocrx_word' id='word_1_681' title='bbox 1561 2676 1741 2720; x_wconf 86' lang='lat' dir='ltr'>delictum,</span> <span class='ocrx_word' id='word_1_682' title='bbox 1777 2684 1880 2721; x_wconf 86' lang='lat' dir='ltr'>caput</span> <span class='ocrx_word' id='word_1_683' title='bbox 1904 2683 1935 2713; x_wconf 90' lang='lat' dir='ltr'>et</span> <span class='ocrx_word' id='word_1_684' title='bbox 1965 2679 2122 2724; x_wconf 84' lang='lat' dir='ltr'>quintam</span> <span class='ocrx_word' id='word_1_685' title='bbox 2145 2691 2234 2725; x_wconf 70' lang='lat' dir='ltr'>ejus.</span> 
     </span>
     <span class='ocr_line' id='line_1_90' title="bbox 1179 2737 2234 2784; baseline 0.004 -11"><span class='ocrx_word' id='word_1_686' title='bbox 1179 2737 1288 2773; x_wconf 90' lang='lat' dir='ltr'>Forte</span> <span class='ocrx_word' id='word_1_687' title='bbox 1304 2747 1390 2784; x_wconf 88' lang='lat' dir='ltr'>ergo</span> <span class='ocrx_word' id='word_1_688' title='bbox 1404 2742 1597 2783; x_wconf 88' lang='lat' dir='ltr'>propterea</span> <span class='ocrx_word' id='word_1_689' title='bbox 1615 2742 1770 2780; x_wconf 90' lang='lat' dir='ltr'>tantum,</span> <span class='ocrx_word' id='word_1_690' title='bbox 1790 2738 1873 2784; x_wconf 77' lang='lat' dir='ltr'>quia</span> <span class='ocrx_word' id='word_1_691' title='bbox 1893 2738 1968 2783; x_wconf 89' lang='lat' dir='ltr'>ipse</span> <span class='ocrx_word' id='word_1_692' title='bbox 1982 2740 2234 2776; x_wconf 86' lang='lat' dir='ltr'>annuntiavit:</span> 
     </span>
     <span class='ocr_line' id='line_1_91' title="bbox 1180 2797 2236 2846; baseline 0.004 -13"><span class='ocrx_word' id='word_1_693' title='bbox 1180 2802 1216 2833; x_wconf 91' lang='lat' dir='ltr'>et</span> <span class='ocrx_word' id='word_1_694' title='bbox 1252 2797 1334 2834; x_wconf 89' lang='lat' dir='ltr'>ideo</span> <span class='ocrx_word' id='word_1_695' title='bbox 1369 2808 1441 2833; x_wconf 90' lang='lat' dir='ltr'>non</span> <span class='ocrx_word' id='word_1_696' title='bbox 1468 2807 1511 2833; x_wconf 88' lang='lat' dir='ltr'>eo</span> <span class='ocrx_word' id='word_1_697' title='bbox 1543 2797 1674 2834; x_wconf 86' lang='lat' dir='ltr'>damno</span> <span class='ocrx_word' id='word_1_698' title='bbox 1691 2797 1903 2843; x_wconf 86' lang='lat' dir='ltr'>plectendus</span> <span class='ocrx_word' id='word_1_699' title='bbox 1928 2798 2088 2846; x_wconf 82' lang='lat' dir='ltr'>fuitque</span> <span class='ocrx_word' id='word_1_700' title='bbox 2119 2800 2236 2837; x_wconf 83' lang='lat' dir='ltr'>furem</span> 
     </span>
     <span class='ocr_line' id='line_1_92' title="bbox 1181 2858 2233 2907; baseline 0.003 -12"><span class='ocrx_word' id='word_1_701' title='bbox 1181 2859 1480 2905; x_wconf 85' lang='lat' dir='ltr'>comprehensum</span> <span class='ocrx_word' id='word_1_702' title='bbox 1521 2858 1578 2895; x_wconf 92' lang='lat' dir='ltr'>vel</span> <span class='ocrx_word' id='word_1_703' title='bbox 1632 2858 1835 2895; x_wconf 85' lang='lat' dir='ltr'>convictum</span> <span class='ocrx_word' id='word_1_704' title='bbox 1889 2859 1996 2906; x_wconf 88' lang='lat' dir='ltr'>plecti</span> <span class='ocrx_word' id='word_1_705' title='bbox 2038 2866 2233 2907; x_wconf 81' lang='lat' dir='ltr'>oporteret.</span> 
     </span>
    </p>
   </div>
   <div class='ocr_carea' id='block_1_11' title="bbox 58 2914 2235 2965">
    <p class='ocr_par' dir='ltr' id='par_1_12' title="bbox 58 2914 2235 2965">
     <span class='ocr_line' id='line_1_93' title="bbox 58 2914 2235 2965; baseline 0.003 -14"><span class='ocrx_word' id='word_1_706' title='bbox 58 2916 290 2961; x_wconf 81' lang='lat' dir='ltr'>erit,exeepto</span> <span class='ocrx_word' id='word_1_707' title='bbox 317 2914 426 2950; x_wconf 84' lang='lat' dir='ltr'>ariete</span> <span class='ocrx_word' id='word_1_708' title='bbox 453 2914 662 2959; x_wconf 81' lang='lat' dir='ltr'>expiationis</span> <span class='ocrx_word' id='word_1_709' title='bbox 691 2925 752 2960; x_wconf 86' lang='lat' dir='ltr'>per</span> <span class='ocrx_word' id='word_1_710' title='bbox 781 2925 881 2960; x_wconf 88' lang='lat' dir='ltr'>quem</span> <span class='ocrx_word' id='word_1_711' title='bbox 899 2916 1055 2950; x_wconf 83' lang='lat' dir='ltr'>exoravit</span> <span class='ocrx_word' id='word_1_712' title='bbox 1074 2916 1108 2951; x_wconf 88' lang='lat' dir='ltr'>in</span> <span class='ocrx_word' id='word_1_713' title='bbox 1127 2926 1163 2965; x_wconf 82' lang='lat'>1)</span> <span class='ocrx_word' id='word_1_714' title='bbox 1181 2918 1329 2965; x_wconf 86' lang='lat' dir='ltr'>Mystice</span> <span class='ocrx_word' id='word_1_715' title='bbox 1362 2924 1482 2954; x_wconf 87' lang='lat' dir='ltr'>autem</span> <span class='ocrx_word' id='word_1_716' title='bbox 1505 2919 1575 2955; x_wconf 91' lang='lat' dir='ltr'>hoc</span> <span class='ocrx_word' id='word_1_717' title='bbox 1608 2919 1805 2965; x_wconf 91' lang='lat' dir='ltr'>capitulum</span> <span class='ocrx_word' id='word_1_718' title='bbox 1838 2930 1902 2956; x_wconf 90' lang='lat' dir='ltr'>uos</span> <span class='ocrx_word' id='word_1_719' title='bbox 1937 2921 2120 2965; x_wconf 88' lang='lat' dir='ltr'>admonet,</span> <span class='ocrx_word' id='word_1_720' title='bbox 2142 2928 2182 2958; x_wconf 88' lang='lat' dir='ltr'>ut</span> <span class='ocrx_word' id='word_1_721' title='bbox 2205 2924 2235 2959; x_wconf 91' lang='lat' dir='ltr'>si</span> 
     </span>
    </p>
   </div>
   <div class='ocr_carea' id='block_1_12' title="bbox 58 2975 1114 3803">
    <p class='ocr_par' dir='ltr' id='par_1_13' title="bbox 58 2975 1114 3803">
     <span class='ocr_line' id='line_1_94' title="bbox 59 2975 1110 3024; baseline 0.001 -12"><span class='ocrx_word' id='word_1_722' title='bbox 59 2976 119 3012; x_wconf 88' lang='lat' dir='ltr'>illo</span> <span class='ocrx_word' id='word_1_723' title='bbox 135 2987 198 3024; x_wconf 86' lang='lat' dir='ltr'>pro</span> <span class='ocrx_word' id='word_1_724' title='bbox 208 2987 261 3012; x_wconf 91' lang='lat' dir='ltr'>eo.</span> <span class='ocrx_word' id='word_1_725' title='bbox 282 2975 348 3013; x_wconf 87' lang='lat' dir='ltr'>Hic</span> <span class='ocrx_word' id='word_1_726' title='bbox 362 2986 405 3012; x_wconf 81' lang='lat' dir='ltr'>ea</span> <span class='ocrx_word' id='word_1_727' title='bbox 419 2981 568 3022; x_wconf 86' lang='lat' dir='ltr'>peccata</span> <span class='ocrx_word' id='word_1_728' title='bbox 587 2975 822 3022; x_wconf 87' lang='lat' dir='ltr'>intelligenda</span> <span class='ocrx_word' id='word_1_729' title='bbox 841 2981 939 3020; x_wconf 68' lang='lat' dir='ltr'>sunt»,</span> <span class='ocrx_word' id='word_1_730' title='bbox 955 2987 1110 3023; x_wconf 89' lang='lat' dir='ltr'>quorum</span> 
     </span>
     <span class='ocr_line' id='line_1_95' title="bbox 60 3038 1110 3085; baseline 0.002 -10"><span class='ocrx_word' id='word_1_731' title='bbox 60 3038 96 3075; x_wconf 93' lang='lat' dir='ltr'>in</span> <span class='ocrx_word' id='word_1_732' title='bbox 122 3038 179 3075; x_wconf 92' lang='lat' dir='ltr'>his</span> <span class='ocrx_word' id='word_1_733' title='bbox 204 3038 312 3075; x_wconf 87' lang='lat' dir='ltr'>rebus</span> <span class='ocrx_word' id='word_1_734' title='bbox 341 3039 566 3085; x_wconf 88' lang='lat' dir='ltr'>perpetratio</span> <span class='ocrx_word' id='word_1_735' title='bbox 600 3043 670 3082; x_wconf 92' lang='lat' dir='ltr'>est,</span> <span class='ocrx_word' id='word_1_736' title='bbox 690 3048 769 3084; x_wconf 87' lang='lat' dir='ltr'>quae</span> <span class='ocrx_word' id='word_1_737' title='bbox 786 3040 940 3085; x_wconf 89' lang='lat' dir='ltr'>pecunia</span> <span class='ocrx_word' id='word_1_738' title='bbox 968 3041 1110 3077; x_wconf 89' lang='lat' dir='ltr'>restitui</span> 
     </span>
     <span class='ocr_line' id='line_1_96' title="bbox 58 3098 1110 3145; baseline 0.002 -10"><span class='ocrx_word' id='word_1_739' title='bbox 58 3100 184 3145; x_wconf 83' lang='lat' dir='ltr'>possit.</span> <span class='ocrx_word' id='word_1_740' title='bbox 204 3098 283 3134; x_wconf 90' lang='lat' dir='ltr'>Non</span> <span class='ocrx_word' id='word_1_741' title='bbox 302 3099 398 3134; x_wconf 90' lang='lat' dir='ltr'>enim</span> <span class='ocrx_word' id='word_1_742' title='bbox 417 3099 520 3134; x_wconf 88' lang='lat' dir='ltr'>aliter</span> <span class='ocrx_word' id='word_1_743' title='bbox 539 3099 675 3135; x_wconf 90' lang='lat' dir='ltr'>diceret</span> <span class='ocrx_word' id='word_1_744' title='bbox 692 3100 871 3145; x_wconf 89' lang='lat' dir='ltr'>quomodo</span> <span class='ocrx_word' id='word_1_745' title='bbox 886 3101 1110 3137; x_wconf 89' lang='lat' dir='ltr'>restituenda</span> 
     </span>
     <span class='ocr_line' id='line_1_97' title="bbox 59 3159 1111 3205; baseline 0.003 -10"><span class='ocrx_word' id='word_1_746' title='bbox 59 3166 158 3204; x_wconf 88' lang='lat' dir='ltr'>sunt,</span> <span class='ocrx_word' id='word_1_747' title='bbox 179 3159 248 3196; x_wconf 91' lang='lat' dir='ltr'>nisi</span> <span class='ocrx_word' id='word_1_748' title='bbox 268 3160 389 3196; x_wconf 88' lang='lat' dir='ltr'>damni</span> <span class='ocrx_word' id='word_1_749' title='bbox 406 3160 607 3205; x_wconf 88' lang='lat' dir='ltr'>pecuniarii</span> <span class='ocrx_word' id='word_1_750' title='bbox 627 3160 791 3197; x_wconf 81' lang='lat' dir='ltr'>fuissent.</span> <span class='ocrx_word' id='word_1_751' title='bbox 819 3161 995 3198; x_wconf 86' lang='lat' dir='ltr'>Jubentur</span> <span class='ocrx_word' id='word_1_752' title='bbox 1013 3163 1111 3198; x_wconf 91' lang='lat' dir='ltr'>enim</span> 
     </span>
     <span class='ocr_line' id='line_1_98' title="bbox 59 3219 1111 3268; baseline 0.003 -12"><span class='ocrx_word' id='word_1_753' title='bbox 59 3219 200 3256; x_wconf 90' lang='lat' dir='ltr'>restitui</span> <span class='ocrx_word' id='word_1_754' title='bbox 220 3225 378 3266; x_wconf 86' lang='lat' dir='ltr'>caputet</span> <span class='ocrx_word' id='word_1_755' title='bbox 396 3220 536 3266; x_wconf 89' lang='lat' dir='ltr'>quinta,</span> <span class='ocrx_word' id='word_1_756' title='bbox 552 3221 588 3256; x_wconf 92' lang='lat' dir='ltr'>id</span> <span class='ocrx_word' id='word_1_757' title='bbox 607 3227 675 3264; x_wconf 88' lang='lat' dir='ltr'>est,</span> <span class='ocrx_word' id='word_1_758' title='bbox 696 3227 811 3258; x_wconf 89' lang='lat' dir='ltr'>totum</span> <span class='ocrx_word' id='word_1_759' title='bbox 830 3222 916 3258; x_wconf 90' lang='lat' dir='ltr'>illud</span> <span class='ocrx_word' id='word_1_760' title='bbox 936 3222 1111 3268; x_wconf 88' lang='lat' dir='ltr'>quidquid</span> 
     </span>
     <span class='ocr_line' id='line_1_99' title="bbox 59 3278 1111 3327; baseline 0.001 -11"><span class='ocrx_word' id='word_1_761' title='bbox 59 3285 128 3323; x_wconf 86' lang='lat' dir='ltr'>est,</span> <span class='ocrx_word' id='word_1_762' title='bbox 154 3284 192 3315; x_wconf 92' lang='lat' dir='ltr'>et</span> <span class='ocrx_word' id='word_1_763' title='bbox 215 3278 342 3326; x_wconf 85' lang='lat' dir='ltr'>quinta</span> <span class='ocrx_word' id='word_1_764' title='bbox 364 3279 441 3326; x_wconf 72' lang='lat' dir='ltr'>eJus</span> <span class='ocrx_word' id='word_1_765' title='bbox 473 3289 572 3326; x_wconf 90' lang='lat' dir='ltr'>pars,</span> <span class='ocrx_word' id='word_1_766' title='bbox 591 3286 745 3327; x_wconf 81' lang='lat' dir='ltr'>excepto</span> <span class='ocrx_word' id='word_1_767' title='bbox 764 3282 878 3317; x_wconf 88' lang='lat' dir='ltr'>ariete</span> <span class='ocrx_word' id='word_1_768' title='bbox 908 3283 969 3327; x_wconf 88' lang='lat' dir='ltr'>qui</span> <span class='ocrx_word' id='word_1_769' title='bbox 992 3282 1111 3318; x_wconf 85' lang='lat' dir='ltr'>suerat</span> 
     </span>
     <span class='ocr_line' id='line_1_100' title="bbox 61 3339 1107 3389; baseline 0.002 -12"><span class='ocrx_word' id='word_1_770' title='bbox 61 3339 264 3378; x_wconf 83' lang='lat' dir='ltr'>offerendus</span> <span class='ocrx_word' id='word_1_771' title='bbox 293 3340 328 3376; x_wconf 92' lang='lat' dir='ltr'>in</span> <span class='ocrx_word' id='word_1_772' title='bbox 351 3340 569 3378; x_wconf 85' lang='lat' dir='ltr'>sacrificium</span> <span class='ocrx_word' id='word_1_773' title='bbox 601 3341 647 3377; x_wconf 90' lang='lat' dir='ltr'>ad</span> <span class='ocrx_word' id='word_1_774' title='bbox 670 3341 889 3389; x_wconf 87' lang='lat' dir='ltr'>expiandum</span> <span class='ocrx_word' id='word_1_775' title='bbox 921 3343 1107 3379; x_wconf 89' lang='lat' dir='ltr'>delictum.</span> 
     </span>
     <span class='ocr_line' id='line_1_101' title="bbox 63 3397 1108 3448; baseline 0.003 -12"><span class='ocrx_word' id='word_1_776' title='bbox 63 3397 169 3437; x_wconf 73' lang='lat' dir='ltr'>lubet</span> <span class='ocrx_word' id='word_1_777' title='bbox 183 3405 303 3437; x_wconf 88' lang='lat' dir='ltr'>autem</span> <span class='ocrx_word' id='word_1_778' title='bbox 327 3400 415 3437; x_wconf 90' lang='lat' dir='ltr'>illud</span> <span class='ocrx_word' id='word_1_779' title='bbox 441 3402 537 3448; x_wconf 91' lang='lat' dir='ltr'>quod</span> <span class='ocrx_word' id='word_1_780' title='bbox 561 3402 767 3439; x_wconf 90' lang='lat' dir='ltr'>restituitur</span> <span class='ocrx_word' id='word_1_781' title='bbox 788 3403 988 3439; x_wconf 89' lang='lat' dir='ltr'>sacerdotis</span> <span class='ocrx_word' id='word_1_782' title='bbox 1013 3413 1108 3447; x_wconf 91' lang='lat' dir='ltr'>esse,</span> 
     </span>
     <span class='ocr_line' id='line_1_102' title="bbox 65 3459 1111 3509; baseline 0.003 -13"><span class='ocrx_word' id='word_1_783' title='bbox 65 3459 103 3495; x_wconf 89' lang='lat' dir='ltr'>id</span> <span class='ocrx_word' id='word_1_784' title='bbox 120 3465 188 3504; x_wconf 85' lang='lat' dir='ltr'>est,</span> <span class='ocrx_word' id='word_1_785' title='bbox 207 3461 327 3507; x_wconf 85' lang='lat' dir='ltr'>ipsum</span> <span class='ocrx_word' id='word_1_786' title='bbox 341 3466 449 3508; x_wconf 86' lang='lat' dir='ltr'>caput</span> <span class='ocrx_word' id='word_1_787' title='bbox 465 3466 502 3498; x_wconf 92' lang='lat' dir='ltr'>et</span> <span class='ocrx_word' id='word_1_788' title='bbox 519 3462 696 3509; x_wconf 90' lang='lat' dir='ltr'>quintam,</span> <span class='ocrx_word' id='word_1_789' title='bbox 716 3463 747 3499; x_wconf 91' lang='lat' dir='ltr'>si</span> <span class='ocrx_word' id='word_1_790' title='bbox 765 3473 836 3499; x_wconf 90' lang='lat' dir='ltr'>non</span> <span class='ocrx_word' id='word_1_791' title='bbox 857 3468 912 3499; x_wconf 90' lang='lat' dir='ltr'>est</span> <span class='ocrx_word' id='word_1_792' title='bbox 924 3464 1111 3508; x_wconf 86' lang='lat' dir='ltr'>proximus</span> 
     </span>
     <span class='ocr_line' id='line_1_103' title="bbox 64 3517 1114 3569; baseline 0.003 -15"><span class='ocrx_word' id='word_1_793' title='bbox 64 3517 99 3554; x_wconf 87' lang='lat' dir='ltr'>ei</span> <span class='ocrx_word' id='word_1_794' title='bbox 116 3518 154 3555; x_wconf 93' lang='lat' dir='ltr'>in</span> <span class='ocrx_word' id='word_1_795' title='bbox 181 3529 288 3566; x_wconf 89' lang='lat' dir='ltr'>quem</span> <span class='ocrx_word' id='word_1_796' title='bbox 313 3521 547 3557; x_wconf 78' lang='lat' dir='ltr'>commissum</span> <span class='ocrx_word' id='word_1_797' title='bbox 577 3526 645 3558; x_wconf 90' lang='lat' dir='ltr'>est.</span> <span class='ocrx_word' id='word_1_798' title='bbox 669 3522 810 3569; x_wconf 88' lang='lat' dir='ltr'>Ubique</span> <span class='ocrx_word' id='word_1_799' title='bbox 831 3522 954 3566; x_wconf 85' lang='lat' dir='ltr'>utique</span> <span class='ocrx_word' id='word_1_800' title='bbox 986 3521 1114 3558; x_wconf 88' lang='lat' dir='ltr'>intelli-</span> 
     </span>
     <span class='ocr_line' id='line_1_104' title="bbox 67 3580 1111 3628; baseline 0.004 -14"><span class='ocrx_word' id='word_1_801' title='bbox 67 3582 168 3623; x_wconf 73' lang='lat' dir='ltr'>gotm-</span> <span class='ocrx_word' id='word_1_802' title='bbox 190 3583 276 3616; x_wconf 88' lang='lat' dir='ltr'>tunc</span> <span class='ocrx_word' id='word_1_803' title='bbox 297 3580 449 3617; x_wconf 89' lang='lat' dir='ltr'>Domino</span> <span class='ocrx_word' id='word_1_804' title='bbox 478 3581 700 3618; x_wconf 88' lang='lat' dir='ltr'>reddendum</span> <span class='ocrx_word' id='word_1_805' title='bbox 724 3583 820 3628; x_wconf 89' lang='lat' dir='ltr'>quod</span> <span class='ocrx_word' id='word_1_806' title='bbox 835 3583 882 3618; x_wconf 93' lang='lat' dir='ltr'>sit</span> <span class='ocrx_word' id='word_1_807' title='bbox 897 3581 1111 3626; x_wconf 88' lang='lat' dir='ltr'>sacerdotis,</span> 
     </span>
     <span class='ocr_line' id='line_1_105' title="bbox 68 3635 1112 3688; baseline 0.006 -17"><span class='ocrx_word' id='word_1_808' title='bbox 68 3636 100 3672; x_wconf 88' lang='lat' dir='ltr'>si</span> <span class='ocrx_word' id='word_1_809' title='bbox 133 3635 241 3675; x_wconf 84' lang='lat' dir='ltr'>homo</span> <span class='ocrx_word' id='word_1_810' title='bbox 258 3639 334 3686; x_wconf 85' lang='lat' dir='ltr'>ipse</span> <span class='ocrx_word' id='word_1_811' title='bbox 352 3651 424 3677; x_wconf 90' lang='lat' dir='ltr'>non</span> <span class='ocrx_word' id='word_1_812' title='bbox 441 3642 598 3687; x_wconf 89' lang='lat' dir='ltr'>supersit</span> <span class='ocrx_word' id='word_1_813' title='bbox 610 3643 671 3688; x_wconf 90' lang='lat' dir='ltr'>qui</span> <span class='ocrx_word' id='word_1_814' title='bbox 692 3642 863 3679; x_wconf 87' lang='lat' dir='ltr'>damnum</span> <span class='ocrx_word' id='word_1_815' title='bbox 896 3652 1026 3688; x_wconf 90' lang='lat' dir='ltr'>passus</span> <span class='ocrx_word' id='word_1_816' title='bbox 1044 3647 1112 3685; x_wconf 90' lang='lat' dir='ltr'>est,</span> 
     </span>
     <span class='ocr_line' id='line_1_106' title="bbox 70 3698 1114 3748; baseline 0.002 -13"><span class='ocrx_word' id='word_1_817' title='bbox 70 3706 137 3733; x_wconf 86' lang='lat' dir='ltr'>nec</span> <span class='ocrx_word' id='word_1_818' title='bbox 165 3698 350 3743; x_wconf 83' lang='lat' dir='ltr'>proximus</span> <span class='ocrx_word' id='word_1_819' title='bbox 380 3699 458 3746; x_wconf 82' lang='lat' dir='ltr'>ejus</span> <span class='ocrx_word' id='word_1_820' title='bbox 483 3712 589 3748; x_wconf 88' lang='lat' dir='ltr'>quem</span> <span class='ocrx_word' id='word_1_821' title='bbox 613 3707 701 3748; x_wconf 90' lang='lat' dir='ltr'>puto</span> <span class='ocrx_word' id='word_1_822' title='bbox 741 3703 922 3741; x_wconf 79' lang='lat' dir='ltr'>haeredem</span> <span class='ocrx_word' id='word_1_823' title='bbox 963 3702 1114 3748; x_wconf 82' lang='lat' dir='ltr'>intelligi</span> 
     </span>
     <span class='ocr_line' id='line_1_107' title="bbox 331 3759 698 3803; baseline 0.008 -4"><span class='ocrx_word' id='word_1_824' title='bbox 331 3759 515 3802; x_wconf 61' lang='lat' dir='ltr'>Pauor..</span> <span class='ocrx_word' id='word_1_825' title='bbox 552 3762 698 3803; x_wconf 82' lang='lat' dir='ltr'>cvm.</span> 
     </span>
    </p>
   </div>
   <div class='ocr_carea' id='block_1_13' title="bbox 1180 2978 2237 3747">
    <p class='ocr_par' dir='ltr' id='par_1_14' title="bbox 1180 2978 2237 3747">
     <span class='ocr_line' id='line_1_108' title="bbox 1181 2978 2236 3028; baseline 0.007 -15"><span class='ocrx_word' id='word_1_826' title='bbox 1181 2978 1316 3024; x_wconf 88' lang='lat' dir='ltr'>aliquid</span> <span class='ocrx_word' id='word_1_827' title='bbox 1354 2989 1420 3024; x_wconf 90' lang='lat' dir='ltr'>per</span> <span class='ocrx_word' id='word_1_828' title='bbox 1452 2979 1706 3026; x_wconf 88' lang='lat' dir='ltr'>negligentiam</span> <span class='ocrx_word' id='word_1_829' title='bbox 1747 2981 1891 3016; x_wconf 88' lang='lat' dir='ltr'>incaute</span> <span class='ocrx_word' id='word_1_830' title='bbox 1931 2982 2236 3028; x_wconf 88' lang='lat' dir='ltr'>commiserimus,</span> 
     </span>
     <span class='ocr_line' id='line_1_109' title="bbox 1180 3037 2237 3086; baseline 0.007 -13"><span class='ocrx_word' id='word_1_831' title='bbox 1180 3047 1246 3084; x_wconf 90' lang='lat' dir='ltr'>per</span> <span class='ocrx_word' id='word_1_832' title='bbox 1271 3037 1533 3075; x_wconf 86' lang='lat' dir='ltr'>confessionem</span> <span class='ocrx_word' id='word_1_833' title='bbox 1562 3046 1598 3075; x_wconf 86' lang='lat' dir='ltr'>et</span> <span class='ocrx_word' id='word_1_834' title='bbox 1629 3039 1877 3086; x_wconf 87' lang='lat' dir='ltr'>poenitentiam</span> <span class='ocrx_word' id='word_1_835' title='bbox 1911 3042 2119 3080; x_wconf 89' lang='lat' dir='ltr'>studeamus</span> <span class='ocrx_word' id='word_1_836' title='bbox 2151 3044 2237 3081; x_wconf 92' lang='lat' dir='ltr'>illud</span> 
     </span>
     <span class='ocr_line' id='line_1_110' title="bbox 1182 3099 2234 3148; baseline 0.005 -15"><span class='ocrx_word' id='word_1_837' title='bbox 1182 3099 1389 3135; x_wconf 86' lang='lat' dir='ltr'>emendare.</span> <span class='ocrx_word' id='word_1_838' title='bbox 1412 3099 1458 3135; x_wconf 92' lang='lat' dir='ltr'>Et</span> <span class='ocrx_word' id='word_1_839' title='bbox 1474 3099 1566 3135; x_wconf 81' lang='lat' dir='ltr'>sorte</span> <span class='ocrx_word' id='word_1_840' title='bbox 1595 3100 1625 3136; x_wconf 91' lang='lat' dir='ltr'>si</span> <span class='ocrx_word' id='word_1_841' title='bbox 1643 3106 1700 3136; x_wconf 90' lang='lat' dir='ltr'>est</span> <span class='ocrx_word' id='word_1_842' title='bbox 1727 3101 1913 3147; x_wconf 86' lang='lat' dir='ltr'>proximus</span> <span class='ocrx_word' id='word_1_843' title='bbox 1936 3102 2108 3139; x_wconf 87' lang='lat' dir='ltr'>adversus</span> <span class='ocrx_word' id='word_1_844' title='bbox 2128 3113 2234 3148; x_wconf 86' lang='lat' dir='ltr'>quem</span> 
     </span>
     <span class='ocr_line' id='line_1_111' title="bbox 1183 3157 2232 3205; baseline 0.003 -12"><span class='ocrx_word' id='word_1_845' title='bbox 1183 3157 1397 3203; x_wconf 90' lang='lat' dir='ltr'>deliquimus</span> <span class='ocrx_word' id='word_1_846' title='bbox 1411 3158 1446 3194; x_wconf 91' lang='lat' dir='ltr'>in</span> <span class='ocrx_word' id='word_1_847' title='bbox 1473 3158 1660 3195; x_wconf 79' lang='lat' dir='ltr'>inferendo</span> <span class='ocrx_word' id='word_1_848' title='bbox 1675 3159 1728 3194; x_wconf 92' lang='lat' dir='ltr'>illi</span> <span class='ocrx_word' id='word_1_849' title='bbox 1752 3159 1896 3205; x_wconf 87' lang='lat' dir='ltr'>aliquod</span> <span class='ocrx_word' id='word_1_850' title='bbox 1916 3160 2100 3203; x_wconf 84' lang='lat' dir='ltr'>damnum,</span> <span class='ocrx_word' id='word_1_851' title='bbox 2114 3162 2232 3205; x_wconf 85' lang='lat' dir='ltr'>poeni-</span> 
     </span>
     <span class='ocr_line' id='line_1_112' title="bbox 1182 3221 2230 3268; baseline 0.001 -13"><span class='ocrx_word' id='word_1_852' title='bbox 1182 3221 1332 3256; x_wconf 89' lang='lat' dir='ltr'>tentiam</span> <span class='ocrx_word' id='word_1_853' title='bbox 1350 3231 1471 3257; x_wconf 88' lang='lat' dir='ltr'>coram</span> <span class='ocrx_word' id='word_1_854' title='bbox 1488 3222 1550 3258; x_wconf 90' lang='lat' dir='ltr'>illo</span> <span class='ocrx_word' id='word_1_855' title='bbox 1565 3232 1726 3268; x_wconf 85' lang='lat' dir='ltr'>agamus,</span> <span class='ocrx_word' id='word_1_856' title='bbox 1746 3226 1782 3258; x_wconf 90' lang='lat' dir='ltr'>et</span> <span class='ocrx_word' id='word_1_857' title='bbox 1799 3221 1968 3257; x_wconf 85' lang='lat' dir='ltr'>damnum</span> <span class='ocrx_word' id='word_1_858' title='bbox 1984 3222 2230 3258; x_wconf 87' lang='lat' dir='ltr'>restituamus.</span> 
     </span>
     <span class='ocr_line' id='line_1_113' title="bbox 1184 3282 2234 3330; baseline 0 -12"><span class='ocrx_word' id='word_1_859' title='bbox 1184 3282 1223 3318; x_wconf 89' lang='lat' dir='ltr'>Si</span> <span class='ocrx_word' id='word_1_860' title='bbox 1240 3289 1358 3320; x_wconf 89' lang='lat' dir='ltr'>autem</span> <span class='ocrx_word' id='word_1_861' title='bbox 1391 3294 1463 3320; x_wconf 92' lang='lat' dir='ltr'>non</span> <span class='ocrx_word' id='word_1_862' title='bbox 1497 3290 1659 3330; x_wconf 87' lang='lat' dir='ltr'>superest</span> <span class='ocrx_word' id='word_1_863' title='bbox 1677 3283 1736 3318; x_wconf 91' lang='lat' dir='ltr'>ille</span> <span class='ocrx_word' id='word_1_864' title='bbox 1763 3292 1870 3328; x_wconf 88' lang='lat' dir='ltr'>quem</span> <span class='ocrx_word' id='word_1_865' title='bbox 1887 3282 2055 3322; x_wconf 82' lang='lat' dir='ltr'>laesimus,</span> <span class='ocrx_word' id='word_1_866' title='bbox 2082 3282 2234 3318; x_wconf 90' lang='lat' dir='ltr'>Domino</span> 
     </span>
     <span class='ocr_line' id='line_1_114' title="bbox 1182 3341 2234 3391; baseline -0.002 -10"><span class='ocrx_word' id='word_1_867' title='bbox 1182 3354 1248 3390; x_wconf 89' lang='lat' dir='ltr'>pro</span> <span class='ocrx_word' id='word_1_868' title='bbox 1269 3345 1338 3381; x_wconf 88' lang='lat' dir='ltr'>hoc</span> <span class='ocrx_word' id='word_1_869' title='bbox 1353 3354 1419 3391; x_wconf 90' lang='lat' dir='ltr'>per</span> <span class='ocrx_word' id='word_1_870' title='bbox 1450 3344 1714 3380; x_wconf 80' lang='lat' dir='ltr'>confessionem</span> <span class='ocrx_word' id='word_1_871' title='bbox 1738 3349 1775 3378; x_wconf 91' lang='lat' dir='ltr'>et</span> <span class='ocrx_word' id='word_1_872' title='bbox 1805 3341 1992 3386; x_wconf 80' lang='lat' dir='ltr'>condignae</span> <span class='ocrx_word' id='word_1_873' title='bbox 2010 3341 2234 3387; x_wconf 77' lang='lat' dir='ltr'>poenitentiae</span> 
     </span>
     <span class='ocr_line' id='line_1_115' title="bbox 1182 3400 2234 3447; baseline 0 -9"><span class='ocrx_word' id='word_1_874' title='bbox 1182 3403 1333 3446; x_wconf 81' lang='lat' dir='ltr'>fructus,</span> <span class='ocrx_word' id='word_1_875' title='bbox 1361 3409 1397 3438; x_wconf 90' lang='lat' dir='ltr'>et</span> <span class='ocrx_word' id='word_1_876' title='bbox 1425 3402 1734 3447; x_wconf 88' lang='lat' dir='ltr'>eleemosynarum</span> <span class='ocrx_word' id='word_1_877' title='bbox 1751 3409 1861 3445; x_wconf 88' lang='lat' dir='ltr'>opera</span> <span class='ocrx_word' id='word_1_878' title='bbox 1893 3400 1982 3436; x_wconf 92' lang='lat' dir='ltr'>satis</span> <span class='ocrx_word' id='word_1_879' title='bbox 2007 3410 2114 3447; x_wconf 86' lang='lat' dir='ltr'>agere</span> <span class='ocrx_word' id='word_1_880' title='bbox 2130 3411 2234 3438; x_wconf 89' lang='lat' dir='ltr'>cure-</span> 
     </span>
     <span class='ocr_line' id='line_1_116' title="bbox 1183 3461 2234 3506; baseline 0.002 -10"><span class='ocrx_word' id='word_1_881' title='bbox 1183 3471 1276 3496; x_wconf 87' lang='lat' dir='ltr'>mus.</span> <span class='ocrx_word' id='word_1_882' title='bbox 1297 3462 1366 3496; x_wconf 90' lang='lat' dir='ltr'>Per</span> <span class='ocrx_word' id='word_1_883' title='bbox 1385 3461 1547 3506; x_wconf 87' lang='lat' dir='ltr'>quintam</span> <span class='ocrx_word' id='word_1_884' title='bbox 1565 3465 1685 3494; x_wconf 89' lang='lat' dir='ltr'>autem</span> <span class='ocrx_word' id='word_1_885' title='bbox 1706 3463 1847 3503; x_wconf 85' lang='lat' dir='ltr'>partem</span> <span class='ocrx_word' id='word_1_886' title='bbox 1865 3468 1973 3504; x_wconf 90' lang='lat' dir='ltr'>quam</span> <span class='ocrx_word' id='word_1_887' title='bbox 1993 3461 2234 3506; x_wconf 84' lang='lat' dir='ltr'>superaddere</span> 
     </span>
     <span class='ocr_line' id='line_1_117' title="bbox 1186 3520 2234 3567; baseline 0.002 -11"><span class='ocrx_word' id='word_1_888' title='bbox 1186 3521 1229 3556; x_wconf 87' lang='lat' dir='ltr'>ad</span> <span class='ocrx_word' id='word_1_889' title='bbox 1249 3531 1426 3556; x_wconf 90' lang='lat' dir='ltr'>summam</span> <span class='ocrx_word' id='word_1_890' title='bbox 1454 3520 1578 3565; x_wconf 83' lang='lat' dir='ltr'>jussit,</span> <span class='ocrx_word' id='word_1_891' title='bbox 1597 3520 1702 3555; x_wconf 86' lang='lat' dir='ltr'>docet</span> <span class='ocrx_word' id='word_1_892' title='bbox 1718 3529 1784 3555; x_wconf 90' lang='lat' dir='ltr'>nos</span> <span class='ocrx_word' id='word_1_893' title='bbox 1801 3524 1840 3554; x_wconf 91' lang='lat' dir='ltr'>ut</span> <span class='ocrx_word' id='word_1_894' title='bbox 1863 3529 1928 3564; x_wconf 89' lang='lat' dir='ltr'>per</span> <span class='ocrx_word' id='word_1_895' title='bbox 1943 3530 2086 3557; x_wconf 91' lang='lat' dir='ltr'>sensum</span> <span class='ocrx_word' id='word_1_896' title='bbox 2105 3530 2234 3567; x_wconf 83' lang='lat' dir='ltr'>corpo-</span> 
     </span>
     <span class='ocr_line' id='line_1_118' title="bbox 1187 3580 2234 3627; baseline 0.001 -11"><span class='ocrx_word' id='word_1_897' title='bbox 1187 3581 1235 3617; x_wconf 87' lang='lat' dir='ltr'>ris</span> <span class='ocrx_word' id='word_1_898' title='bbox 1252 3591 1315 3626; x_wconf 91' lang='lat' dir='ltr'>per</span> <span class='ocrx_word' id='word_1_899' title='bbox 1345 3591 1450 3626; x_wconf 86' lang='lat' dir='ltr'>quem</span> <span class='ocrx_word' id='word_1_900' title='bbox 1468 3581 1696 3626; x_wconf 87' lang='lat' dir='ltr'>peccavimus</span> <span class='ocrx_word' id='word_1_901' title='bbox 1723 3580 1857 3616; x_wconf 88' lang='lat' dir='ltr'>malum</span> <span class='ocrx_word' id='word_1_902' title='bbox 1877 3580 2021 3627; x_wconf 88' lang='lat' dir='ltr'>aliquod</span> <span class='ocrx_word' id='word_1_903' title='bbox 2037 3581 2234 3627; x_wconf 85' lang='lat' dir='ltr'>ingerendo</span> 
     </span>
     <span class='ocr_line' id='line_1_119' title="bbox 1185 3640 2232 3687; baseline 0 -12"><span class='ocrx_word' id='word_1_904' title='bbox 1185 3651 1249 3687; x_wconf 81' lang='lat' dir='ltr'>per</span> <span class='ocrx_word' id='word_1_905' title='bbox 1263 3640 1361 3675; x_wconf 90' lang='lat' dir='ltr'>illum</span> <span class='ocrx_word' id='word_1_906' title='bbox 1382 3641 1468 3676; x_wconf 90' lang='lat' dir='ltr'>item</span> <span class='ocrx_word' id='word_1_907' title='bbox 1485 3641 1577 3676; x_wconf 88' lang='lat' dir='ltr'>bona</span> <span class='ocrx_word' id='word_1_908' title='bbox 1597 3650 1704 3686; x_wconf 86' lang='lat' dir='ltr'>agere</span> <span class='ocrx_word' id='word_1_909' title='bbox 1720 3646 1941 3687; x_wconf 86' lang='lat' dir='ltr'>satagamus.</span> <span class='ocrx_word' id='word_1_910' title='bbox 1959 3640 2094 3677; x_wconf 81' lang='lat' dir='ltr'>Arietis</span> <span class='ocrx_word' id='word_1_911' title='bbox 2112 3646 2232 3676; x_wconf 88' lang='lat' dir='ltr'>autem</span> 
     </span>
     <span class='ocr_line' id='line_1_120' title="bbox 1186 3699 2234 3747; baseline 0.001 -10"><span class='ocrx_word' id='word_1_912' title='bbox 1186 3701 1319 3737; x_wconf 85' lang='lat' dir='ltr'>oblatio</span> <span class='ocrx_word' id='word_1_913' title='bbox 1338 3699 1517 3746; x_wconf 86' lang='lat' dir='ltr'>significat</span> <span class='ocrx_word' id='word_1_914' title='bbox 1539 3699 1675 3738; x_wconf 87' lang='lat' dir='ltr'>Christi</span> <span class='ocrx_word' id='word_1_915' title='bbox 1695 3700 1915 3746; x_wconf 85' lang='lat' dir='ltr'>passionem,</span> <span class='ocrx_word' id='word_1_916' title='bbox 1935 3699 1971 3735; x_wconf 91' lang='lat' dir='ltr'>in</span> <span class='ocrx_word' id='word_1_917' title='bbox 1989 3710 2060 3747; x_wconf 88' lang='lat' dir='ltr'>qua</span> <span class='ocrx_word' id='word_1_918' title='bbox 2074 3701 2234 3738; x_wconf 81' lang='lat' dir='ltr'>maximo</span> 
     </span>
    </p>
   </div>
   <div class='ocr_carea' id='block_1_14' title="bbox 1917 3759 1969 3799">
    <p class='ocr_par' dir='ltr' id='par_1_15' title="bbox 1917 3759 1969 3799">
     <span class='ocr_line' id='line_1_121' title="bbox 1917 3759 1969 3799; baseline 0 0"><span class='ocrx_word' id='word_1_919' title='bbox 1917 3759 1969 3799; x_wconf 75' lang='lat'>20</span> 
     </span>
    </p>
   </div>
  </div>
 </body>
</html>
