2540 4016
99 172 168 212 597

531 212 534 215 ,
569 163 926 205 ENARnArioan
949 161 996 198 m
1023 158 1200 198 monuit
1226 146 1537 212 Nuunnbnuu.
1569 182 1613 190 -
1633 162 1720 200 Lm.
1742 164 1773 201 ι.

1516 69 1545 98 .,
2279 54 2318 93 0

2199 172 2272 212 598

145 242 266 280 Tribui
283 243 370 280 Aser
383 242 693 291 proefuitprmceps
713 232 859 287 Pheqiel
875 226 972 285 fitius
992 235 1147 273 Ochran.
1165 225 1204 277 Α
1218 230 1282 271 iim
1299 234 1443 280 quoque
1467 228 1674 273 'cenversus
1693 234 1770 273 sive
1799 237 1970 279 dilatatus
1998 244 2271 294 interpretatur,

95 305 203 350 Aser,
221 306 285 353 qui
301 304 428 343 beatus
449 304 577 341 Latine
595 302 729 339 dicitur
746 301 805 337 vel
823 299 968 336 divitias
997 297 1149 342 habens,

95 367 294 404 electorum
312 363 710 417 numerumtvirtutibus
726 361 943 409 locupletem
956 357 1148 406 significat.

94 429 134 466 In
154 430 210 466 his
245 429 485 475 principatum
506 426 655 475 Phegiel
690 429 789 465 tenet
802 450 813 469 ,
828 423 866 460 id
883 427 962 467 est,
984 421 1151 459 occursio

95 491 257 534 Domini,
281 490 376 527 tilius
405 488 562 533 ochran,
597 488 659 535 qui
696 487 955 533 interpretatur
990 482 1151 521 turbavit

95 561 158 588 eos
178 561 283 587 :cum
303 550 481 589 mediator
500 550 566 588 Dei
594 554 631 586 et
665 548 862 589 hominum,
900 545 962 593 qui
991 546 1150 582 humano

93 613 216 657 generi
231 610 452 658 periclitanti
465 616 501 648 et
514 611 581 647 sub
592 616 824 658 peccatorum
843 618 953 645 onere
965 606 1149 644 corruenti

91 673 270 719 propitius
290 674 487 716 succurrit,
507 674 703 719 hostesque
722 671 783 718 qui
800 671 854 707 eis
872 669 1063 712 nocebant,
1082 669 1151 704 hoe

90 741 147 773 est
166 737 343 783 malignos
360 737 515 783 spiritus
533 737 751 783 repellendo,
775 734 947 771 turbavit.
975 732 1080 769 Unde
1112 732 1149 768 in

89 799 285 845 Evangelio
299 799 436 834 homini
457 799 493 834 in
514 799 675 835 latrones
689 796 874 839 incidenti,
898 793 1148 831 Samaritanus

90 860 284 897 subvenire
304 859 521 896 describitur
546 872 554 896 :
582 859 641 908 qni
660 859 885 906 appropians,
898 854 1145 901 allt'9av1‘tvul-

89 932 171 956 nera
192 921 288 966 ejus,
310 921 499 967 infundens
528 919 641 956 oleum
671 925 702 954 et
741 918 858 953 vinum
876 925 887 950 .·
906 921 937 951 et
968 916 1145 962 imponens

86 983 334 1029 injumentum
353 993 470 1024 suum,
486 981 587 1016 duxit
605 981 642 1014 in
658 977 848 1020 stabulum,
860 983 892 1012 et
909 987 1029 1011 curam
1048 976 1144 1012 illius

86 1043 155 1089 eqit
185 1042 284 1090 (Luc.
300 1041 352 1088 x).
375 1041 463 1076 Item
491 1039 526 1075 ln
560 1038 652 1075 Aser
675 1048 737 1074 cos
757 1047 949 1084 possumus
981 1037 1145 1083 accipere

85 1103 146 1148 qui
161 1101 404 1138 cumconsilio
423 1106 550 1137 cuncta
569 1106 693 1148 agunt,
712 1106 748 1137 et
767 1111 838 1136 non
859 1101 967 1136 rebus
982 1100 1141 1144 caducis,

1203 300 1256 348 ‘et
1267 294 1448 343 signifieat
1461 294 1634 342 poputum
1646 294 1832 343 Ecclesiae,
1841 299 1917 344 qui,
1929 299 2108 344 aber-rore
2120 316 2272 347 conver..

1217 366 1296 402 sus,
1315 361 1383 404 per
1397 358 1456 395 t‘er
1475 356 1601 396 mundi
1616 361 1792 398 terminos
1807 360 1893 399 fidei
1913 357 2130 406 abundantia
2147 369 2272 411 ditata-

1217 422 1277 455 tus
1290 422 1358 456 est.
1370 419 1435 457 Cui
1454 431 1522 468 per
1538 418 1669 459 isaiam
1687 417 1822 459 dieitur
1835 435 1846 459 t
1860 417 1984 461 Dilata
2001 423 2118 465 locum
2133 423 2272 470 ιὲηωῆῑ

1202 479 1281 523 ηιξ,
1297 486 1331 516 ee
1348 479 1468 528 longos
1486 481 1544 528 sae
1563 482 1740 530 funiculos
1755 489 1846 528 tuos,
1858 489 1895 521 et
1908 482 2061 534 reliqua.
2080 480 2173 536 (ism
2184 495 2274 542 mv.)

1217 538 1381 584 Ahirain,
1410 540 1447 578 id
1477 546 1554 587 est,
1575 539 1700 579 fratris
1733 543 1806 580 mei
1842 543 1998 590 amicus,
2026 546 2124 585 fitius
2151 546 2276 598 utique

1217 601 1331 645 Enon,
1343 603 1413 639 hoc
1422 608 1492 648 est,
1504 603 1615 640 sontis
1624 599 1796 650 tristitiae,
1807 604 1894 642 huic
1905 605 2000 652 plebi
2017 607 2188 653 praetatus
2206 615 2276 656 est,

1218 664 1302 710 quia
1320 661 1488 702 Christus
1510 665 1623 702 Filius
1644 665 1724 710 Dei,
1741 666 1803 714 qui
1821 666 1992 704 fraternae
2011 664 2120 715 plebi,
2138 669 2208 708 hoc
2224 676 2279 708 est

1217 724 1350 772 populo
1370 722 1532 771 iudaice,
1555 726 1693 764 amicus
1709 722 1796 772 fuit,
1812 723 1955 774 quando
1973 725 2023 764 illi
2043 728 2162 777 legem
2189 726 2278 768 dans

1217 787 1274 823 sui
1289 786 1455 824 notitiam
1471 788 1620 833 tribuit,
1642 788 1719 836 ipse
1737 790 1846 826 modo
1866 786 2060 837 gentilitati
2079 800 2145 839 per
2163 791 2281 838 poeni-

1215 848 1338 884 tentia}
1354 859 1450 885 veroe
1464 849 1650 886 tristitiam
1666 850 1871 894 consulens,
1885 850 1930 887 ad
1943 850 2052 888 fidem
2066 862 2167 888 suam
2182 851 2279 889 illam

1217 911 1408 955 convertit,
1443 918 1620 958 quatenus
1653 913 1690 948 in
1721 923 1786 949 suo
1825 913 1987 950 exercitu
2020 915 2250 952 annumerati
2268 942 2278 960 ,

1216 971 1329 1018 ipsius
1350 966 1482 1009 ducatu
1500 980 1608 1020 atque
1634 974 1809 1021 regimine
1838 974 2049 1012 fruerentur
2071 975 2108 1012 in
2138 976 2275 1024 praelio.

1214 1033 1303 1069 Item
1320 1037 1356 1070 in
1379 1035 1608 1080 Ncpbtbalim
1629 1037 1764 1083 quique
1795 1038 1957 1074 virorum
1986 1045 2194 1076 sanctorum
2218 1040 2276 1077 in-

1215 1094 1325 1141 telligi
1346 1101 1510 1141 possunt,
1533 1096 1593 1142 qui
1623 1097 1805 1134 charitate
1838 1098 1999 1135 fraterna
2030 1100 2184 1145 dilatati,
2203 1101 2277 1139 vim

83 1163 147 1199 sed
159 1163 354 1199 virtutibus
368 1163 498 1199 divites
513 1173 592 1199 esse
604 1163 774 1210 cupiunt:
794 1162 853 1208 qui
869 1172 1018 1198 censum
1039 1162 1144 1199 istius
1163 1154 1196 1196 B
1216 1154 1419 1191 (lileclsissssis
1441 1167 1514 1191 1¹0¹l
1536 1156 1651 1193 solum
1671 1157 1716 1192 {ld
1753 1157 1905 1202 sslssissoss
1923 1159 1987 1195 Sffll
2007 1159 2118 1196 etiam
2138 1159 2183 1196 ad
2208 1161 2277 1198 ini-

82 1223 207 1259 mundi
226 1224 504 1270 parvipendunt,
516 1224 588 1260 imo
604 1223 843 1260 substantiam
857 1235 958 1260 suam
974 1230 1144 1260 cunctam

81 1285 301 1332 pauperibus
333 1284 509 1330 tribuunt,
529 1292 567 1321 ut
599 1286 751 1322 condant
778 1286 958 1322 thesauros
996 1298 1078 1322 suos
1107 1288 1145 1323 in

82 1347 181 1389 eoelo,
209 1347 270 1383 ubi
301 1359 362 1383 nec
400 1359 517 1394 (bruno
556 1359 616 1384 nec
641 1350 733 1383 tinea
761 1347 1013 1390 demoliuntur,
1036 1359 1143 1395 neque

81 1410 177 1456 sures
188 1411 372 1456 effodiunt,
385 1421 445 1446 nec
461 1411 626 1456 furantur
638 1410 780 1458 (Mattlt.
798 1410 869 1457 v1);
889 1411 985 1446 illam
1003 1411 1142 1447 Domini

84 1473 300 1508 senteutiam
313 1472 436 1507 sedulo
456 1472 672 1517 cogitantes,
684 1483 754 1517 qua
770 1472 804 1507 in
818 1471 1013 1518 Evangelio
1029 1470 1114 1507 dicit
1131 1484 1138 1506 :

83 1531 170 1566 Cum
191 1531 278 1577 sacis
297 1532 490 1567 convivium
511 1538 571 1567 aut
596 1543 727 1567 coenam
742 1559 751 1575 ,
768 1531 839 1567 noli
865 1543 987 1567 vocure
1015 1532 1141 1578 fratres

79 1598 158 1627 tuos
174 1604 281 1639 neque
300 1593 430 1628 anticos
449 1604 556 1639 neque
575 1593 705 1628 vicinos
720 1593 855 1635 divites,
868 1593 928 1628 sed
950 1604 1031 1629 roca
1054 1605 1142 1640 patc-

79 1665 190 1700 pereS,
208 1655 349 1697 debiles,
374 1667 482 1691 ca‘cos
500 1662 531 1691 et
558 1655 718 1699 claudos,
744 1661 775 1690 et
799 1655 918 1690 beatus
944 1656 1027 1698 eris,
1058 1657 1142 1702 quia

80 1726 151 1751 non
168 1716 296 1752 habent
319 1717 507 1753 retribuere
531 1717 592 1752 tibi
611 1726 622 1750 :
645 1715 856 1752 retribuetur
888 1715 979 1751 enim
1012 1715 1072 1750 titn·
1104 1716 1141 1752 in

78 1779 333 1815 resurrectione
357 1779 536 1824 justorum
567 1778 579 1824 (
590 1778 676 1813 Luc.
694 1777 792 1823 xiv).
818 1777 943 1813 Tribus
962 1789 1042 1824 erqo
1061 1776 1139 1814 Gad

78 1840 236 1886 princeps
253 1847 328 1875 erat
348 1840 517 1886 Eliusaplc
532 1839 627 1885 filius
642 1838 746 1874 Duel.
762 1839 837 1875 Gad
856 1850 941 1886 ergo
958 1840 1141 1875 accinctus

79 1898 360 1943 interpretatur,
393 1905 428 1936 et
460 1899 631 1945 Eliasaph
668 1899 732 1934 Dei
765 1899 837 1935 mei
876 1900 1054 1945 protectio
1082 1899 1141 1936 vel

78 1958 257 2001 ascensio,
276 1959 363 1994 Duel
391 1970 535 2005 quoque
555 1969 755 2006 agnoscens
787 1959 918 1995 Deum.
954 1959 1000 1995 Et
1031 1969 1140 2006 quem

77 2020 207 2056 melius
223 2019 299 2056 Gad
316 2031 381 2067 per
391 2020 543 2068 liguram
558 2022 762 2067 exprimere
779 2026 914 2068 potest,
927 2031 1035 2067 quam
1050 2021 1140 2058 fide-

78 2081 166 2118 lium
184 2083 376 2130 populum?
414 2084 476 2130 qui
506 2094 650 2130 semper
675 2084 817 2131 justitia
841 2084 972 2120 mentis
998 2084 1138 2121 lumbos
1157 2066 1188 2109 C

78 2148 191 2188 tenet,
209 2150 245 2181 et
265 2144 350 2181 fidei
368 2150 470 2181 scuto
488 2155 531 2181 ac
559 2145 671 2182 armis
695 2145 920 2193 spiritalibus
938 2145 1138 2182 instructus

79 2203 125 2239 ad
152 2198 379 2249 bellandum,
403 2211 531 2242 eontra
561 2206 742 2253 spiritales
775 2208 955 2254 nequitias
996 2217 1139 2253 semper

77 2270 227 2312 paratus
257 2273 340 2311 est;
363 2267 420 2303 eui
451 2268 542 2304 aciei
566 2269 740 2314 praevidet
769 2269 937 2306 Christus
970 2270 1139 2306 Salvator

78 2331 215 2370 noster,
237 2333 338 2364 ortus
357 2328 400 2364 dc
418 2329 533 2376 stirpe
558 2336 767 2368 sanctorum
782 2332 1018 2379 Patru1n,qui
1033 2344 1139 2370 vcra-

78 2387 170 2424 citer
184 2387 295 2424 Deum
314 2391 609 2435 agnoscebantac
623 2394 802 2430 mandatis
815 2394 892 2441 cjus
906 2395 1135 2432 obediebant.

76 2447 156 2495 Ipse
173 2449 307 2486 milites
324 2461 407 2487 suos
423 2451 468 2487 ad
486 2453 650 2498 praelium
672 2454 807 2500 dirigit,
820 2465 954 2500 cosque
968 2456 1138 2501 potentiae

34 2536 37 2539 .
77 2519 152 2545 sure
170 2510 315 2553 virtute,
331 2522 376 2547 ne
391 2522 514 2548 coram
535 2514 638 2550 hoste
653 2515 1044 2559 corruant,clc1nentcr
1058 2527 1140 2562 pro-

78 2571 181 2616 tegit.
207 2571 406 2608 Possumus
423 2578 460 2609 et
479 2580 623 2610 sanctos
654 2575 820 2611 doctores
839 2576 876 2611 in
896 2576 972 2612 Gad
991 2577 1137 2614 nomine

79 2630 292 2677 intelligere,
314 2631 374 2677 qui
396 2633 432 2668 in
450 2634 639 2678 procinctu
656 2634 739 2670 belli
755 2636 955 2679 constituti,
975 2637 1139 2675 hostibus

80 2691 252 2728 resistere
264 2702 407 2738 semper
426 2694 543 2739 parati
557 2700 653 2731 sunt.
666 2696 710 2731 Et
724 2697 855 2733 merito
875 2697 944 2744 ipsi
965 2698 1060 2734 inter
1076 2710 1138 2737 eos

79 2753 272 2797 excellunt,
297 2754 358 2800 qui
389 2754 573 2802 Elissam),
599 2756 635 2792 id
655 2763 725 2801 est,
746 2759 970 2796 ascensionis
994 2762 1138 2799 nomine

78 2819 253 2851 notantur
275 2827 283 2850 :
306 2815 390 2862 quia
428 2827 510 2853 cum
536 2818 646 2855 corda
682 2830 747 2855 sua
776 2821 918 2857 elevant
951 2823 997 2858 ad
1023 2823 1136 2860 Deum

79 2876 234 2924 indeque
245 2882 372 2924 petunt
389 2880 577 2924 auxilium,
595 2881 630 2916 in
647 2880 781 2918 intimis
795 2883 899 2919 obrui
915 2883 960 2919 ab
974 2886 1137 2923 hostibus

79 2948 307 2986 nequaquam
325 2946 490 2986 possunt.
509 2941 559 2977 De
575 2942 706 2988 quibus
722 2953 786 2988 per
801 2943 1034 2982 Salomonem
1049 2947 1135 2983 dici-

79 3001 164 3034 tur:
188 2996 311 3035 Gallus
331 3001 527 3037 succinctus
550 3001 684 3039 lumbos
705 3011 736 3040 et
769 3005 880 3049 aries,
899 3018 968 3043 non
998 3015 1046 3044 est
1079 3021 1139 3046 rece

78 3059 137 3105 qui
158 3060 293 3096 resistas
310 3062 341 3096 ei
360 3060 480 3108 (Prov.
502 3062 602 3111 xxx).
620 3063 760 3101 Gallum
778 3067 864 3104 dicit
881 3069 1137 3114 praedicatores

80 3122 248 3163 sanctos,
269 3121 364 3157 inter
389 3120 496 3167 hujus
528 3124 644 3161 noctis
683 3127 850 3164 tenebras
882 3139 1009 3166 verum
1032 3128 1138 3170 mane

82 3179 316 3216 nuntiantes:
335 3182 396 3228 qui
414 3183 590 3220 succincti
611 3185 742 3223 lumbis
771 3193 869 3232 sunt,
890 3190 950 3236 qui
975 3201 994 3226 a
1024 3203 1137 3228 niem-

80 3238 156 3276 hris
170 3241 245 3277 suis
258 3238 412 3279 luxuriae
425 3242 522 3279 fluxa
538 3245 780 3293 restringunt3
802 3247 868 3284 hos
883 3248 979 3296 ipsos
993 3256 1028 3286 et
1043 3251 1138 3288 aries

81 3296 160 3338 loco
180 3301 248 3339 hoc
272 3303 465 3350 significat,
482 3306 519 3343 id
537 3312 606 3350 est,
627 3309 787 3354 primum
813 3310 909 3346 intra
938 3311 1137 3350 Ecclesiam

80 3362 245 3399 ordinem
259 3365 499 3411 sacerdotum,
510 3367 555 3404 de
571 3368 702 3420 quibus
719 3370 895 3418 seriptum
912 3377 990 3409 est:
1009 3373 1141 3420 Allierte

82 3420 233 3460 Domino
257 3423 350 3472 filios
381 3426 530 3481 arietum
555 3427 670 3478 (Psat.
698 3431 777 3479 xx),
798 3432 860 3478 qui
886 3443 952 3479 per
975 3434 1140 3481 exempla

82 3491 149 3520 sua
165 3482 388 3531 gradientem
406 3486 707 3536 populum,quasi
727 3491 1008 3538 subsequentem
1019 3493 1139 3531 ovium

83 3553 240 3597 gregem,
265 3547 426 3584 trahunt.
446 3547 584 3594 Quibus
601 3542 817 3598 spiritaliter
832 3558 1003 3600 recteque
1018 3554 1140 3591 viven-

100 3602 110 3612 ”
195 3599 317 3657 attilus
327 3619 394 3647 rex
411 3609 544 3657 sufficit
562 3613 711 3653 omniuo
731 3614 915 3659 resistere,
938 3614 1022 3662 quia
1053 3615 1139 3652 licet

141 3709 147 3715 ,
243 3675 458 3724 Μανιλίῳ·
470 3671 608 3722 *obviem
621 3673 863 3713 intentionem
876 3686 1001 3714 eorum
1018 3682 1138 3714 tamen

85 3732 163 3764 ¹¹⁰¹*
175 3723 498 3783 mites
507 3730 640 3781 tritam
650 3746 788 3785 quoqu
802 3736 1031 3786 Nepamatim
1045 3738 1140 3785 priu-

0 3791 63 4016 ι
76 3787 199 3839 ,ἄρεω
210 3788 321 3830 tor&
330 3779 409 3833 'tiit‘
420 3795 531 3835 tonuit
538 3782 687 3836 Abiram
697 3793 944 3848 filium'Enon.
954 3798 1139 3849 Nephtha-

1212 1218 1326 1254 micos
1353 1217 1565 1253 extendunt.
1599 1218 1737 1254 Ilorum
1758 1219 1928 1267 princeps
1950 1225 2006 1256 est
2024 1219 2190 1266 Ahiram,
2206 1221 2277 1259 hoc

1212 1284 1264 1315 est
1285 1279 1361 1325 ipsc
1377 1279 1552 1315 Dominus
1572 1292 1579 1314 z
1598 1281 1658 1326 qui
1681 1290 1744 1316 cos
1762 1281 1815 1316 sui
1830 1282 1964 1318 amoris
1980 1282 2112 1318 ducatu
2125 1283 2218 1330 regit
2233 1294 2276 1320 ac

1211 1340 1382 1386 protegit,
1394 1351 1483 1386 quos
1495 1352 1565 1376 non
1579 1341 1673 1377 inter
1682 1352 1820 1386 servos,
1832 1343 1894 1379 sed
1904 1343 1999 1379 inter
2012 1344 2148 1381 amicos
2163 1346 2275 1382 aseri-

1211 1402 1297 1438 bere
1314 1403 1480 1448 dignatus
1495 1404 1699 1447 est,diccns
1718 1405 1770 1440 eis
1789 1416 1870 1441 cum
1891 1407 2064 1453 apostolis
2081 1419 2089 1443 :
2105 1407 2188 1444 Jam
2205 1419 2273 1445 uon

1211 1463 1326 1498 dicam
1346 1474 1403 1499 vos
1430 1475 1557 1507 servos,
1575 1464 1634 1499 sed
1658 1466 1801 1508 atvzicos,
1819 1467 1902 1513 quia
1922 1468 2040 1503 omnia
2059 1479 2273 1517 qusecunque

1212 1525 1330 1559 audiri
1346 1537 1366 1559 α
1388 1523 1496 1560 Patre
1511 1537 1598 1569 meo,
1614 1532 1696 1561 nota
1714 1526 1779 1573 feci
1796 1527 1889 1563 robis
1912 1527 2034 1574 (Joan.
2050 1529 2126 1577 xv).
2145 1529 2195 1566 Hi
2210 1541 2273 1566 tto-

1211 1587 1552 1635 bilt'sst'miprz'ncz'pes
1567 1589 1801 1625 multitudinis
1811 1584 1994 1636 pet-‘tribus
2004 1597 2036 1627 et
2050 1593 2272 1638 cognationes

1210 1661 1306 1693 suas,
1325 1656 1355 1685 et
1375 1650 1489 1696 capita
1505 1650 1676 1685 exercilus
1698 1650 1825 1686 Israel.
1847 1651 1910 1687 Isti
1931 1651 2040 1687 etiam
2069 1658 2154 1688 sunt
2171 1654 2272 1700 prin-

1211 1711 1308 1758 cipes
1331 1710 1570 1746 multitudinis
1595 1710 1768 1755 fidelium,
1788 1712 1863 1758 qui,
1882 1712 2075 1748 virtutibus
2104 1713 2269 1760 praeclari

1210 1777 1247 1807 ct
1270 1772 1431 1808 doctrina
1452 1772 1595 1815 eximii,
1619 1773 1748 1809 merito
1769 1774 1805 1809 in
1832 1773 1994 1811 Ecclesia
2015 1774 2216 1811 eminentes
2236 1780 2270 1811 et

1208 1834 1346 1880 praelati
1370 1836 1622 1871 ostenduntur.

1258 1894 1353 1937 Quos
1374 1895 1527 1931 tulerunt
1552 1896 1691 1943 Moyses
1724 1904 1755 1934 et
1790 1898 1909 1935 Aaron
1942 1910 2022 1935 cum
2051 1900 2145 1937 omni
2175 1900 2270 1948 vtthi

1208 1952 1455 1998 multitudine,
1481 1962 1513 1990 et
1536 1965 1830 2003 corcyreyaoerunt
1857 1960 1969 2005 primo
1989 1960 2046 1997 die
2063 1962 2192 1998 mensis
2217 1973 2270 1998 se-

1210 2016 1329 2066 eundt‘,
1347 2024 1560 2053 recensentes
1586 2030 1643 2054 eos
1675 2032 1736 2067 per
1766 2023 1987 2067 cognationes
2016 2029 2049 2058 et
2079 2024 2199 2060 domos
2230 2036 2270 2061 ac

1210 2076 1379 2123 seruilius,
1396 2083 1427 2113 et
1449 2079 1578 2125 capita,
1602 2086 1633 2115 el
1649 2082 1789 2116 nomina
1808 2083 2041 2128 sinqulorum,
2058 2096 2079 2120 a
2105 2086 2268 2131 vigesimo

1210 2150 1303 2174 anno
1329 2146 1361 2174 et
1394 2151 1514 2186 supra,
1543 2141 1631 2176 sicut
1666 2150 1877 2190 proeceperat
1907 2144 2079 2182 Dominus
2115 2146 2230 2193 Moysi
2257 2156 2269 2181 ;

1208 2201 1450 2247 numeratique
1466 2207 1544 2237 sunt
1562 2202 1596 2237 in
1619 2203 1754 2239 deserto
1776 2203 1892 2240 Sinai.
1927 2204 2010 2252 (Ex
2028 2205 2237 2253 Auqustino.
2256 2208 2269 2255 )

1208 2261 1336 2298 Merito
1355 2264 1528 2309 quaeritnr
1548 2265 1634 2311 quid
1658 2266 1725 2302 sibi
1751 2267 1835 2303 velit
1860 2269 1955 2314 quod
1974 2279 2040 2315 per
2057 2280 2182 2307 omnes
2204 2271 2267 2306 tri-

1207 2322 1288 2365 bus,
1308 2323 1369 2358 ubi
1394 2330 1648 2369 computantur
1671 2325 1735 2362 filii
1770 2327 1878 2364 lsrael
1907 2328 1943 2365 in
1974 2334 2080 2365 :etate
2104 2330 2266 2375 militari,

1209 2383 1342 2419 dicitur
1361 2393 1423 2419 eos
1440 2385 1640 2422 recensitos
1660 2397 1724 2431 per
1742 2388 1977 2432 cognationes
2005 2394 2040 2424 ct
2066 2389 2190 2425 domos
2224 2400 2266 2427 ac

1207 2445 1379 2488 familias,
1391 2451 1428 2481 et
1443 2446 1562 2492 capita
1577 2453 1612 2482 et
1631 2448 1776 2484 nomina
1794 2449 2031 2495 singulorum,
2043 2451 2148 2496 quasi
2168 2451 2265 2488 aliud

1209 2507 1255 2543 sit
1269 2517 1335 2552 per
1353 2507 1708 2553 cognationes‚aliud
1727 2519 1792 2554 per
1810 2510 1947 2553 domos,
1964 2510 2061 2547 aliud
2075 2521 2139 2557 per
2156 2511 2263 2549 fami-

1207 2568 1289 2612 lias,
1307 2567 1404 2603 aIIud
1418 2577 1482 2613 per
1502 2568 1634 2614 capita,
1651 2569 1748 2605 aliud
1766 2580 1830 2615 per
1850 2570 1996 2608 uomina
2017 2571 2260 2618 singulorum3

1207 2639 1289 2666 cum
1310 2628 1430 2674 potius
1447 2628 1637 2665 videantur
1661 2630 1740 2667 aliis
1759 2631 1879 2667 verbis
1898 2632 2024 2668 eadem
2060 2633 2266 2680 significare

1206 2690 1368 2727 nomina.
1390 2689 1631 2727 Intentionem
1652 2698 1773 2728 autem
1804 2698 1937 2736 movet,
1968 2693 2051 2739 quia
2080 2699 2154 2730 tam
2183 2695 2263 2732 dili-

1208 2757 1334 2799 genter
1350 2761 1416 2798 per
1429 2762 1555 2788 omnes
1573 2753 1689 2789 tribus
1704 2754 1829 2790 eadem
1848 2754 2114 2800 describuntur,
2134 2762 2175 2793 ut
2193 2767 2264 2794 non

1207 2813 1342 2850 frustra
1360 2813 1440 2851 fieri
1458 2815 1577 2860 quivis
1594 2815 1702 2852 etiam
1723 2816 1856 2860 videat,
1877 2818 1946 2853 etsi
1975 2828 2047 2854 non
2074 2818 2264 2867 intelligat.

1208 2874 1390 2910 Nimirum
1410 2885 1498 2922 ergo
1518 2887 1692 2914 numerus
1710 2878 1788 2925 ipse
1808 2879 1943 2925 aliquid
1961 2879 2121 2917 insinuat
2141 2891 2264 2918 saera-

1209 2937 1335 2982 menti,
1354 2943 1392 2973 ut
1412 2939 1481 2975 hoe
1501 2938 1596 2975 idem
1612 2940 1805 2986 quinquies
1831 2941 1930 2978 varie
1952 2947 2150 2988 repetatur.
2170 2943 2261 2980 Nam

1209 2998 1277 3035 iste
1293 3010 1479 3043 numerus,
1499 3000 1594 3037 sieut
1619 3001 1656 3037 in
1691 3002 1780 3048 ipsis
1813 3003 1971 3049 quinque
2003 3002 2106 3040 libris
2135 3002 2264 3051 Moysi,

1209 3060 1244 3096 id
1267 3064 1322 3096 est
1345 3060 1545 3105 quinarius,
1562 3061 1598 3097 in
1620 3061 1740 3098 Veteri
1757 3062 1988 3099 Testamento
2002 3063 2160 3100 maxime
2173 3074 2268 3100 com-

1208 3122 1414 3157 mendatur.
1434 3121 1498 3158 lita
1514 3132 1602 3158 vero
1614 3133 1695 3168 quae
1705 3123 1872 3168 dcinecps
1884 3128 2039 3169 (piatuor
2048 3128 2267 3159 connectun-

1208 3190 1282 3228 tur,
1302 3185 1337 3220 id
1351 3190 1420 3228 est,
1436 3184 1647 3228 masculina,
1667 3196 1689 3220 α
1713 3185 1830 3230 viginti
1850 3184 1951 3219 (tuuis
1968 3189 2001 3218 et
2017 3194 2137 3229 supra,
2153 3184 2266 3219 omnis

1206 3247 1267 3293 qui
1285 3246 1440 3293 procedit
1459 3247 1497 3282 in
1516 3248 1654 3289 virtute,
1667 3245 1852 3291 recoquitio
1871 3254 1990 3279 eorum
2015 3243 2125 3290 (sicut
2143 3244 2180 3279 in
2199 3243 2265 3282 Se·

1208 3309 1395 3355 ptuaginta
1413 3307 1672 3353 interpretibus
1685 3304 1851 3351 liabetur)
1871 3303 2004 3340 habeut
2019 3305 2264 3341 necessariam

1210 3371 1464 3408 differentiam.
1476 3370 1564 3406 Cum
1576 3368 1671 3405 enim
1686 3372 1852 3414 ageretur
1864 3367 1908 3403 de
1920 3375 2073 3403 numero
2081 3367 2262 3405 universae

1210 3431 1452 3468 multitudinis
1471 3431 1516 3466 ad
1533 3438 1642 3465 unam
1661 3427 1791 3463 tribum
1812 3426 2040 3472 pertinentis,
2059 3427 2266 3466 discernen-

1210 3492 1278 3528 dus
1306 3495 1384 3527 erat
1405 3498 1532 3532 sexus;
1563 3488 1644 3524 ideo
1667 3486 1840 3534 positum,
1855 3487 1974 3524 omnia
1989 3488 2199 3526 masculina.
2218 3489 2264 3526 Et

1210 3559 1257 3586 ne
1274 3548 1415 3596 parvuli
1431 3549 1540 3584 etiam
1556 3551 1826 3594 computentur,
1839 3545 2048 3594 adiunctum
2065 3550 2136 3594 est,
2161 3561 2183 3586 a
2211 3550 2263 3586 υἱ-

1210 3612 1299 3660 9ἰηιι·
1315 3611 1417 3647 annis
1433 3616 1467 3646 et
1485 3606 1607 3657 supra.
1641 3609 1782 3646 Rursus
1810 3608 1856 3646 tle
1884 3609 2041 3648 imbellis
2065 3612 2262 3649 senectutis

1209 3679 1298 3710 aetas
1316 3676 1628 3716 annumeraretur,
1646 3671 1807 3708 additum
1827 3674 1896 3717 est,
1917 3673 2029 3710 omnis
2054 3673 2116 3721 qut
2137 3680 2260 3722 prooe-

1209 3734 1261 3770 dte
1291 3734 1331 3771 in
1360 3733 1499 3770 virtute.
1522 3731 1569 3770 Et
1597 3732 1718 3769 omnia
1747 3731 2010 3770 concluduntur
2027 3733 2142 3771 verbo
2156 3727 2266 3780 liutius

1210 3795 1331 3843 operis
1346 3804 1419 3843 quo
1431 3793 1553 3840 tiebat,
1563 3799 1605 3832 ut
1622 3794 1979 3845 dicaturnoeoanitie
1995 3802 2130 3835 aarum
2148 3793 2265 3837 Reco-
