<?xml version="1.0" encoding="UTF-8"?>
<!DOCTYPE html PUBLIC "-//W3C//DTD XHTML 1.0 Transitional//EN"
    "http://www.w3.org/TR/xhtml1/DTD/xhtml1-transitional.dtd">
<html xmlns="http://www.w3.org/1999/xhtml" xml:lang="en" lang="en">
 <head>
  <title>
</title>
<meta http-equiv="Content-Type" content="text/html;charset=utf-8" />
  <meta name='ocr-system' content='tesseract 3.04.00' />
  <meta name='ocr-capabilities' content='ocr_page ocr_carea ocr_par ocr_line ocrx_word'/>
</head>
<body>
  <div class='ocr_page' id='page_1' title='image "./patrologiae00unknuoft_0338.png"; bbox 0 0 2540 4016; ppageno 0'>
   <div class='ocr_carea' id='block_1_1' title="bbox 302 185 372 220">
    <p class='ocr_par' dir='ltr' id='par_1_1' title="bbox 302 185 372 220">
     <span class='ocr_line' id='line_1_1' title="bbox 302 185 372 220; baseline 0 0"><span class='ocrx_word' id='word_1_1' title='bbox 302 185 372 220; x_wconf 81' lang='lat'><strong>665</strong></span> 
     </span>
    </p>
   </div>
   <div class='ocr_carea' id='block_1_2' title="bbox 286 316 1350 1155">
    <p class='ocr_par' dir='ltr' id='par_1_2' title="bbox 286 316 1350 1155">
     <span class='ocr_line' id='line_1_2' title="bbox 298 316 1350 365; baseline 0.001 -12"><span class='ocrx_word' id='word_1_2' title='bbox 298 318 470 365; x_wconf 83' lang='lat' dir='ltr'>proximis</span> <span class='ocrx_word' id='word_1_3' title='bbox 488 316 593 361; x_wconf 90' lang='lat' dir='ltr'><strong>meis,</strong></span> <span class='ocrx_word' id='word_1_4' title='bbox 611 317 738 354; x_wconf 88' lang='lat' dir='ltr'><strong>videns</strong></span> <span class='ocrx_word' id='word_1_5' title='bbox 755 323 890 364; x_wconf 87' lang='lat' dir='ltr'><strong>quanta</strong></span> <span class='ocrx_word' id='word_1_6' title='bbox 904 328 950 353; x_wconf 85' lang='lat' dir='ltr'><strong>ex</strong></span> <span class='ocrx_word' id='word_1_7' title='bbox 965 318 1035 354; x_wconf 90' lang='lat' dir='ltr'><strong>hac</strong></span> <span class='ocrx_word' id='word_1_8' title='bbox 1051 316 1250 362; x_wconf 79' lang='lat' dir='ltr'><strong>indignatio</strong></span> <span class='ocrx_word' id='word_1_9' title='bbox 1273 316 1350 354; x_wconf 80' lang='lat' dir='ltr'><strong>sue-</strong></span> 
     </span>
     <span class='ocr_line' id='line_1_3' title="bbox 296 377 1349 425; baseline -0.001 -10"><span class='ocrx_word' id='word_1_10' title='bbox 296 379 344 415; x_wconf 91' lang='lat' dir='ltr'><strong>rit</strong></span> <span class='ocrx_word' id='word_1_11' title='bbox 357 379 434 424; x_wconf 91' lang='lat' dir='ltr'><strong>Dei,</strong></span> <span class='ocrx_word' id='word_1_12' title='bbox 449 383 582 425; x_wconf 88' lang='lat' dir='ltr'><strong>quanta</strong></span> <span class='ocrx_word' id='word_1_13' title='bbox 600 378 759 415; x_wconf 84' lang='lat' dir='ltr'><strong>vindicta</strong></span> <span class='ocrx_word' id='word_1_14' title='bbox 772 378 1002 425; x_wconf 88' lang='lat' dir='ltr'><strong>processerit.</strong></span> <span class='ocrx_word' id='word_1_15' title='bbox 1025 377 1200 424; x_wconf 87' lang='lat' dir='ltr'><strong>Denique,</strong></span> <span class='ocrx_word' id='word_1_16' title='bbox 1221 379 1349 414; x_wconf 88' lang='lat' dir='ltr'><strong>adver-</strong></span> 
     </span>
     <span class='ocr_line' id='line_1_4' title="bbox 296 439 1346 486; baseline 0 -9"><span class='ocrx_word' id='word_1_17' title='bbox 296 450 376 477; x_wconf 87' lang='lat' dir='ltr'><strong>sum</strong></span> <span class='ocrx_word' id='word_1_18' title='bbox 401 444 586 486; x_wconf 88' lang='lat' dir='ltr'><strong>peecatum</strong></span> <span class='ocrx_word' id='word_1_19' title='bbox 619 439 717 476; x_wconf 89' lang='lat' dir='ltr'><strong>istud</strong></span> <span class='ocrx_word' id='word_1_20' title='bbox 746 440 856 476; x_wconf 86' lang='lat' dir='ltr'><strong>simili</strong></span> <span class='ocrx_word' id='word_1_21' title='bbox 888 439 1135 486; x_wconf 75' lang='lat' dir='ltr'><strong>indignatione</strong></span> <span class='ocrx_word' id='word_1_22' title='bbox 1168 440 1278 476; x_wconf 89' lang='lat' dir='ltr'><strong>etiam</strong></span> <span class='ocrx_word' id='word_1_23' title='bbox 1307 441 1346 477; x_wconf 89' lang='lat' dir='ltr'><strong>in</strong></span> 
     </span>
     <span class='ocr_line' id='line_1_5' title="bbox 294 499 1344 548; baseline 0 -12"><span class='ocrx_word' id='word_1_24' title='bbox 294 501 442 548; x_wconf 88' lang='lat' dir='ltr'><strong>psalmis</strong></span> <span class='ocrx_word' id='word_1_25' title='bbox 459 499 600 537; x_wconf 86' lang='lat' dir='ltr'><strong>Domini</strong></span> <span class='ocrx_word' id='word_1_26' title='bbox 629 501 850 537; x_wconf 83' lang='lat' dir='ltr'><strong>commoveri</strong></span> <span class='ocrx_word' id='word_1_27' title='bbox 875 500 1040 536; x_wconf 90' lang='lat' dir='ltr'><strong>videmus</strong></span> <span class='ocrx_word' id='word_1_28' title='bbox 1055 504 1092 536; x_wconf 87' lang='lat' dir='ltr'><strong>et</strong></span> <span class='ocrx_word' id='word_1_29' title='bbox 1108 500 1229 537; x_wconf 81' lang='lat' dir='ltr'><strong>dicere</strong></span> <span class='ocrx_word' id='word_1_30' title='bbox 1250 512 1258 536; x_wconf 92' lang='lat'>:</span> <span class='ocrx_word' id='word_1_31' title='bbox 1279 499 1344 536; x_wconf 89' lang='lat' dir='ltr'><strong>Se-</strong></span> 
     </span>
     <span class='ocr_line' id='line_1_6' title="bbox 294 561 1344 608; baseline 0 -11"><span class='ocrx_word' id='word_1_32' title='bbox 294 562 378 597; x_wconf 88' lang='lat' dir='ltr'><strong>dens</strong></span> <span class='ocrx_word' id='word_1_33' title='bbox 397 562 559 597; x_wconf 85' lang='lat' dir='ltr'><strong>adversus</strong></span> <span class='ocrx_word' id='word_1_34' title='bbox 582 561 728 608; x_wconf 77' lang='lat' dir='ltr'><strong>fratrem</strong></span> <span class='ocrx_word' id='word_1_35' title='bbox 753 566 852 597; x_wconf 87' lang='lat' dir='ltr'><strong>tuum</strong></span> <span class='ocrx_word' id='word_1_36' title='bbox 877 561 1082 597; x_wconf 74' lang='lat' dir='ltr'><strong>detrahebas</strong></span> <span class='ocrx_word' id='word_1_37' title='bbox 1098 587 1108 605; x_wconf 88' lang='lat'>‚</span> <span class='ocrx_word' id='word_1_38' title='bbox 1124 567 1157 597; x_wconf 86' lang='lat' dir='ltr'><strong>et</strong></span> <span class='ocrx_word' id='word_1_39' title='bbox 1178 561 1344 597; x_wconf 85' lang='lat' dir='ltr'><strong>adversus</strong></span> 
     </span>
     <span class='ocr_line' id='line_1_7' title="bbox 291 621 1342 670; baseline -0.001 -13"><span class='ocrx_word' id='word_1_40' title='bbox 291 622 405 668; x_wconf 76' lang='lat' dir='ltr'><strong>filium</strong></span> <span class='ocrx_word' id='word_1_41' title='bbox 426 624 549 659; x_wconf 85' lang='lat' dir='ltr'><strong>matris</strong></span> <span class='ocrx_word' id='word_1_42' title='bbox 579 628 649 659; x_wconf 81' lang='lat' dir='ltr'><strong>tuoe</strong></span> <span class='ocrx_word' id='word_1_43' title='bbox 666 623 818 670; x_wconf 79' lang='lat' dir='ltr'><strong>ponebas</strong></span> <span class='ocrx_word' id='word_1_44' title='bbox 849 621 1055 663; x_wconf 63' lang='lat' dir='ltr'><strong>scandalum</strong></span> <span class='ocrx_word' id='word_1_45' title='bbox 1073 621 1086 669; x_wconf 92' lang='lat'><strong>(</strong></span> <span class='ocrx_word' id='word_1_46' title='bbox 1107 621 1206 658; x_wconf 88' lang='lat' dir='ltr'><strong>Psal.</strong></span> <span class='ocrx_word' id='word_1_47' title='bbox 1227 621 1342 669; x_wconf 79' lang='lat' dir='ltr'><strong>xux).</strong></span> 
     </span>
     <span class='ocr_line' id='line_1_8' title="bbox 293 681 1341 728; baseline -0.001 -10"><span class='ocrx_word' id='word_1_48' title='bbox 293 681 467 718; x_wconf 86' lang='lat' dir='ltr'><strong>Similiter</strong></span> <span class='ocrx_word' id='word_1_49' title='bbox 483 687 603 719; x_wconf 90' lang='lat' dir='ltr'><strong>autem</strong></span> <span class='ocrx_word' id='word_1_50' title='bbox 618 687 655 718; x_wconf 90' lang='lat' dir='ltr'><strong>et</strong></span> <span class='ocrx_word' id='word_1_51' title='bbox 681 682 718 718; x_wconf 95' lang='lat' dir='ltr'><strong>in</strong></span> <span class='ocrx_word' id='word_1_52' title='bbox 738 682 808 718; x_wconf 92' lang='lat' dir='ltr'><strong>alio</strong></span> <span class='ocrx_word' id='word_1_53' title='bbox 822 682 962 728; x_wconf 89' lang='lat' dir='ltr'><strong>psalmo</strong></span> <span class='ocrx_word' id='word_1_54' title='bbox 991 693 1034 718; x_wconf 83' lang='lat' dir='ltr'><strong>ex</strong></span> <span class='ocrx_word' id='word_1_55' title='bbox 1052 692 1208 728; x_wconf 91' lang='lat' dir='ltr'><strong>persona</strong></span> <span class='ocrx_word' id='word_1_56' title='bbox 1238 682 1341 728; x_wconf 88' lang='lat' dir='ltr'><strong>justi,</strong></span> 
     </span>
     <span class='ocr_line' id='line_1_9' title="bbox 291 744 1345 791; baseline -0.002 -10"><span class='ocrx_word' id='word_1_57' title='bbox 291 746 413 783; x_wconf 87' lang='lat' dir='ltr'><strong>scietis</strong></span> <span class='ocrx_word' id='word_1_58' title='bbox 431 746 500 781; x_wconf 90' lang='lat' dir='ltr'><strong>hoc</strong></span> <span class='ocrx_word' id='word_1_59' title='bbox 518 746 591 782; x_wconf 94' lang='lat' dir='ltr'><strong>Deo</strong></span> <span class='ocrx_word' id='word_1_60' title='bbox 604 755 713 791; x_wconf 89' lang='lat' dir='ltr'><strong>quam</strong></span> <span class='ocrx_word' id='word_1_61' title='bbox 733 745 888 781; x_wconf 81' lang='lat' dir='ltr'><strong>maxime</strong></span> <span class='ocrx_word' id='word_1_62' title='bbox 913 744 1116 790; x_wconf 87' lang='lat' dir='ltr'><strong>displicere,</strong></span> <span class='ocrx_word' id='word_1_63' title='bbox 1145 745 1239 790; x_wconf 88' lang='lat' dir='ltr'><strong>quod</strong></span> <span class='ocrx_word' id='word_1_64' title='bbox 1259 744 1345 780; x_wconf 90' lang='lat' dir='ltr'><strong>dici-</strong></span> 
     </span>
     <span class='ocr_line' id='line_1_10' title="bbox 291 807 1344 853; baseline -0.002 -10"><span class='ocrx_word' id='word_1_65' title='bbox 291 813 350 843; x_wconf 86' lang='lat' dir='ltr'><strong>tur</strong></span> <span class='ocrx_word' id='word_1_66' title='bbox 372 819 380 843; x_wconf 74' lang='grc' dir='ltr'><strong>ι</strong></span> <span class='ocrx_word' id='word_1_67' title='bbox 402 807 644 844; x_wconf 81' lang='lat' dir='ltr'><strong>Detrahentem</strong></span> <span class='ocrx_word' id='word_1_68' title='bbox 679 807 811 843; x_wconf 84' lang='lat' dir='ltr'><strong>occulte</strong></span> <span class='ocrx_word' id='word_1_69' title='bbox 833 807 999 842; x_wconf 85' lang='lat' dir='ltr'><strong>adversus</strong></span> <span class='ocrx_word' id='word_1_70' title='bbox 1022 807 1220 853; x_wconf 74' lang='lat' dir='ltr'><strong>proximum</strong></span> <span class='ocrx_word' id='word_1_71' title='bbox 1241 817 1344 841; x_wconf 85' lang='lat' dir='ltr'><strong>suum</strong></span> 
     </span>
     <span class='ocr_line' id='line_1_11' title="bbox 287 866 1345 915; baseline -0.002 -13"><span class='ocrx_word' id='word_1_72' title='bbox 287 868 515 914; x_wconf 79' lang='lat' dir='ltr'><strong>persequebar</strong></span> <span class='ocrx_word' id='word_1_73' title='bbox 535 866 661 915; x_wconf 86' lang='lat' dir='ltr'><strong>(Psal.</strong></span> <span class='ocrx_word' id='word_1_74' title='bbox 693 877 738 904; x_wconf 85' lang='lat' dir='ltr'><strong>cx</strong></span> <span class='ocrx_word' id='word_1_75' title='bbox 755 867 782 914; x_wconf 95' lang='lat'><strong>).</strong></span> <span class='ocrx_word' id='word_1_76' title='bbox 801 867 854 903; x_wconf 84' lang='lat' dir='ltr'><strong>Ex</strong></span> <span class='ocrx_word' id='word_1_77' title='bbox 881 867 939 903; x_wconf 90' lang='lat' dir='ltr'><strong>his</strong></span> <span class='ocrx_word' id='word_1_78' title='bbox 970 866 1080 913; x_wconf 83' lang='lat' dir='ltr'><strong>igitur</strong></span> <span class='ocrx_word' id='word_1_79' title='bbox 1109 866 1274 901; x_wconf 87' lang='lat' dir='ltr'><strong>omnibus</strong></span> <span class='ocrx_word' id='word_1_80' title='bbox 1291 866 1345 901; x_wconf 89' lang='lat' dir='ltr'><strong>di-</strong></span> 
     </span>
     <span class='ocr_line' id='line_1_12' title="bbox 291 926 1343 974; baseline -0.002 -12"><span class='ocrx_word' id='word_1_81' title='bbox 291 928 382 964; x_wconf 79' lang='lat' dir='ltr'><strong>vinae</strong></span> <span class='ocrx_word' id='word_1_82' title='bbox 402 927 596 974; x_wconf 82' lang='lat' dir='ltr'><strong>Scripturae</strong></span> <span class='ocrx_word' id='word_1_83' title='bbox 610 928 839 964; x_wconf 87' lang='lat' dir='ltr'><strong>sermonibus</strong></span> <span class='ocrx_word' id='word_1_84' title='bbox 852 927 952 963; x_wconf 86' lang='lat' dir='ltr'><strong>velut</strong></span> <span class='ocrx_word' id='word_1_85' title='bbox 970 927 1100 974; x_wconf 79' lang='lat' dir='ltr'><strong>gladiis</strong></span> <span class='ocrx_word' id='word_1_86' title='bbox 1127 926 1343 972; x_wconf 88' lang='lat' dir='ltr'><strong>quibusdam</strong></span> 
     </span>
     <span class='ocr_line' id='line_1_13' title="bbox 287 987 1342 1035; baseline 0 -13"><span class='ocrx_word' id='word_1_87' title='bbox 287 988 458 1035; x_wconf 86' lang='lat' dir='ltr'><strong>utrinque</strong></span> <span class='ocrx_word' id='word_1_88' title='bbox 479 989 607 1032; x_wconf 89' lang='lat' dir='ltr'><strong>acutis,</strong></span> <span class='ocrx_word' id='word_1_89' title='bbox 629 989 855 1025; x_wconf 88' lang='lat' dir='ltr'><strong>obtrectandi</strong></span> <span class='ocrx_word' id='word_1_90' title='bbox 875 987 1062 1030; x_wconf 83' lang='lat' dir='ltr'><strong>fratribus,</strong></span> <span class='ocrx_word' id='word_1_91' title='bbox 1088 992 1124 1023; x_wconf 91' lang='lat' dir='ltr'><strong>et</strong></span> <span class='ocrx_word' id='word_1_92' title='bbox 1146 987 1342 1032; x_wconf 85' lang='lat' dir='ltr'><strong>derogandi</strong></span> 
     </span>
     <span class='ocr_line' id='line_1_14' title="bbox 286 1046 1343 1093; baseline -0.003 -10"><span class='ocrx_word' id='word_1_93' title='bbox 286 1049 422 1084; x_wconf 77' lang='lat' dir='ltr'><strong>sanctis</strong></span> <span class='ocrx_word' id='word_1_94' title='bbox 443 1049 570 1086; x_wconf 85' lang='lat' dir='ltr'><strong>vitium</strong></span> <span class='ocrx_word' id='word_1_95' title='bbox 590 1058 809 1084; x_wconf 86' lang='lat' dir='ltr'><strong>resecemus.</strong></span> <span class='ocrx_word' id='word_1_96' title='bbox 839 1047 956 1093; x_wconf 88' lang='lat' dir='ltr'><strong>Lepra</strong></span> <span class='ocrx_word' id='word_1_97' title='bbox 988 1047 1085 1083; x_wconf 90' lang='lat' dir='ltr'><strong>enim</strong></span> <span class='ocrx_word' id='word_1_98' title='bbox 1109 1046 1343 1091; x_wconf 84' lang='lat' dir='ltr'><strong>consequitur</strong></span> 
     </span>
     <span class='ocr_line' id='line_1_15' title="bbox 287 1106 1339 1155; baseline -0.004 -11"><span class='ocrx_word' id='word_1_99' title='bbox 287 1108 501 1154; x_wconf 83' lang='lat' dir='ltr'><strong>derogantes</strong></span> <span class='ocrx_word' id='word_1_100' title='bbox 517 1113 554 1144; x_wconf 90' lang='lat' dir='ltr'><strong>et</strong></span> <span class='ocrx_word' id='word_1_101' title='bbox 570 1108 745 1154; x_wconf 79' lang='lat' dir='ltr'><strong>aecologos</strong></span> <span class='ocrx_word' id='word_1_102' title='bbox 759 1106 1018 1155; x_wconf 67' lang='grc' dir='ltr'><strong>(ἀεικολόγουςῖ)</strong></span> <span class='ocrx_word' id='word_1_103' title='bbox 1027 1107 1114 1142; x_wconf 90' lang='lat' dir='ltr'><strong>Post</strong></span> <span class='ocrx_word' id='word_1_104' title='bbox 1128 1107 1205 1141; x_wconf 88' lang='lat' dir='ltr'><strong>haec</strong></span> <span class='ocrx_word' id='word_1_105' title='bbox 1218 1111 1339 1141; x_wconf 88' lang='lat' dir='ltr'><strong>autem</strong></span> 
     </span>
    </p>
   </div>
   <div class='ocr_carea' id='block_1_3' title="bbox 289 1155 2540 1268">
    <p class='ocr_par' dir='ltr' id='par_1_3' title="bbox 289 1155 2540 1268">
     <span class='ocr_line' id='line_1_16' title="bbox 289 1155 2540 1214; baseline -0.003 -12"><span class='ocrx_word' id='word_1_106' title='bbox 289 1177 310 1202; x_wconf 85' lang='lat' dir='ltr'><strong>a</strong></span> <span class='ocrx_word' id='word_1_107' title='bbox 326 1168 524 1203; x_wconf 83' lang='lat' dir='ltr'><strong>moralibus</strong></span> <span class='ocrx_word' id='word_1_108' title='bbox 538 1169 582 1203; x_wconf 88' lang='lat' dir='ltr'><strong>ad</strong></span> <span class='ocrx_word' id='word_1_109' title='bbox 602 1168 872 1214; x_wconf 77' lang='lat' dir='ltr'><strong>intelligentiam</strong></span> <span class='ocrx_word' id='word_1_110' title='bbox 890 1167 1080 1214; x_wconf 84' lang='lat' dir='ltr'><strong>mysticam</strong></span> <span class='ocrx_word' id='word_1_111' title='bbox 1099 1171 1337 1202; x_wconf 89' lang='lat' dir='ltr'><strong>transeamus.</strong></span> <span class='ocrx_word' id='word_1_112' title='bbox 1358 1155 1390 1194; x_wconf 76' lang='grc' dir='ltr'><strong>Β</strong></span> <span class='ocrx_word' id='word_1_113' title='bbox 1410 1165 1512 1201; x_wconf 80' lang='lat' dir='ltr'><strong>Modo</strong></span> <span class='ocrx_word' id='word_1_114' title='bbox 1529 1164 1625 1199; x_wconf 90' lang='lat' dir='ltr'><strong>enim</strong></span> <span class='ocrx_word' id='word_1_115' title='bbox 1645 1173 1726 1198; x_wconf 88' lang='lat' dir='ltr'><strong>cum</strong></span> <span class='ocrx_word' id='word_1_116' title='bbox 1747 1162 1886 1208; x_wconf 88' lang='lat' dir='ltr'><strong>Moyses</strong></span> <span class='ocrx_word' id='word_1_117' title='bbox 1904 1163 2004 1197; x_wconf 90' lang='lat' dir='ltr'><strong>venit</strong></span> <span class='ocrx_word' id='word_1_118' title='bbox 2026 1162 2071 1196; x_wconf 90' lang='lat' dir='ltr'><strong>ad</strong></span> <span class='ocrx_word' id='word_1_119' title='bbox 2094 1171 2173 1204; x_wconf 90' lang='lat' dir='ltr'><strong>nos,</strong></span> <span class='ocrx_word' id='word_1_120' title='bbox 2193 1167 2229 1196; x_wconf 91' lang='lat' dir='ltr'><strong>et</strong></span> <span class='ocrx_word' id='word_1_121' title='bbox 2248 1161 2460 1206; x_wconf 87' lang='lat' dir='ltr'><strong>conjunctus</strong></span> <span class='ocrx_word' id='word_1_122' title='bbox 2526 1198 2540 1204; x_wconf 66' lang='grc'><strong>,</strong></span> 
     </span>
     <span class='ocr_line' id='line_1_17' title="bbox 1406 1219 2540 1268; baseline -0.005 -8"><span class='ocrx_word' id='word_1_123' title='bbox 1406 1230 1462 1261; x_wconf 89' lang='lat' dir='ltr'><strong>est</strong></span> <span class='ocrx_word' id='word_1_124' title='bbox 1479 1224 1562 1259; x_wconf 88' lang='lat' dir='ltr'><strong>huic</strong></span> <span class='ocrx_word' id='word_1_125' title='bbox 1580 1222 1811 1268; x_wconf 84' lang='lat' dir='ltr'><strong>AEthiopissae</strong></span> <span class='ocrx_word' id='word_1_126' title='bbox 1829 1227 1974 1264; x_wconf 83' lang='lat' dir='ltr'><strong>nostrae,</strong></span> <span class='ocrx_word' id='word_1_127' title='bbox 1996 1221 2052 1256; x_wconf 81' lang='lat' dir='ltr'><strong>lex</strong></span> <span class='ocrx_word' id='word_1_128' title='bbox 2072 1221 2135 1256; x_wconf 92' lang='lat' dir='ltr'><strong>Dei</strong></span> <span class='ocrx_word' id='word_1_129' title='bbox 2160 1219 2326 1265; x_wconf 86' lang='lat' dir='ltr'><strong>jamnon</strong></span> <span class='ocrx_word' id='word_1_130' title='bbox 2352 1220 2390 1255; x_wconf 90' lang='lat' dir='ltr'><strong>in</strong></span> <span class='ocrx_word' id='word_1_131' title='bbox 2413 1219 2458 1255; x_wconf 84' lang='lat' dir='ltr'><strong>fi-</strong></span> <span class='ocrx_word' id='word_1_132' title='bbox 2524 1257 2540 1264; x_wconf 88' lang='lat'><strong>-</strong></span> 
     </span>
    </p>
   </div>
   <div class='ocr_carea' id='block_1_4' title="bbox 264 1226 1339 3809">
    <p class='ocr_par' dir='ltr' id='par_1_4' title="bbox 264 1226 1339 3441">
     <span class='ocr_line' id='line_1_18' title="bbox 287 1226 1339 1274; baseline -0.003 -11"><span class='ocrx_word' id='word_1_133' title='bbox 287 1226 458 1271; x_wconf 86' lang='lat' dir='ltr'><strong>Quamvis</strong></span> <span class='ocrx_word' id='word_1_134' title='bbox 476 1234 512 1263; x_wconf 87' lang='lat' dir='ltr'><strong>ct</strong></span> <span class='ocrx_word' id='word_1_135' title='bbox 534 1228 570 1263; x_wconf 90' lang='lat' dir='ltr'><strong>in</strong></span> <span class='ocrx_word' id='word_1_136' title='bbox 590 1228 834 1274; x_wconf 89' lang='lat' dir='ltr'><strong>superioribus</strong></span> <span class='ocrx_word' id='word_1_137' title='bbox 849 1237 959 1273; x_wconf 89' lang='lat' dir='ltr'><strong>pauca</strong></span> <span class='ocrx_word' id='word_1_138' title='bbox 974 1226 1047 1272; x_wconf 81' lang='lat' dir='ltr'><strong>jam</strong></span> <span class='ocrx_word' id='word_1_139' title='bbox 1066 1227 1160 1262; x_wconf 82' lang='lat' dir='ltr'><strong>dicta</strong></span> <span class='ocrx_word' id='word_1_140' title='bbox 1174 1232 1270 1267; x_wconf 88' lang='lat' dir='ltr'><strong>sunt,</strong></span> <span class='ocrx_word' id='word_1_141' title='bbox 1286 1230 1339 1260; x_wconf 87' lang='lat' dir='ltr'><strong>ta-</strong></span> 
     </span>
     <span class='ocr_line' id='line_1_19' title="bbox 285 1285 1338 1333; baseline -0.001 -11"><span class='ocrx_word' id='word_1_142' title='bbox 285 1296 367 1322; x_wconf 92' lang='lat' dir='ltr'><strong>men</strong></span> <span class='ocrx_word' id='word_1_143' title='bbox 378 1298 458 1333; x_wconf 84' lang='lat' dir='ltr'><strong>quae</strong></span> <span class='ocrx_word' id='word_1_144' title='bbox 473 1287 629 1323; x_wconf 80' lang='lat' dir='ltr'><strong>defuisse</strong></span> <span class='ocrx_word' id='word_1_145' title='bbox 645 1288 813 1323; x_wconf 73' lang='lat' dir='ltr'><strong>videntur</strong></span> <span class='ocrx_word' id='word_1_146' title='bbox 826 1287 1010 1322; x_wconf 87' lang='lat' dir='ltr'><strong>addemus.</strong></span> <span class='ocrx_word' id='word_1_147' title='bbox 1028 1285 1223 1321; x_wconf 79' lang='lat' dir='ltr'><strong>Videamus</strong></span> <span class='ocrx_word' id='word_1_148' title='bbox 1238 1296 1338 1331; x_wconf 87' lang='lat' dir='ltr'><strong>ergo,</strong></span> 
     </span>
     <span class='ocr_line' id='line_1_20' title="bbox 281 1344 1339 1392; baseline -0.004 -9"><span class='ocrx_word' id='word_1_149' title='bbox 281 1348 364 1392; x_wconf 89' lang='lat' dir='ltr'><strong>quis</strong></span> <span class='ocrx_word' id='word_1_150' title='bbox 384 1352 440 1383; x_wconf 91' lang='lat' dir='ltr'><strong>est</strong></span> <span class='ocrx_word' id='word_1_151' title='bbox 459 1348 519 1391; x_wconf 77' lang='lat' dir='ltr'><strong>qni</strong></span> <span class='ocrx_word' id='word_1_152' title='bbox 551 1347 699 1392; x_wconf 81' lang='lat' dir='ltr'><strong>derogat</strong></span> <span class='ocrx_word' id='word_1_153' title='bbox 727 1346 859 1391; x_wconf 87' lang='lat' dir='ltr'><strong>Moysi,</strong></span> <span class='ocrx_word' id='word_1_154' title='bbox 885 1346 966 1390; x_wconf 89' lang='lat' dir='ltr'><strong>quis</strong></span> <span class='ocrx_word' id='word_1_155' title='bbox 990 1345 1033 1380; x_wconf 89' lang='lat' dir='ltr'><strong>de</strong></span> <span class='ocrx_word' id='word_1_156' title='bbox 1050 1353 1094 1380; x_wconf 89' lang='lat' dir='ltr'><strong>eo</strong></span> <span class='ocrx_word' id='word_1_157' title='bbox 1111 1344 1204 1379; x_wconf 89' lang='lat' dir='ltr'><strong>male</strong></span> <span class='ocrx_word' id='word_1_158' title='bbox 1227 1345 1339 1389; x_wconf 91' lang='lat' dir='ltr'><strong>loqui-</strong></span> 
     </span>
     <span class='ocr_line' id='line_1_21' title="bbox 279 1405 1338 1452; baseline -0.006 -7"><span class='ocrx_word' id='word_1_159' title='bbox 279 1413 342 1445; x_wconf 88' lang='lat' dir='ltr'><strong>tur</strong></span> <span class='ocrx_word' id='word_1_160' title='bbox 363 1420 371 1443; x_wconf 80' lang='lat' dir='ltr'>z</span> <span class='ocrx_word' id='word_1_161' title='bbox 393 1418 466 1444; x_wconf 91' lang='lat' dir='ltr'><strong>non</strong></span> <span class='ocrx_word' id='word_1_162' title='bbox 480 1407 577 1443; x_wconf 91' lang='lat' dir='ltr'><strong>solus</strong></span> <span class='ocrx_word' id='word_1_163' title='bbox 594 1406 747 1452; x_wconf 79' lang='lat' dir='ltr'><strong>judaeus,</strong></span> <span class='ocrx_word' id='word_1_164' title='bbox 766 1407 829 1441; x_wconf 88' lang='lat' dir='ltr'><strong>sed</strong></span> <span class='ocrx_word' id='word_1_165' title='bbox 849 1412 885 1440; x_wconf 90' lang='lat' dir='ltr'><strong>et</strong></span> <span class='ocrx_word' id='word_1_166' title='bbox 911 1405 1085 1447; x_wconf 89' lang='lat' dir='ltr'><strong>haeretici,</strong></span> <span class='ocrx_word' id='word_1_167' title='bbox 1106 1405 1167 1450; x_wconf 91' lang='lat' dir='ltr'><strong>qui</strong></span> <span class='ocrx_word' id='word_1_168' title='bbox 1188 1414 1261 1440; x_wconf 94' lang='lat' dir='ltr'><strong>non</strong></span> <span class='ocrx_word' id='word_1_169' title='bbox 1279 1414 1338 1439; x_wconf 92' lang='lat' dir='ltr'><strong>re-</strong></span> 
     </span>
     <span class='ocr_line' id='line_1_22' title="bbox 279 1466 1337 1515; baseline -0.002 -11"><span class='ocrx_word' id='word_1_170' title='bbox 279 1468 417 1514; x_wconf 89' lang='lat' dir='ltr'><strong>cipiunt</strong></span> <span class='ocrx_word' id='word_1_171' title='bbox 456 1468 571 1515; x_wconf 87' lang='lat' dir='ltr'><strong>legem</strong></span> <span class='ocrx_word' id='word_1_172' title='bbox 610 1473 646 1502; x_wconf 90' lang='lat' dir='ltr'><strong>et</strong></span> <span class='ocrx_word' id='word_1_173' title='bbox 686 1468 879 1513; x_wconf 89' lang='lat' dir='ltr'><strong>prophetas</strong></span> <span class='ocrx_word' id='word_1_174' title='bbox 895 1493 904 1509; x_wconf 88' lang='lat'><strong>,</strong></span> <span class='ocrx_word' id='word_1_175' title='bbox 946 1466 1014 1512; x_wconf 92' lang='lat' dir='ltr'><strong>ipsi</strong></span> <span class='ocrx_word' id='word_1_176' title='bbox 1058 1467 1250 1502; x_wconf 89' lang='lat' dir='ltr'><strong>detrahunt</strong></span> <span class='ocrx_word' id='word_1_177' title='bbox 1294 1467 1337 1502; x_wconf 90' lang='lat' dir='ltr'><strong>de</strong></span> 
     </span>
     <span class='ocr_line' id='line_1_23' title="bbox 280 1525 1335 1574; baseline -0.002 -11"><span class='ocrx_word' id='word_1_178' title='bbox 280 1527 414 1574; x_wconf 88' lang='lat' dir='ltr'><strong>Moyse.</strong></span> <span class='ocrx_word' id='word_1_179' title='bbox 445 1527 606 1572; x_wconf 89' lang='lat' dir='ltr'><strong>Denique</strong></span> <span class='ocrx_word' id='word_1_180' title='bbox 633 1526 748 1563; x_wconf 88' lang='lat' dir='ltr'><strong>solent</strong></span> <span class='ocrx_word' id='word_1_181' title='bbox 771 1526 802 1561; x_wconf 90' lang='lat' dir='ltr'><strong>ei</strong></span> <span class='ocrx_word' id='word_1_182' title='bbox 829 1526 939 1562; x_wconf 87' lang='lat' dir='ltr'><strong>etiam</strong></span> <span class='ocrx_word' id='word_1_183' title='bbox 964 1526 1101 1561; x_wconf 86' lang='lat' dir='ltr'><strong>crimen</strong></span> <span class='ocrx_word' id='word_1_184' title='bbox 1135 1525 1335 1571; x_wconf 85' lang='lat' dir='ltr'><strong>impingere</strong></span> 
     </span>
     <span class='ocr_line' id='line_1_24' title="bbox 277 1585 1336 1633; baseline 0 -10"><span class='ocrx_word' id='word_1_185' title='bbox 277 1587 467 1631; x_wconf 59' lang='lat' dir='ltr'><strong>dicentes,</strong></span> <span class='ocrx_word' id='word_1_186' title='bbox 504 1588 588 1633; x_wconf 86' lang='lat' dir='ltr'><strong>quia</strong></span> <span class='ocrx_word' id='word_1_187' title='bbox 622 1585 801 1623; x_wconf 88' lang='lat' dir='ltr'><strong>homicida</strong></span> <span class='ocrx_word' id='word_1_188' title='bbox 832 1586 900 1622; x_wconf 83' lang='lat' dir='ltr'><strong>fuit</strong></span> <span class='ocrx_word' id='word_1_189' title='bbox 937 1586 1076 1632; x_wconf 87' lang='lat' dir='ltr'><strong>Moyses</strong></span> <span class='ocrx_word' id='word_1_190' title='bbox 1108 1597 1116 1621; x_wconf 76' lang='grc' dir='ltr'><em>τ</em></span> <span class='ocrx_word' id='word_1_191' title='bbox 1154 1586 1336 1623; x_wconf 80' lang='lat' dir='ltr'><strong>interfecit</strong></span> 
     </span>
     <span class='ocr_line' id='line_1_25' title="bbox 279 1647 1333 1694; baseline -0.001 -11"><span class='ocrx_word' id='word_1_192' title='bbox 279 1648 377 1684; x_wconf 86' lang='lat' dir='ltr'><strong>enim</strong></span> <span class='ocrx_word' id='word_1_193' title='bbox 395 1647 619 1694; x_wconf 87' lang='lat' dir='ltr'><strong>AEgyptium,</strong></span> <span class='ocrx_word' id='word_1_194' title='bbox 651 1653 687 1683; x_wconf 91' lang='lat' dir='ltr'><strong>et</strong></span> <span class='ocrx_word' id='word_1_195' title='bbox 716 1648 786 1683; x_wconf 84' lang='lat' dir='ltr'><strong>alia</strong></span> <span class='ocrx_word' id='word_1_196' title='bbox 807 1648 919 1683; x_wconf 89' lang='lat' dir='ltr'><strong>multa</strong></span> <span class='ocrx_word' id='word_1_197' title='bbox 938 1647 992 1682; x_wconf 90' lang='lat' dir='ltr'><strong>vel</strong></span> <span class='ocrx_word' id='word_1_198' title='bbox 1015 1647 1051 1682; x_wconf 94' lang='lat' dir='ltr'><strong>in</strong></span> <span class='ocrx_word' id='word_1_199' title='bbox 1071 1647 1202 1692; x_wconf 91' lang='lat' dir='ltr'><strong>ipsum,</strong></span> <span class='ocrx_word' id='word_1_200' title='bbox 1221 1647 1279 1683; x_wconf 91' lang='lat' dir='ltr'><strong>vel</strong></span> <span class='ocrx_word' id='word_1_201' title='bbox 1296 1647 1333 1682; x_wconf 89' lang='lat' dir='ltr'><strong>in</strong></span> 
     </span>
     <span class='ocr_line' id='line_1_26' title="bbox 277 1708 1332 1756; baseline 0.001 -12"><span class='ocrx_word' id='word_1_202' title='bbox 277 1709 472 1756; x_wconf 84' lang='lat' dir='ltr'><strong>prophetas</strong></span> <span class='ocrx_word' id='word_1_203' title='bbox 498 1709 707 1755; x_wconf 89' lang='lat' dir='ltr'><strong>blasphemo</strong></span> <span class='ocrx_word' id='word_1_204' title='bbox 733 1719 795 1745; x_wconf 89' lang='lat' dir='ltr'><strong>ore</strong></span> <span class='ocrx_word' id='word_1_205' title='bbox 820 1709 1049 1745; x_wconf 81' lang='lat' dir='ltr'><strong>concinnant.</strong></span> <span class='ocrx_word' id='word_1_206' title='bbox 1070 1708 1132 1745; x_wconf 91' lang='lat' dir='ltr'><strong>Isti</strong></span> <span class='ocrx_word' id='word_1_207' title='bbox 1164 1719 1250 1754; x_wconf 89' lang='lat' dir='ltr'><strong>ergo</strong></span> <span class='ocrx_word' id='word_1_208' title='bbox 1271 1709 1332 1755; x_wconf 91' lang='lat' dir='ltr'><strong>qui</strong></span> 
     </span>
     <span class='ocr_line' id='line_1_27' title="bbox 277 1770 1334 1816; baseline -0.002 -9"><span class='ocrx_word' id='word_1_209' title='bbox 277 1770 472 1807; x_wconf 82' lang='lat' dir='ltr'><strong>detrahunt</strong></span> <span class='ocrx_word' id='word_1_210' title='bbox 500 1770 625 1816; x_wconf 87' lang='lat' dir='ltr'><strong>Moysi,</strong></span> <span class='ocrx_word' id='word_1_211' title='bbox 661 1770 794 1806; x_wconf 88' lang='lat' dir='ltr'><strong>habent</strong></span> <span class='ocrx_word' id='word_1_212' title='bbox 810 1770 945 1815; x_wconf 88' lang='lat' dir='ltr'><strong>lepram</strong></span> <span class='ocrx_word' id='word_1_213' title='bbox 975 1770 1012 1805; x_wconf 92' lang='lat' dir='ltr'><strong>in</strong></span> <span class='ocrx_word' id='word_1_214' title='bbox 1033 1770 1152 1805; x_wconf 86' lang='lat' dir='ltr'><strong>anima</strong></span> <span class='ocrx_word' id='word_1_215' title='bbox 1184 1779 1264 1812; x_wconf 90' lang='lat' dir='ltr'><strong>sua,</strong></span> <span class='ocrx_word' id='word_1_216' title='bbox 1296 1774 1334 1805; x_wconf 88' lang='lat' dir='ltr'><strong>et</strong></span> 
     </span>
     <span class='ocr_line' id='line_1_28' title="bbox 279 1828 1331 1876; baseline -0.002 -10"><span class='ocrx_word' id='word_1_217' title='bbox 279 1836 363 1866; x_wconf 88' lang='lat' dir='ltr'><strong>sunt</strong></span> <span class='ocrx_word' id='word_1_218' title='bbox 387 1830 423 1865; x_wconf 92' lang='lat' dir='ltr'><strong>in</strong></span> <span class='ocrx_word' id='word_1_219' title='bbox 448 1831 592 1866; x_wconf 87' lang='lat' dir='ltr'><strong>homine</strong></span> <span class='ocrx_word' id='word_1_220' title='bbox 614 1830 785 1866; x_wconf 90' lang='lat' dir='ltr'><strong>interiore</strong></span> <span class='ocrx_word' id='word_1_221' title='bbox 808 1830 940 1876; x_wconf 88' lang='lat' dir='ltr'><strong>leprosi</strong></span> <span class='ocrx_word' id='word_1_222' title='bbox 963 1842 971 1864; x_wconf 91' lang='lat'><strong>:</strong></span> <span class='ocrx_word' id='word_1_223' title='bbox 994 1834 1030 1865; x_wconf 92' lang='lat' dir='ltr'><strong>et</strong></span> <span class='ocrx_word' id='word_1_224' title='bbox 1048 1830 1127 1865; x_wconf 89' lang='lat' dir='ltr'><strong>ideo</strong></span> <span class='ocrx_word' id='word_1_225' title='bbox 1152 1828 1331 1865; x_wconf 87' lang='lat' dir='ltr'><strong>habentur</strong></span> 
     </span>
     <span class='ocr_line' id='line_1_29' title="bbox 274 1889 1331 1937; baseline -0.001 -12"><span class='ocrx_word' id='word_1_226' title='bbox 274 1895 378 1925; x_wconf 88' lang='lat' dir='ltr'><strong>extra</strong></span> <span class='ocrx_word' id='word_1_227' title='bbox 400 1896 521 1926; x_wconf 88' lang='lat' dir='ltr'><strong>castra</strong></span> <span class='ocrx_word' id='word_1_228' title='bbox 541 1890 712 1926; x_wconf 83' lang='lat' dir='ltr'><strong>Ecclesiae</strong></span> <span class='ocrx_word' id='word_1_229' title='bbox 729 1890 806 1926; x_wconf 91' lang='lat' dir='ltr'><strong>Dei.</strong></span> <span class='ocrx_word' id='word_1_230' title='bbox 830 1889 914 1926; x_wconf 90' lang='lat' dir='ltr'><strong>Sive</strong></span> <span class='ocrx_word' id='word_1_231' title='bbox 939 1900 1025 1937; x_wconf 84' lang='lat' dir='ltr'><strong>ergo</strong></span> <span class='ocrx_word' id='word_1_232' title='bbox 1055 1890 1217 1925; x_wconf 78' lang='lat' dir='ltr'><strong>haeretici</strong></span> <span class='ocrx_word' id='word_1_233' title='bbox 1248 1894 1331 1925; x_wconf 86' lang='lat' dir='ltr'><strong>sunt</strong></span> 
     </span>
     <span class='ocr_line' id='line_1_30' title="bbox 278 1949 1330 1997; baseline 0.001 -12"><span class='ocrx_word' id='word_1_234' title='bbox 278 1949 339 1995; x_wconf 89' lang='lat' dir='ltr'><strong>qui</strong></span> <span class='ocrx_word' id='word_1_235' title='bbox 354 1950 528 1997; x_wconf 89' lang='lat' dir='ltr'><strong>derogant</strong></span> <span class='ocrx_word' id='word_1_236' title='bbox 556 1951 682 1997; x_wconf 90' lang='lat' dir='ltr'><strong>Moysi,</strong></span> <span class='ocrx_word' id='word_1_237' title='bbox 703 1951 778 1987; x_wconf 86' lang='lat' dir='ltr'><strong>sive</strong></span> <span class='ocrx_word' id='word_1_238' title='bbox 797 1950 841 1986; x_wconf 90' lang='lat' dir='ltr'><strong>de</strong></span> <span class='ocrx_word' id='word_1_239' title='bbox 859 1950 1019 1986; x_wconf 84' lang='lat' dir='ltr'><strong>Ecclesia</strong></span> <span class='ocrx_word' id='word_1_240' title='bbox 1040 1950 1112 1985; x_wconf 90' lang='lat' dir='ltr'><strong>sint</strong></span> <span class='ocrx_word' id='word_1_241' title='bbox 1130 1951 1189 1995; x_wconf 90' lang='lat' dir='ltr'><strong>qui</strong></span> <span class='ocrx_word' id='word_1_242' title='bbox 1211 1951 1330 1986; x_wconf 87' lang='lat' dir='ltr'><strong>detra-</strong></span> 
     </span>
     <span class='ocr_line' id='line_1_31' title="bbox 275 2008 1327 2056; baseline 0.001 -11"><span class='ocrx_word' id='word_1_243' title='bbox 275 2008 367 2045; x_wconf 90' lang='lat' dir='ltr'><strong>hunt</strong></span> <span class='ocrx_word' id='word_1_244' title='bbox 387 2009 574 2054; x_wconf 83' lang='lat' dir='ltr'><strong>fratribus,</strong></span> <span class='ocrx_word' id='word_1_245' title='bbox 606 2015 643 2047; x_wconf 91' lang='lat' dir='ltr'><strong>et</strong></span> <span class='ocrx_word' id='word_1_246' title='bbox 658 2011 751 2046; x_wconf 89' lang='lat' dir='ltr'><strong>male</strong></span> <span class='ocrx_word' id='word_1_247' title='bbox 771 2010 968 2056; x_wconf 88' lang='lat' dir='ltr'><strong>loquuntur</strong></span> <span class='ocrx_word' id='word_1_248' title='bbox 985 2010 1028 2045; x_wconf 90' lang='lat' dir='ltr'><strong>de</strong></span> <span class='ocrx_word' id='word_1_249' title='bbox 1047 2009 1220 2046; x_wconf 86' lang='lat' dir='ltr'><strong>fratribus</strong></span> <span class='ocrx_word' id='word_1_250' title='bbox 1238 2011 1327 2054; x_wconf 89' lang='lat' dir='ltr'><strong>suis,</strong></span> 
     </span>
     <span class='ocr_line' id='line_1_32' title="bbox 273 2070 1331 2118; baseline 0.002 -12"><span class='ocrx_word' id='word_1_251' title='bbox 273 2070 441 2107; x_wconf 81' lang='lat' dir='ltr'><strong>omnihus</strong></span> <span class='ocrx_word' id='word_1_252' title='bbox 457 2072 520 2116; x_wconf 91' lang='lat' dir='ltr'><strong>qui</strong></span> <span class='ocrx_word' id='word_1_253' title='bbox 536 2072 606 2107; x_wconf 91' lang='lat' dir='ltr'><strong>hoc</strong></span> <span class='ocrx_word' id='word_1_254' title='bbox 625 2072 714 2107; x_wconf 91' lang='lat' dir='ltr'><strong>vitio</strong></span> <span class='ocrx_word' id='word_1_255' title='bbox 735 2076 910 2118; x_wconf 88' lang='lat' dir='ltr'><strong>aguntur,</strong></span> <span class='ocrx_word' id='word_1_256' title='bbox 937 2072 1173 2108; x_wconf 89' lang='lat' dir='ltr'><strong>dubitandum</strong></span> <span class='ocrx_word' id='word_1_257' title='bbox 1188 2083 1259 2108; x_wconf 93' lang='lat' dir='ltr'><strong>non</strong></span> <span class='ocrx_word' id='word_1_258' title='bbox 1275 2079 1331 2108; x_wconf 88' lang='lat' dir='ltr'><strong>est</strong></span> 
     </span>
     <span class='ocr_line' id='line_1_33' title="bbox 273 2130 1330 2177; baseline 0.002 -11"><span class='ocrx_word' id='word_1_259' title='bbox 273 2131 362 2177; x_wconf 88' lang='lat' dir='ltr'><strong>quin</strong></span> <span class='ocrx_word' id='word_1_260' title='bbox 390 2130 522 2176; x_wconf 89' lang='lat' dir='ltr'><strong>leprosi</strong></span> <span class='ocrx_word' id='word_1_261' title='bbox 554 2132 626 2167; x_wconf 91' lang='lat' dir='ltr'><strong>sint</strong></span> <span class='ocrx_word' id='word_1_262' title='bbox 654 2132 691 2167; x_wconf 93' lang='lat' dir='ltr'><strong>in</strong></span> <span class='ocrx_word' id='word_1_263' title='bbox 726 2132 847 2167; x_wconf 88' lang='lat' dir='ltr'><strong>anima</strong></span> <span class='ocrx_word' id='word_1_264' title='bbox 871 2141 948 2167; x_wconf 89' lang='lat' dir='ltr'><strong>sua.</strong></span> <span class='ocrx_word' id='word_1_265' title='bbox 972 2132 1017 2167; x_wconf 91' lang='lat' dir='ltr'><strong>Et</strong></span> <span class='ocrx_word' id='word_1_266' title='bbox 1040 2131 1154 2167; x_wconf 87' lang='lat' dir='ltr'><strong>Maria</strong></span> <span class='ocrx_word' id='word_1_267' title='bbox 1185 2133 1330 2177; x_wconf 90' lang='lat' dir='ltr'><strong>quidem</strong></span> 
     </span>
     <span class='ocr_line' id='line_1_34' title="bbox 274 2188 1327 2236; baseline 0.001 -11"><span class='ocrx_word' id='word_1_268' title='bbox 274 2188 540 2227; x_wconf 87' lang='lat' dir='ltr'><strong>interveniente</strong></span> <span class='ocrx_word' id='word_1_269' title='bbox 556 2189 676 2226; x_wconf 87' lang='lat' dir='ltr'><strong>Aaron</strong></span> <span class='ocrx_word' id='word_1_270' title='bbox 701 2190 871 2236; x_wconf 85' lang='lat' dir='ltr'><strong>pontifice</strong></span> <span class='ocrx_word' id='word_1_271' title='bbox 896 2191 1047 2235; x_wconf 86' lang='lat' dir='ltr'><strong>septima</strong></span> <span class='ocrx_word' id='word_1_272' title='bbox 1071 2191 1128 2226; x_wconf 90' lang='lat' dir='ltr'><strong>die</strong></span> <span class='ocrx_word' id='word_1_273' title='bbox 1148 2197 1296 2226; x_wconf 89' lang='lat' dir='ltr'><strong>curatur</strong></span> <span class='ocrx_word' id='word_1_274' title='bbox 1318 2201 1327 2226; x_wconf 78' lang='grc' dir='ltr'>ε</span> 
     </span>
     <span class='ocr_line' id='line_1_35' title="bbox 272 2250 1329 2288; baseline 0.001 -2"><span class='ocrx_word' id='word_1_275' title='bbox 272 2259 341 2286; x_wconf 89' lang='lat' dir='ltr'><strong>nos</strong></span> <span class='ocrx_word' id='word_1_276' title='bbox 376 2260 463 2286; x_wconf 92' lang='lat' dir='ltr'><strong>vero</strong></span> <span class='ocrx_word' id='word_1_277' title='bbox 504 2250 535 2286; x_wconf 91' lang='lat' dir='ltr'><strong>si</strong></span> <span class='ocrx_word' id='word_1_278' title='bbox 573 2250 847 2287; x_wconf 85' lang='lat' dir='ltr'><strong>obtrectationis</strong></span> <span class='ocrx_word' id='word_1_279' title='bbox 888 2251 977 2286; x_wconf 88' lang='lat' dir='ltr'><strong>vitio</strong></span> <span class='ocrx_word' id='word_1_280' title='bbox 1019 2251 1253 2287; x_wconf 87' lang='lat' dir='ltr'><strong>inciderimus</strong></span> <span class='ocrx_word' id='word_1_281' title='bbox 1292 2252 1329 2288; x_wconf 91' lang='lat' dir='ltr'><strong>in</strong></span> 
     </span>
     <span class='ocr_line' id='line_1_36' title="bbox 272 2310 1328 2357; baseline 0.002 -12"><span class='ocrx_word' id='word_1_282' title='bbox 272 2310 577 2356; x_wconf 58' lang='lat' dir='ltr'><strong>animas-lepram,</strong></span> <span class='ocrx_word' id='word_1_283' title='bbox 607 2321 722 2356; x_wconf 89' lang='lat' dir='ltr'><strong>usque</strong></span> <span class='ocrx_word' id='word_1_284' title='bbox 743 2312 788 2347; x_wconf 92' lang='lat' dir='ltr'><strong>ad</strong></span> <span class='ocrx_word' id='word_1_285' title='bbox 813 2311 922 2347; x_wconf 84' lang='lat' dir='ltr'><strong>finem</strong></span> <span class='ocrx_word' id='word_1_286' title='bbox 948 2312 1158 2357; x_wconf 79' lang='lat' dir='ltr'><strong>septimanae</strong></span> <span class='ocrx_word' id='word_1_287' title='bbox 1189 2313 1328 2355; x_wconf 90' lang='lat' dir='ltr'><strong>mundi,</strong></span> 
     </span>
     <span class='ocr_line' id='line_1_37' title="bbox 270 2368 1329 2417; baseline 0.003 -12"><span class='ocrx_word' id='word_1_288' title='bbox 270 2368 309 2405; x_wconf 86' lang='lat' dir='ltr'><strong>id</strong></span> <span class='ocrx_word' id='word_1_289' title='bbox 337 2375 406 2413; x_wconf 88' lang='lat' dir='ltr'><strong>est,</strong></span> <span class='ocrx_word' id='word_1_290' title='bbox 433 2379 547 2415; x_wconf 92' lang='lat' dir='ltr'><strong>usque</strong></span> <span class='ocrx_word' id='word_1_291' title='bbox 572 2370 617 2406; x_wconf 88' lang='lat' dir='ltr'><strong>ad</strong></span> <span class='ocrx_word' id='word_1_292' title='bbox 642 2371 922 2406; x_wconf 89' lang='lat' dir='ltr'><strong>resurrectionis</strong></span> <span class='ocrx_word' id='word_1_293' title='bbox 953 2377 1097 2417; x_wconf 86' lang='lat' dir='ltr'><strong>tempus</strong></span> <span class='ocrx_word' id='word_1_294' title='bbox 1126 2371 1259 2417; x_wconf 88' lang='lat' dir='ltr'><strong>leprosi</strong></span> <span class='ocrx_word' id='word_1_295' title='bbox 1291 2372 1329 2408; x_wconf 93' lang='lat' dir='ltr'><strong>in</strong></span> 
     </span>
     <span class='ocr_line' id='line_1_38' title="bbox 270 2429 1328 2478; baseline 0.003 -14"><span class='ocrx_word' id='word_1_296' title='bbox 270 2429 392 2465; x_wconf 86' lang='lat' dir='ltr'><strong>anima</strong></span> <span class='ocrx_word' id='word_1_297' title='bbox 410 2430 705 2475; x_wconf 86' lang='lat' dir='ltr'><strong>permanebimus</strong></span> <span class='ocrx_word' id='word_1_298' title='bbox 734 2435 769 2466; x_wconf 91' lang='lat' dir='ltr'><strong>et</strong></span> <span class='ocrx_word' id='word_1_299' title='bbox 784 2431 982 2473; x_wconf 90' lang='lat' dir='ltr'><strong>immundi,</strong></span> <span class='ocrx_word' id='word_1_300' title='bbox 1014 2431 1085 2467; x_wconf 91' lang='lat' dir='ltr'><strong>nisi</strong></span> <span class='ocrx_word' id='word_1_301' title='bbox 1105 2431 1189 2466; x_wconf 91' lang='lat' dir='ltr'><strong>dum</strong></span> <span class='ocrx_word' id='word_1_302' title='bbox 1209 2432 1328 2478; x_wconf 90' lang='lat' dir='ltr'><strong>poeni-</strong></span> 
     </span>
     <span class='ocr_line' id='line_1_39' title="bbox 269 2488 1328 2535; baseline 0.003 -12"><span class='ocrx_word' id='word_1_303' title='bbox 269 2488 370 2524; x_wconf 88' lang='lat' dir='ltr'><strong>tendi</strong></span> <span class='ocrx_word' id='word_1_304' title='bbox 389 2492 532 2534; x_wconf 89' lang='lat' dir='ltr'><strong>tempus</strong></span> <span class='ocrx_word' id='word_1_305' title='bbox 563 2493 620 2523; x_wconf 88' lang='lat' dir='ltr'><strong>est</strong></span> <span class='ocrx_word' id='word_1_306' title='bbox 644 2489 881 2535; x_wconf 85' lang='lat' dir='ltr'><strong>corrigamus,</strong></span> <span class='ocrx_word' id='word_1_307' title='bbox 904 2494 941 2524; x_wconf 87' lang='lat' dir='ltr'><strong>et</strong></span> <span class='ocrx_word' id='word_1_308' title='bbox 959 2490 1125 2525; x_wconf 88' lang='lat' dir='ltr'><strong>conversi</strong></span> <span class='ocrx_word' id='word_1_309' title='bbox 1143 2490 1188 2525; x_wconf 92' lang='lat' dir='ltr'><strong>ad</strong></span> <span class='ocrx_word' id='word_1_310' title='bbox 1205 2491 1328 2527; x_wconf 89' lang='lat' dir='ltr'><strong>Domi-</strong></span> 
     </span>
     <span class='ocr_line' id='line_1_40' title="bbox 270 2546 1327 2596; baseline 0.002 -12"><span class='ocrx_word' id='word_1_311' title='bbox 270 2558 355 2584; x_wconf 91' lang='lat' dir='ltr'><strong>num</strong></span> <span class='ocrx_word' id='word_1_312' title='bbox 388 2546 511 2585; x_wconf 83' lang='lat' dir='ltr'><strong>Jesum</strong></span> <span class='ocrx_word' id='word_1_313' title='bbox 538 2557 582 2584; x_wconf 93' lang='lat' dir='ltr'><strong>ac</strong></span> <span class='ocrx_word' id='word_1_314' title='bbox 616 2548 859 2594; x_wconf 86' lang='lat' dir='ltr'><strong>supplicantes</strong></span> <span class='ocrx_word' id='word_1_315' title='bbox 893 2548 941 2591; x_wconf 89' lang='lat' dir='ltr'><strong>ei,</strong></span> <span class='ocrx_word' id='word_1_316' title='bbox 978 2559 1043 2594; x_wconf 87' lang='lat' dir='ltr'><strong>per</strong></span> <span class='ocrx_word' id='word_1_317' title='bbox 1073 2550 1327 2596; x_wconf 87' lang='lat' dir='ltr'><strong>poenitentiam</strong></span> 
     </span>
     <span class='ocr_line' id='line_1_41' title="bbox 267 2608 1326 2657; baseline 0.002 -12"><span class='ocrx_word' id='word_1_318' title='bbox 267 2619 464 2656; x_wconf 88' lang='lat' dir='ltr'><strong>purgemur</strong></span> <span class='ocrx_word' id='word_1_319' title='bbox 483 2608 527 2645; x_wconf 89' lang='lat' dir='ltr'><strong>ab</strong></span> <span class='ocrx_word' id='word_1_320' title='bbox 550 2609 777 2645; x_wconf 85' lang='lat' dir='ltr'><strong>immunditia</strong></span> <span class='ocrx_word' id='word_1_321' title='bbox 797 2609 907 2656; x_wconf 80' lang='lat' dir='ltr'><strong>leprae</strong></span> <span class='ocrx_word' id='word_1_322' title='bbox 926 2614 1075 2646; x_wconf 82' lang='lat' dir='ltr'><strong>nostrae.</strong></span> <span class='ocrx_word' id='word_1_323' title='bbox 1107 2609 1183 2657; x_wconf 86' lang='lat' dir='ltr'><strong>Ego</strong></span> <span class='ocrx_word' id='word_1_324' title='bbox 1204 2616 1326 2647; x_wconf 90' lang='lat' dir='ltr'><strong>autem</strong></span> 
     </span>
     <span class='ocr_line' id='line_1_42' title="bbox 267 2665 1325 2716; baseline 0.004 -13"><span class='ocrx_word' id='word_1_325' title='bbox 267 2665 367 2714; x_wconf 81' lang='lat' dir='ltr'><strong>pu‘to‚</strong></span> <span class='ocrx_word' id='word_1_326' title='bbox 390 2669 487 2714; x_wconf 90' lang='lat' dir='ltr'><strong>quod</strong></span> <span class='ocrx_word' id='word_1_327' title='bbox 511 2678 583 2704; x_wconf 92' lang='lat' dir='ltr'><strong>non</strong></span> <span class='ocrx_word' id='word_1_328' title='bbox 605 2668 700 2704; x_wconf 89' lang='lat' dir='ltr'><strong>solus</strong></span> <span class='ocrx_word' id='word_1_329' title='bbox 719 2668 778 2704; x_wconf 92' lang='lat' dir='ltr'><strong>ille</strong></span> <span class='ocrx_word' id='word_1_330' title='bbox 795 2669 949 2716; x_wconf 88' lang='lat' dir='ltr'><strong>populus</strong></span> <span class='ocrx_word' id='word_1_331' title='bbox 966 2670 1079 2716; x_wconf 92' lang='lat' dir='ltr'><strong>prior,</strong></span> <span class='ocrx_word' id='word_1_332' title='bbox 1111 2681 1228 2716; x_wconf 89' lang='lat' dir='ltr'><strong>neque</strong></span> <span class='ocrx_word' id='word_1_333' title='bbox 1257 2671 1325 2707; x_wconf 91' lang='lat' dir='ltr'><strong>soli</strong></span> 
     </span>
     <span class='ocr_line' id='line_1_43' title="bbox 268 2728 1326 2774; baseline 0.004 -11"><span class='ocrx_word' id='word_1_334' title='bbox 268 2728 443 2770; x_wconf 80' lang='lat' dir='ltr'><strong>haeretici,</strong></span> <span class='ocrx_word' id='word_1_335' title='bbox 478 2728 523 2763; x_wconf 95' lang='lat' dir='ltr'><strong>de</strong></span> <span class='ocrx_word' id='word_1_336' title='bbox 539 2729 668 2773; x_wconf 87' lang='lat' dir='ltr'><strong>quibus</strong></span> <span class='ocrx_word' id='word_1_337' title='bbox 686 2739 794 2774; x_wconf 91' lang='lat' dir='ltr'><strong>supra</strong></span> <span class='ocrx_word' id='word_1_338' title='bbox 822 2730 1104 2767; x_wconf 87' lang='lat' dir='ltr'><strong>memoravimus</strong></span> <span class='ocrx_word' id='word_1_339' title='bbox 1130 2731 1326 2767; x_wconf 88' lang='lat' dir='ltr'><strong>detrahant</strong></span> 
     </span>
     <span class='ocr_line' id='line_1_44' title="bbox 269 2787 1324 2836; baseline 0.004 -13"><span class='ocrx_word' id='word_1_340' title='bbox 269 2788 314 2824; x_wconf 92' lang='lat' dir='ltr'><strong>de</strong></span> <span class='ocrx_word' id='word_1_341' title='bbox 334 2787 466 2834; x_wconf 87' lang='lat' dir='ltr'><strong>Moyse,</strong></span> <span class='ocrx_word' id='word_1_342' title='bbox 485 2788 549 2823; x_wconf 89' lang='lat' dir='ltr'><strong>sed</strong></span> <span class='ocrx_word' id='word_1_343' title='bbox 569 2792 605 2823; x_wconf 85' lang='lat' dir='ltr'><strong>et</strong></span> <span class='ocrx_word' id='word_1_344' title='bbox 621 2789 750 2832; x_wconf 87' lang='lat' dir='ltr'><strong>omnis,</strong></span> <span class='ocrx_word' id='word_1_345' title='bbox 773 2790 833 2834; x_wconf 94' lang='lat' dir='ltr'><strong>qui</strong></span> <span class='ocrx_word' id='word_1_346' title='bbox 853 2790 987 2836; x_wconf 86' lang='lat' dir='ltr'><strong>scripta</strong></span> <span class='ocrx_word' id='word_1_347' title='bbox 1007 2790 1084 2835; x_wconf 88' lang='lat' dir='ltr'><strong>ejus</strong></span> <span class='ocrx_word' id='word_1_348' title='bbox 1102 2791 1196 2827; x_wconf 89' lang='lat' dir='ltr'><strong>male</strong></span> <span class='ocrx_word' id='word_1_349' title='bbox 1217 2793 1324 2828; x_wconf 90' lang='lat' dir='ltr'><strong>intel-</strong></span> 
     </span>
     <span class='ocr_line' id='line_1_45' title="bbox 267 2849 1322 2907; baseline 0.006 -22"><span class='ocrx_word' id='word_1_350' title='bbox 267 2849 362 2897; x_wconf 88' lang='lat' dir='ltr'><strong>ligit,</strong></span> <span class='ocrx_word' id='word_1_351' title='bbox 392 2850 522 2907; x_wconf 44' lang='lat' dir='ltr'><strong>et-qui</strong></span> <span class='ocrx_word' id='word_1_352' title='bbox 553 2850 751 2896; x_wconf 88' lang='lat' dir='ltr'><strong>spiritalem</strong></span> <span class='ocrx_word' id='word_1_353' title='bbox 782 2851 899 2898; x_wconf 79' lang='lat' dir='ltr'><strong>legem</strong></span> <span class='ocrx_word' id='word_1_354' title='bbox 934 2853 1129 2890; x_wconf 88' lang='lat' dir='ltr'><strong>carnaliter</strong></span> <span class='ocrx_word' id='word_1_355' title='bbox 1158 2856 1322 2902; x_wconf 86' lang='lat' dir='ltr'><strong>suscipit,</strong></span> 
     </span>
     <span class='ocr_line' id='line_1_46' title="bbox 268 2910 1323 2957; baseline 0.006 -12"><span class='ocrx_word' id='word_1_356' title='bbox 268 2910 381 2957; x_wconf 87' lang='lat' dir='ltr'><strong>Moysi</strong></span> <span class='ocrx_word' id='word_1_357' title='bbox 399 2911 547 2957; x_wconf 84' lang='lat' dir='ltr'><strong>derogat</strong></span> <span class='ocrx_word' id='word_1_358' title='bbox 563 2911 647 2956; x_wconf 88' lang='lat' dir='ltr'><strong>quia</strong></span> <span class='ocrx_word' id='word_1_359' title='bbox 671 2910 714 2946; x_wconf 90' lang='lat' dir='ltr'><strong>de</strong></span> <span class='ocrx_word' id='word_1_360' title='bbox 740 2912 859 2947; x_wconf 91' lang='lat' dir='ltr'><strong>verbis</strong></span> <span class='ocrx_word' id='word_1_361' title='bbox 888 2914 1023 2949; x_wconf 89' lang='lat' dir='ltr'><strong>sanctis</strong></span> <span class='ocrx_word' id='word_1_362' title='bbox 1042 2915 1237 2951; x_wconf 89' lang='lat' dir='ltr'><strong>carnaliter</strong></span> <span class='ocrx_word' id='word_1_363' title='bbox 1255 2916 1323 2951; x_wconf 93' lang='lat' dir='ltr'><strong>ho-</strong></span> 
     </span>
     <span class='ocr_line' id='line_1_47' title="bbox 266 2969 1323 3017; baseline 0.009 -14"><span class='ocrx_word' id='word_1_364' title='bbox 266 2969 384 3004; x_wconf 89' lang='lat' dir='ltr'><strong>mines</strong></span> <span class='ocrx_word' id='word_1_365' title='bbox 403 2969 519 3011; x_wconf 86' lang='lat' dir='ltr'><strong>docet.</strong></span> <span class='ocrx_word' id='word_1_366' title='bbox 540 2969 701 3006; x_wconf 88' lang='lat' dir='ltr'><strong>Audistis</strong></span> <span class='ocrx_word' id='word_1_367' title='bbox 719 2970 805 3016; x_wconf 89' lang='lat' dir='ltr'><strong>quid</strong></span> <span class='ocrx_word' id='word_1_368' title='bbox 823 2971 892 3007; x_wconf 93' lang='lat' dir='ltr'><strong>sibi</strong></span> <span class='ocrx_word' id='word_1_369' title='bbox 906 2971 1033 3017; x_wconf 90' lang='lat' dir='ltr'><strong>judicii</strong></span> <span class='ocrx_word' id='word_1_370' title='bbox 1059 2974 1323 3012; x_wconf 87' lang='lat' dir='ltr'><strong>obtrectatores</strong></span> 
     </span>
     <span class='ocr_line' id='line_1_48' title="bbox 267 3029 1323 3079; baseline 0.007 -13"><span class='ocrx_word' id='word_1_371' title='bbox 267 3036 304 3066; x_wconf 92' lang='lat' dir='ltr'><strong>et</strong></span> <span class='ocrx_word' id='word_1_372' title='bbox 321 3029 528 3075; x_wconf 88' lang='lat' dir='ltr'><strong>maleloqui,</strong></span> <span class='ocrx_word' id='word_1_373' title='bbox 555 3035 591 3066; x_wconf 93' lang='lat' dir='ltr'><strong>et</strong></span> <span class='ocrx_word' id='word_1_374' title='bbox 607 3031 694 3076; x_wconf 93' lang='lat' dir='ltr'><strong>quid</strong></span> <span class='ocrx_word' id='word_1_375' title='bbox 709 3032 950 3069; x_wconf 90' lang='lat' dir='ltr'><strong>damnationis</strong></span> <span class='ocrx_word' id='word_1_376' title='bbox 967 3035 1170 3079; x_wconf 86' lang='lat' dir='ltr'><strong>acquirant.</strong></span> <span class='ocrx_word' id='word_1_377' title='bbox 1191 3035 1323 3074; x_wconf 88' lang='lat' dir='ltr'><strong>Audite</strong></span> 
     </span>
     <span class='ocr_line' id='line_1_49' title="bbox 265 3090 1323 3141; baseline 0.007 -16"><span class='ocrx_word' id='word_1_378' title='bbox 265 3099 378 3133; x_wconf 89' lang='lat' dir='ltr'><strong>nunc,</strong></span> <span class='ocrx_word' id='word_1_379' title='bbox 412 3095 448 3126; x_wconf 90' lang='lat' dir='ltr'><strong>et</strong></span> <span class='ocrx_word' id='word_1_380' title='bbox 474 3095 648 3136; x_wconf 89' lang='lat' dir='ltr'><strong>quantum</strong></span> <span class='ocrx_word' id='word_1_381' title='bbox 682 3090 848 3128; x_wconf 83' lang='lat' dir='ltr'><strong>beneficii</strong></span> <span class='ocrx_word' id='word_1_382' title='bbox 880 3093 1068 3130; x_wconf 86' lang='lat' dir='ltr'><strong>conserant</strong></span> <span class='ocrx_word' id='word_1_383' title='bbox 1099 3095 1156 3131; x_wconf 91' lang='lat' dir='ltr'><strong>his</strong></span> <span class='ocrx_word' id='word_1_384' title='bbox 1192 3097 1323 3141; x_wconf 90' lang='lat' dir='ltr'><strong>quihus</strong></span> 
     </span>
     <span class='ocr_line' id='line_1_50' title="bbox 265 3150 1320 3197; baseline 0.005 -10"><span class='ocrx_word' id='word_1_385' title='bbox 265 3151 483 3187; x_wconf 81' lang='lat' dir='ltr'><strong>obtrectant.</strong></span> <span class='ocrx_word' id='word_1_386' title='bbox 509 3150 699 3197; x_wconf 87' lang='lat' dir='ltr'><strong>Nunquam</strong></span> <span class='ocrx_word' id='word_1_387' title='bbox 718 3151 880 3189; x_wconf 87' lang='lat' dir='ltr'><strong>invenies</strong></span> <span class='ocrx_word' id='word_1_388' title='bbox 901 3158 1021 3190; x_wconf 90' lang='lat' dir='ltr'><strong>tantas</strong></span> <span class='ocrx_word' id='word_1_389' title='bbox 1048 3153 1172 3191; x_wconf 88' lang='lat' dir='ltr'><strong>laudes</strong></span> <span class='ocrx_word' id='word_1_390' title='bbox 1206 3156 1320 3192; x_wconf 90' lang='lat' dir='ltr'><strong>Deum</strong></span> 
     </span>
     <span class='ocr_line' id='line_1_51' title="bbox 266 3211 1320 3259; baseline 0.004 -12"><span class='ocrx_word' id='word_1_391' title='bbox 266 3211 401 3248; x_wconf 87' lang='lat' dir='ltr'><strong>dixisse</strong></span> <span class='ocrx_word' id='word_1_392' title='bbox 431 3212 476 3249; x_wconf 92' lang='lat' dir='ltr'><strong>de</strong></span> <span class='ocrx_word' id='word_1_393' title='bbox 507 3211 629 3259; x_wconf 78' lang='lat' dir='ltr'><strong>Moyse</strong></span> <span class='ocrx_word' id='word_1_394' title='bbox 661 3212 796 3249; x_wconf 86' lang='lat' dir='ltr'><strong>famulo</strong></span> <span class='ocrx_word' id='word_1_395' title='bbox 823 3222 901 3257; x_wconf 90' lang='lat' dir='ltr'><strong>suo,</strong></span> <span class='ocrx_word' id='word_1_396' title='bbox 934 3219 1090 3258; x_wconf 87' lang='lat' dir='ltr'><strong>quantas</strong></span> <span class='ocrx_word' id='word_1_397' title='bbox 1122 3225 1220 3251; x_wconf 89' lang='lat' dir='ltr'><strong>nunc</strong></span> <span class='ocrx_word' id='word_1_398' title='bbox 1249 3216 1320 3251; x_wconf 91' lang='lat' dir='ltr'><strong>dici</strong></span> 
     </span>
     <span class='ocr_line' id='line_1_52' title="bbox 265 3273 1323 3321; baseline 0.003 -13"><span class='ocrx_word' id='word_1_399' title='bbox 265 3273 412 3319; x_wconf 91' lang='lat' dir='ltr'><strong>quidem</strong></span> <span class='ocrx_word' id='word_1_400' title='bbox 429 3273 633 3316; x_wconf 87' lang='lat' dir='ltr'><strong>videamus,</strong></span> <span class='ocrx_word' id='word_1_401' title='bbox 657 3273 803 3320; x_wconf 89' lang='lat' dir='ltr'><strong>quando</strong></span> <span class='ocrx_word' id='word_1_402' title='bbox 824 3274 869 3309; x_wconf 87' lang='lat' dir='ltr'><strong>ab</strong></span> <span class='ocrx_word' id='word_1_403' title='bbox 889 3274 1097 3311; x_wconf 90' lang='lat' dir='ltr'><strong>hominibus</strong></span> <span class='ocrx_word' id='word_1_404' title='bbox 1114 3275 1149 3311; x_wconf 90' lang='lat' dir='ltr'><strong>ei</strong></span> <span class='ocrx_word' id='word_1_405' title='bbox 1172 3275 1323 3321; x_wconf 86' lang='lat' dir='ltr'><strong>deroga-</strong></span> 
     </span>
     <span class='ocr_line' id='line_1_53' title="bbox 264 3333 1322 3381; baseline -0.001 -11"><span class='ocrx_word' id='word_1_406' title='bbox 264 3339 342 3370; x_wconf 87' lang='lat' dir='ltr'><strong>tum</strong></span> <span class='ocrx_word' id='word_1_407' title='bbox 368 3338 436 3370; x_wconf 92' lang='lat' dir='ltr'><strong>est.</strong></span> <span class='ocrx_word' id='word_1_408' title='bbox 463 3333 558 3370; x_wconf 91' lang='lat' dir='ltr'><strong>Audi</strong></span> <span class='ocrx_word' id='word_1_409' title='bbox 577 3344 662 3381; x_wconf 88' lang='lat' dir='ltr'><strong>ergo</strong></span> <span class='ocrx_word' id='word_1_410' title='bbox 689 3333 726 3370; x_wconf 93' lang='lat' dir='ltr'><strong>in</strong></span> <span class='ocrx_word' id='word_1_411' title='bbox 759 3333 994 3379; x_wconf 87' lang='lat' dir='ltr'><strong>sequentibus</strong></span> <span class='ocrx_word' id='word_1_412' title='bbox 1024 3334 1110 3380; x_wconf 90' lang='lat' dir='ltr'><strong>quid</strong></span> <span class='ocrx_word' id='word_1_413' title='bbox 1143 3333 1253 3378; x_wconf 90' lang='lat' dir='ltr'><strong>dicat,</strong></span> <span class='ocrx_word' id='word_1_414' title='bbox 1285 3338 1322 3370; x_wconf 90' lang='lat' dir='ltr'><strong>et</strong></span> 
     </span>
     <span class='ocr_line' id='line_1_54' title="bbox 265 3392 1247 3441; baseline 0 -11"><span class='ocrx_word' id='word_1_415' title='bbox 265 3393 397 3440; x_wconf 66' lang='lat' dir='ltr'><strong>(itibus</strong></span> <span class='ocrx_word' id='word_1_416' title='bbox 415 3393 562 3441; x_wconf 81' lang='lat' dir='ltr'><strong>Moysen</strong></span> <span class='ocrx_word' id='word_1_417' title='bbox 578 3395 743 3431; x_wconf 88' lang='lat' dir='ltr'><strong>laudibus</strong></span> <span class='ocrx_word' id='word_1_418' title='bbox 761 3393 887 3431; x_wconf 83' lang='lat' dir='ltr'><strong>efferat</strong></span> <span class='ocrx_word' id='word_1_419' title='bbox 912 3392 1069 3440; x_wconf 88' lang='lat' dir='ltr'><strong>Spiritus</strong></span> <span class='ocrx_word' id='word_1_420' title='bbox 1086 3399 1247 3432; x_wconf 89' lang='lat' dir='ltr'><strong>sanctus.</strong></span> 
     </span>
    </p>

    <p class='ocr_par' dir='ltr' id='par_1_5' title="bbox 264 3452 1322 3809">
     <span class='ocr_line' id='line_1_55' title="bbox 311 3452 1322 3501; baseline 0.001 -13"><span class='ocrx_word' id='word_1_421' title='bbox 311 3452 360 3489; x_wconf 82' lang='lat' dir='ltr'><strong>Et</strong></span> <span class='ocrx_word' id='word_1_422' title='bbox 376 3454 565 3499; x_wconf 83' lang='lat' dir='ltr'><strong>descendit,</strong></span> <span class='ocrx_word' id='word_1_423' title='bbox 584 3454 716 3501; x_wconf 91' lang='lat' dir='ltr'><strong>inquit,</strong></span> <span class='ocrx_word' id='word_1_424' title='bbox 734 3453 906 3492; x_wconf 65' lang='lat' dir='ltr'><strong>Dominus</strong></span> <span class='ocrx_word' id='word_1_425' title='bbox 927 3455 965 3490; x_wconf 84' lang='lat' dir='ltr'><strong>in</strong></span> <span class='ocrx_word' id='word_1_426' title='bbox 981 3453 1142 3490; x_wconf 81' lang='lat' dir='ltr'><strong>columna</strong></span> <span class='ocrx_word' id='word_1_427' title='bbox 1158 3455 1271 3497; x_wconf 84' lang='lat' dir='ltr'><strong>nubis,</strong></span> <span class='ocrx_word' id='word_1_428' title='bbox 1288 3461 1322 3491; x_wconf 85' lang='lat' dir='ltr'><strong>et</strong></span> 
     </span>
     <span class='ocr_line' id='line_1_56' title="bbox 264 3512 1322 3552; baseline 0.004 -4"><span class='ocrx_word' id='word_1_429' title='bbox 264 3513 359 3549; x_wconf 81' lang='lat' dir='ltr'><strong>stetit</strong></span> <span class='ocrx_word' id='word_1_430' title='bbox 374 3512 421 3548; x_wconf 87' lang='lat' dir='ltr'><strong>ad</strong></span> <span class='ocrx_word' id='word_1_431' title='bbox 440 3514 567 3549; x_wconf 81' lang='lat' dir='ltr'><strong>ostium</strong></span> <span class='ocrx_word' id='word_1_432' title='bbox 584 3513 798 3550; x_wconf 82' lang='lat' dir='ltr'><strong>tabernaculi</strong></span> <span class='ocrx_word' id='word_1_433' title='bbox 823 3514 1026 3552; x_wconf 81' lang='lat' dir='ltr'><strong>testimonii.</strong></span> <span class='ocrx_word' id='word_1_434' title='bbox 1046 3513 1092 3549; x_wconf 86' lang='lat' dir='ltr'><strong>Et</strong></span> <span class='ocrx_word' id='word_1_435' title='bbox 1111 3515 1222 3549; x_wconf 82' lang='lat' dir='ltr'><strong>vocati</strong></span> <span class='ocrx_word' id='word_1_436' title='bbox 1240 3519 1322 3552; x_wconf 80' lang='lat' dir='ltr'><strong>sun!</strong></span> 
     </span>
     <span class='ocr_line' id='line_1_57' title="bbox 265 3574 1318 3619; baseline 0.003 -10"><span class='ocrx_word' id='word_1_437' title='bbox 265 3575 386 3611; x_wconf 80' lang='lat' dir='ltr'><strong>Aaron</strong></span> <span class='ocrx_word' id='word_1_438' title='bbox 413 3580 445 3611; x_wconf 84' lang='lat' dir='ltr'><strong>et</strong></span> <span class='ocrx_word' id='word_1_439' title='bbox 462 3575 603 3618; x_wconf 77' lang='lat' dir='ltr'><strong>Maria,</strong></span> <span class='ocrx_word' id='word_1_440' title='bbox 627 3580 660 3610; x_wconf 85' lang='lat' dir='ltr'><strong>et</strong></span> <span class='ocrx_word' id='word_1_441' title='bbox 675 3580 842 3612; x_wconf 76' lang='lat' dir='ltr'><strong>steterunt</strong></span> <span class='ocrx_word' id='word_1_442' title='bbox 861 3576 976 3619; x_wconf 89' lang='lat' dir='ltr'><strong>ambo,</strong></span> <span class='ocrx_word' id='word_1_443' title='bbox 998 3581 1031 3611; x_wconf 89' lang='lat' dir='ltr'><strong>et</strong></span> <span class='ocrx_word' id='word_1_444' title='bbox 1053 3575 1142 3610; x_wconf 71' lang='lat' dir='ltr'><strong>discit</strong></span> <span class='ocrx_word' id='word_1_445' title='bbox 1158 3574 1205 3610; x_wconf 89' lang='lat' dir='ltr'><strong>ad</strong></span> <span class='ocrx_word' id='word_1_446' title='bbox 1233 3585 1318 3612; x_wconf 82' lang='lat' dir='ltr'><strong>eos:</strong></span> 
     </span>
     <span class='ocr_line' id='line_1_58' title="bbox 265 3634 1322 3683; baseline 0.004 -14"><span class='ocrx_word' id='word_1_447' title='bbox 265 3634 400 3671; x_wconf 83' lang='lat' dir='ltr'><strong>Audite</strong></span> <span class='ocrx_word' id='word_1_448' title='bbox 423 3638 526 3672; x_wconf 83' lang='lat' dir='ltr'><strong>verba</strong></span> <span class='ocrx_word' id='word_1_449' title='bbox 551 3646 628 3671; x_wconf 88' lang='lat' dir='ltr'><strong>mea</strong></span> <span class='ocrx_word' id='word_1_450' title='bbox 647 3645 659 3669; x_wconf 90' lang='grc'><strong>.·</strong></span> <span class='ocrx_word' id='word_1_451' title='bbox 679 3634 718 3672; x_wconf 82' lang='lat' dir='ltr'><strong>Si</strong></span> <span class='ocrx_word' id='word_1_452' title='bbox 742 3635 847 3682; x_wconf 76' lang='lat' dir='ltr'><strong>fuerit</strong></span> <span class='ocrx_word' id='word_1_453' title='bbox 873 3637 950 3683; x_wconf 84' lang='lat' dir='ltr'><strong>quis</strong></span> <span class='ocrx_word' id='word_1_454' title='bbox 974 3642 1123 3673; x_wconf 83' lang='lat' dir='ltr'><strong>uestrum</strong></span> <span class='ocrx_word' id='word_1_455' title='bbox 1153 3636 1322 3683; x_wconf 76' lang='lat' dir='ltr'><strong>propheta</strong></span> 
     </span>
     <span class='ocr_line' id='line_1_59' title="bbox 265 3695 1322 3744; baseline 0.003 -14"><span class='ocrx_word' id='word_1_456' title='bbox 265 3695 419 3741; x_wconf 83' lang='lat' dir='ltr'><strong>Domini,</strong></span> <span class='ocrx_word' id='word_1_457' title='bbox 454 3699 492 3734; x_wconf 82' lang='lat' dir='ltr'><strong>in</strong></span> <span class='ocrx_word' id='word_1_458' title='bbox 512 3698 700 3734; x_wconf 74' lang='lat' dir='ltr'><strong>visionibus</strong></span> <span class='ocrx_word' id='word_1_459' title='bbox 721 3699 754 3734; x_wconf 84' lang='lat' dir='ltr'><strong>ei</strong></span> <span class='ocrx_word' id='word_1_460' title='bbox 772 3709 958 3744; x_wconf 62' lang='lat' dir='ltr'><strong>agnoscar,</strong></span> <span class='ocrx_word' id='word_1_461' title='bbox 993 3704 1025 3733; x_wconf 89' lang='lat' dir='ltr'><strong>et</strong></span> <span class='ocrx_word' id='word_1_462' title='bbox 1043 3699 1081 3733; x_wconf 78' lang='lat' dir='ltr'><strong>in</strong></span> <span class='ocrx_word' id='word_1_463' title='bbox 1106 3698 1238 3734; x_wconf 76' lang='lat' dir='ltr'><strong>somnis</strong></span> <span class='ocrx_word' id='word_1_464' title='bbox 1269 3696 1322 3733; x_wconf 83' lang='lat' dir='ltr'><strong>lo-</strong></span> 
     </span>
     <span class='ocr_line' id='line_1_60' title="bbox 265 3758 1322 3809; baseline 0.005 -17"><span class='ocrx_word' id='word_1_465' title='bbox 265 3765 354 3803; x_wconf 74' lang='lat' dir='ltr'><strong>quar</strong></span> <span class='ocrx_word' id='word_1_466' title='bbox 379 3758 409 3807; x_wconf 79' lang='lat' dir='ltr'><strong>ei</strong></span> <span class='ocrx_word' id='word_1_467' title='bbox 427 3768 440 3792; x_wconf 83' lang='grc'><strong>.-</strong></span> <span class='ocrx_word' id='word_1_468' title='bbox 458 3771 528 3796; x_wconf 83' lang='lat' dir='ltr'><strong>non</strong></span> <span class='ocrx_word' id='word_1_469' title='bbox 553 3762 642 3796; x_wconf 82' lang='lat' dir='ltr'><strong>sicut</strong></span> <span class='ocrx_word' id='word_1_470' title='bbox 665 3761 799 3808; x_wconf 73' lang='lat' dir='ltr'><strong>famulo</strong></span> <span class='ocrx_word' id='word_1_471' title='bbox 825 3771 901 3796; x_wconf 85' lang='lat' dir='ltr'><strong>meo</strong></span> <span class='ocrx_word' id='word_1_472' title='bbox 927 3759 1058 3806; x_wconf 64' lang='lat' dir='ltr'><strong>Mobsi,</strong></span> <span class='ocrx_word' id='word_1_473' title='bbox 1096 3761 1162 3809; x_wconf 82' lang='lat' dir='ltr'><strong>qui</strong></span> <span class='ocrx_word' id='word_1_474' title='bbox 1186 3761 1223 3797; x_wconf 83' lang='lat' dir='ltr'><strong>in</strong></span> <span class='ocrx_word' id='word_1_475' title='bbox 1249 3765 1322 3799; x_wconf 77' lang='lat' dir='ltr'><strong>tota</strong></span> 
     </span>
    </p>
   </div>
   <div class='ocr_carea' id='block_1_5' title="bbox 300 175 2468 307">
    <p class='ocr_par' dir='ltr' id='par_1_6' title="bbox 300 175 2468 307">
     <span class='ocr_line' id='line_1_61' title="bbox 743 175 2058 220; baseline 0.003 -5"><span class='ocrx_word' id='word_1_476' title='bbox 743 179 785 216; x_wconf 92' lang='lat' dir='ltr'><strong>B.</strong></span> <span class='ocrx_word' id='word_1_477' title='bbox 811 178 981 218; x_wconf 84' lang='lat' dir='ltr'><strong>RABANI</strong></span> <span class='ocrx_word' id='word_1_478' title='bbox 1005 177 1152 217; x_wconf 84' lang='lat' dir='ltr'><strong>MAURI</strong></span> <span class='ocrx_word' id='word_1_479' title='bbox 1177 175 1394 216; x_wconf 82' lang='lat' dir='ltr'><strong>ARCHIEP.</strong></span> <span class='ocrx_word' id='word_1_480' title='bbox 1421 177 1628 220; x_wconf 80' lang='lat' dir='ltr'><strong>MOGUNT.</strong></span> <span class='ocrx_word' id='word_1_481' title='bbox 1655 180 1846 219; x_wconf 87' lang='lat' dir='ltr'><strong>OPERUM</strong></span> <span class='ocrx_word' id='word_1_482' title='bbox 1869 181 2002 218; x_wconf 83' lang='lat' dir='ltr'><strong>PARS.</strong></span> <span class='ocrx_word' id='word_1_483' title='bbox 2029 182 2058 219; x_wconf 88' lang='lat' dir='ltr'><strong>l.</strong></span> 
     </span>
     <span class='ocr_line' id='line_1_62' title="bbox 300 251 2468 307; baseline 0.002 -11"><span class='ocrx_word' id='word_1_484' title='bbox 300 256 543 305; x_wconf 88' lang='lat' dir='ltr'><strong>derogandum</strong></span> <span class='ocrx_word' id='word_1_485' title='bbox 576 265 650 295; x_wconf 88' lang='lat' dir='ltr'><strong>non</strong></span> <span class='ocrx_word' id='word_1_486' title='bbox 683 256 799 294; x_wconf 82' lang='lat' dir='ltr'><strong>solum</strong></span> <span class='ocrx_word' id='word_1_487' title='bbox 836 258 989 301; x_wconf 87' lang='lat' dir='ltr'><strong>sanctis,</strong></span> <span class='ocrx_word' id='word_1_488' title='bbox 1028 256 1092 294; x_wconf 88' lang='lat' dir='ltr'><strong>sed</strong></span> <span class='ocrx_word' id='word_1_489' title='bbox 1127 254 1346 302; x_wconf 82' lang='lat' dir='ltr'><strong>quibuslibet</strong></span> <span class='ocrx_word' id='word_1_490' title='bbox 1362 255 1398 294; x_wconf 86' lang='lat' dir='ltr'><strong>A</strong></span> <span class='ocrx_word' id='word_1_491' title='bbox 1414 254 1516 293; x_wconf 82' lang='lat' dir='ltr'><strong>domo</strong></span> <span class='ocrx_word' id='word_1_492' title='bbox 1534 269 1610 294; x_wconf 85' lang='lat' dir='ltr'><strong>mea</strong></span> <span class='ocrx_word' id='word_1_493' title='bbox 1633 258 1748 304; x_wconf 82' lang='lat' dir='ltr'><strong>fidelis</strong></span> <span class='ocrx_word' id='word_1_494' title='bbox 1771 265 1834 294; x_wconf 81' lang='lat' dir='ltr'><strong>est.</strong></span> <span class='ocrx_word' id='word_1_495' title='bbox 1871 256 1940 294; x_wconf 84' lang='lat' dir='ltr'><strong>Ore</strong></span> <span class='ocrx_word' id='word_1_496' title='bbox 1959 258 2005 294; x_wconf 88' lang='lat' dir='ltr'><strong>ad</strong></span> <span class='ocrx_word' id='word_1_497' title='bbox 2031 269 2068 294; x_wconf 87' lang='lat' dir='ltr'><strong>os</strong></span> <span class='ocrx_word' id='word_1_498' title='bbox 2095 258 2220 305; x_wconf 83' lang='lat' dir='ltr'><strong>loquar</strong></span> <span class='ocrx_word' id='word_1_499' title='bbox 2237 260 2284 296; x_wconf 85' lang='lat' dir='ltr'><strong>ad</strong></span> <span class='ocrx_word' id='word_1_500' title='bbox 2311 271 2405 307; x_wconf 69' lang='lat' dir='ltr'><strong>mm,</strong></span> <span class='ocrx_word' id='word_1_501' title='bbox 2423 251 2468 300; x_wconf 53' lang='lat' dir='ltr'><strong>a*</strong></span> 
     </span>
    </p>
   </div>
   <div class='ocr_carea' id='block_1_6' title="bbox 2384 0 2540 1194">
    <p class='ocr_par' dir='ltr' id='par_1_7' title="bbox 2384 0 2540 1194">
     <span class='ocr_line' id='line_1_63' title="bbox 2384 0 2540 1194; baseline 0 0"><span class='ocrx_word' id='word_1_502' title='bbox 2384 0 2540 1194; x_wconf 95' lang='lat' dir='ltr'><strong>    </strong></span> 
     </span>
    </p>
   </div>
   <div class='ocr_carea' id='block_1_7' title="bbox 1411 317 2509 1148">
    <p class='ocr_par' dir='ltr' id='par_1_8' title="bbox 1411 317 2509 1148">
     <span class='ocr_line' id='line_1_64' title="bbox 1413 317 2464 369; baseline 0.007 -16"><span class='ocrx_word' id='word_1_503' title='bbox 1413 317 1524 363; x_wconf 74' lang='lat' dir='ltr'><strong>specie</strong></span> <span class='ocrx_word' id='word_1_504' title='bbox 1545 324 1579 353; x_wconf 85' lang='lat' dir='ltr'><strong>et</strong></span> <span class='ocrx_word' id='word_1_505' title='bbox 1602 329 1672 354; x_wconf 86' lang='lat' dir='ltr'><strong>non</strong></span> <span class='ocrx_word' id='word_1_506' title='bbox 1694 319 1731 354; x_wconf 84' lang='lat' dir='ltr'><strong>in</strong></span> <span class='ocrx_word' id='word_1_507' title='bbox 1755 319 1938 365; x_wconf 78' lang='lat' dir='ltr'><strong>oeniqmate</strong></span> <span class='ocrx_word' id='word_1_508' title='bbox 1961 324 1993 354; x_wconf 89' lang='lat' dir='ltr'><strong>et</strong></span> <span class='ocrx_word' id='word_1_509' title='bbox 2019 318 2132 365; x_wconf 75' lang='lat' dir='ltr'><strong>yloria</strong></span> <span class='ocrx_word' id='word_1_510' title='bbox 2156 318 2269 355; x_wconf 88' lang='lat' dir='ltr'><strong>Deum</strong></span> <span class='ocrx_word' id='word_1_511' title='bbox 2288 321 2390 358; x_wconf 80' lang='lat' dir='ltr'><strong>videt.</strong></span> <span class='ocrx_word' id='word_1_512' title='bbox 2407 323 2464 369; x_wconf 63' lang='lat' dir='ltr'><strong>{Et</strong></span> 
     </span>
     <span class='ocr_line' id='line_1_65' title="bbox 1411 377 2465 428; baseline 0.006 -15"><span class='ocrx_word' id='word_1_513' title='bbox 1411 388 1519 424; x_wconf 85' lang='lat' dir='ltr'><strong>quare</strong></span> <span class='ocrx_word' id='word_1_514' title='bbox 1547 389 1617 414; x_wconf 84' lang='lat' dir='ltr'><strong>non</strong></span> <span class='ocrx_word' id='word_1_515' title='bbox 1647 378 1811 414; x_wconf 77' lang='lat' dir='ltr'><strong>timuistis</strong></span> <span class='ocrx_word' id='word_1_516' title='bbox 1842 378 2024 414; x_wconf 80' lang='lat' dir='ltr'><strong>detrahere</strong></span> <span class='ocrx_word' id='word_1_517' title='bbox 2053 377 2186 424; x_wconf 74' lang='lat' dir='ltr'><strong>famulo</strong></span> <span class='ocrx_word' id='word_1_518' title='bbox 2216 390 2294 416; x_wconf 89' lang='lat' dir='ltr'><strong>meo</strong></span> <span class='ocrx_word' id='word_1_519' title='bbox 2322 381 2465 428; x_wconf 71' lang='lat' dir='ltr'><strong>Moysi?</strong></span> 
     </span>
     <span class='ocr_line' id='line_1_66' title="bbox 1412 437 2464 485; baseline 0.006 -12"><span class='ocrx_word' id='word_1_520' title='bbox 1412 437 1459 473; x_wconf 85' lang='lat' dir='ltr'><strong>Et</strong></span> <span class='ocrx_word' id='word_1_521' title='bbox 1499 439 1555 474; x_wconf 86' lang='lat' dir='ltr'><strong>ira</strong></span> <span class='ocrx_word' id='word_1_522' title='bbox 1600 438 1730 484; x_wconf 69' lang='lat' dir='ltr'><strong>suroris</strong></span> <span class='ocrx_word' id='word_1_523' title='bbox 1770 439 1914 473; x_wconf 82' lang='lat' dir='ltr'><strong>Domini</strong></span> <span class='ocrx_word' id='word_1_524' title='bbox 1955 438 2050 484; x_wconf 77' lang='lat' dir='ltr'><strong>sacta</strong></span> <span class='ocrx_word' id='word_1_525' title='bbox 2086 444 2135 474; x_wconf 83' lang='lat' dir='ltr'><strong>est</strong></span> <span class='ocrx_word' id='word_1_526' title='bbox 2175 449 2279 485; x_wconf 84' lang='lat' dir='ltr'><strong>super</strong></span> <span class='ocrx_word' id='word_1_527' title='bbox 2313 441 2393 478; x_wconf 83' lang='lat' dir='ltr'><strong>illos</strong></span> <span class='ocrx_word' id='word_1_528' title='bbox 2430 448 2464 479; x_wconf 88' lang='lat' dir='ltr'><strong>et</strong></span> 
     </span>
     <span class='ocr_line' id='line_1_67' title="bbox 1411 496 2463 537; baseline 0.005 -5"><span class='ocrx_word' id='word_1_529' title='bbox 1411 497 1642 532; x_wconf 78' lang='lat' dir='ltr'><strong>discesserunt</strong></span> <span class='ocrx_word' id='word_1_530' title='bbox 1669 507 1681 532; x_wconf 83' lang='grc'><strong>.-</strong></span> <span class='ocrx_word' id='word_1_531' title='bbox 1709 502 1742 530; x_wconf 85' lang='lat' dir='ltr'><strong>et</strong></span> <span class='ocrx_word' id='word_1_532' title='bbox 1779 496 1885 531; x_wconf 89' lang='lat' dir='ltr'><strong>nubes</strong></span> <span class='ocrx_word' id='word_1_533' title='bbox 1919 497 2059 532; x_wconf 84' lang='lat' dir='ltr'><strong>recessit</strong></span> <span class='ocrx_word' id='word_1_534' title='bbox 2087 509 2108 534; x_wconf 89' lang='lat' dir='ltr'><strong>a</strong></span> <span class='ocrx_word' id='word_1_535' title='bbox 2137 497 2377 535; x_wconf 84' lang='lat' dir='ltr'><strong>tabernaculo.</strong></span> <span class='ocrx_word' id='word_1_536' title='bbox 2414 499 2463 537; x_wconf 83' lang='lat' dir='ltr'><strong>Et</strong></span> 
     </span>
     <span class='ocr_line' id='line_1_68' title="bbox 1411 555 2463 600; baseline 0.006 -9"><span class='ocrx_word' id='word_1_537' title='bbox 1411 566 1488 592; x_wconf 86' lang='lat' dir='ltr'><strong>ecce</strong></span> <span class='ocrx_word' id='word_1_538' title='bbox 1530 555 1647 591; x_wconf 86' lang='lat' dir='ltr'><strong>Maria</strong></span> <span class='ocrx_word' id='word_1_539' title='bbox 1693 555 1788 599; x_wconf 71' lang='lat' dir='ltr'><strong>facta</strong></span> <span class='ocrx_word' id='word_1_540' title='bbox 1832 561 1883 591; x_wconf 85' lang='lat' dir='ltr'><strong>est</strong></span> <span class='ocrx_word' id='word_1_541' title='bbox 1924 555 2060 600; x_wconf 78' lang='lat' dir='ltr'><strong>leprosa</strong></span> <span class='ocrx_word' id='word_1_542' title='bbox 2110 559 2201 595; x_wconf 80' lang='lat' dir='ltr'><strong>sicut</strong></span> <span class='ocrx_word' id='word_1_543' title='bbox 2237 561 2311 595; x_wconf 78' lang='lat' dir='ltr'><strong>nix.</strong></span> <span class='ocrx_word' id='word_1_544' title='bbox 2354 559 2463 597; x_wconf 84' lang='lat' dir='ltr'><strong>Vide-</strong></span> 
     </span>
     <span class='ocr_line' id='line_1_69' title="bbox 1411 615 2490 664; baseline 0.006 -14"><span class='ocrx_word' id='word_1_545' title='bbox 1411 616 1459 651; x_wconf 90' lang='lat' dir='ltr'><strong>tis</strong></span> <span class='ocrx_word' id='word_1_546' title='bbox 1500 616 1585 660; x_wconf 90' lang='lat' dir='ltr'><strong>quid</strong></span> <span class='ocrx_word' id='word_1_547' title='bbox 1641 615 1709 651; x_wconf 91' lang='lat' dir='ltr'><strong>sibi</strong></span> <span class='ocrx_word' id='word_1_548' title='bbox 1752 625 1870 660; x_wconf 73' lang='lat' dir='ltr'><strong>poenae</strong></span> <span class='ocrx_word' id='word_1_549' title='bbox 1918 616 2138 653; x_wconf 88' lang='lat' dir='ltr'><strong>contulerint</strong></span> <span class='ocrx_word' id='word_1_550' title='bbox 2178 619 2460 664; x_wconf 85' lang='lat' dir='ltr'><strong>obtrectatores;</strong></span> <span class='ocrx_word' id='word_1_551' title='bbox 2487 627 2490 630; x_wconf 59' lang='lat'><strong>⁴</strong></span> 
     </span>
     <span class='ocr_line' id='line_1_70' title="bbox 1411 675 2460 724; baseline 0.006 -14"><span class='ocrx_word' id='word_1_552' title='bbox 1411 676 1498 721; x_wconf 87' lang='lat' dir='ltr'><strong>quid</strong></span> <span class='ocrx_word' id='word_1_553' title='bbox 1521 685 1607 711; x_wconf 91' lang='lat' dir='ltr'><strong>vero</strong></span> <span class='ocrx_word' id='word_1_554' title='bbox 1624 675 1674 710; x_wconf 93' lang='lat' dir='ltr'><strong>illi</strong></span> <span class='ocrx_word' id='word_1_555' title='bbox 1694 675 1753 710; x_wconf 89' lang='lat' dir='ltr'><strong>cui</strong></span> <span class='ocrx_word' id='word_1_556' title='bbox 1770 677 2061 712; x_wconf 84' lang='lat' dir='ltr'><strong>obtrectaverant</strong></span> <span class='ocrx_word' id='word_1_557' title='bbox 2078 679 2307 724; x_wconf 62' lang='lat' dir='ltr'><strong>quaesiverint</strong></span> <span class='ocrx_word' id='word_1_558' title='bbox 2330 680 2460 717; x_wconf 91' lang='lat' dir='ltr'><strong>laudis.</strong></span> 
     </span>
     <span class='ocr_line' id='line_1_71' title="bbox 1412 736 2460 785; baseline 0.005 -14"><span class='ocrx_word' id='word_1_559' title='bbox 1412 736 1487 772; x_wconf 90' lang='lat' dir='ltr'><strong>Sibi</strong></span> <span class='ocrx_word' id='word_1_560' title='bbox 1509 736 1779 781; x_wconf 88' lang='lat' dir='ltr'><strong>turpitudinem,</strong></span> <span class='ocrx_word' id='word_1_561' title='bbox 1799 736 1850 771; x_wconf 90' lang='lat' dir='ltr'><strong>illi</strong></span> <span class='ocrx_word' id='word_1_562' title='bbox 1869 737 2096 782; x_wconf 90' lang='lat' dir='ltr'><strong>splendorem</strong></span> <span class='ocrx_word' id='word_1_563' title='bbox 2113 749 2123 782; x_wconf 91' lang='lat'>;</span> <span class='ocrx_word' id='word_1_564' title='bbox 2151 740 2219 775; x_wconf 91' lang='lat' dir='ltr'><strong>sibi</strong></span> <span class='ocrx_word' id='word_1_565' title='bbox 2238 740 2389 785; x_wconf 91' lang='lat' dir='ltr'><strong>lepram,</strong></span> <span class='ocrx_word' id='word_1_566' title='bbox 2408 741 2460 777; x_wconf 91' lang='lat' dir='ltr'><strong>illi</strong></span> 
     </span>
     <span class='ocr_line' id='line_1_72' title="bbox 1411 797 2502 847; baseline 0.005 -16"><span class='ocrx_word' id='word_1_567' title='bbox 1411 798 1581 845; x_wconf 81' lang='lat' dir='ltr'><strong>gloriam3</strong></span> <span class='ocrx_word' id='word_1_568' title='bbox 1605 797 1672 832; x_wconf 84' lang='lat' dir='ltr'><strong>sibi</strong></span> <span class='ocrx_word' id='word_1_569' title='bbox 1697 798 1946 842; x_wconf 89' lang='lat' dir='ltr'><strong>opprobrium,</strong></span> <span class='ocrx_word' id='word_1_570' title='bbox 1967 797 2016 833; x_wconf 89' lang='lat' dir='ltr'><strong>illi</strong></span> <span class='ocrx_word' id='word_1_571' title='bbox 2036 799 2340 845; x_wconf 84' lang='lat' dir='ltr'><strong>magnificentiam</strong></span> <span class='ocrx_word' id='word_1_572' title='bbox 2364 811 2461 847; x_wconf 86' lang='lat' dir='ltr'><strong>quae-</strong></span> <span class='ocrx_word' id='word_1_573' title='bbox 2500 822 2502 826; x_wconf 95' lang='lat'>·</span> 
     </span>
     <span class='ocr_line' id='line_1_73' title="bbox 1411 859 2462 906; baseline 0.002 -11"><span class='ocrx_word' id='word_1_574' title='bbox 1411 861 1583 896; x_wconf 88' lang='lat' dir='ltr'><strong>siverunt.</strong></span> <span class='ocrx_word' id='word_1_575' title='bbox 1604 860 1862 895; x_wconf 86' lang='lat' dir='ltr'><strong>Verumtamen</strong></span> <span class='ocrx_word' id='word_1_576' title='bbox 1880 859 2019 905; x_wconf 89' lang='lat' dir='ltr'><strong>Moyses</strong></span> <span class='ocrx_word' id='word_1_577' title='bbox 2041 861 2251 906; x_wconf 89' lang='lat' dir='ltr'><strong>priusquam</strong></span> <span class='ocrx_word' id='word_1_578' title='bbox 2272 866 2462 906; x_wconf 90' lang='lat' dir='ltr'><strong>acceperat</strong></span> 
     </span>
     <span class='ocr_line' id='line_1_74' title="bbox 1411 919 2460 966; baseline 0 -10"><span class='ocrx_word' id='word_1_579' title='bbox 1411 919 1683 965; x_wconf 88' lang='lat' dir='ltr'><strong>AEthiopissam,</strong></span> <span class='ocrx_word' id='word_1_580' title='bbox 1714 930 1783 954; x_wconf 92' lang='lat' dir='ltr'><strong>non</strong></span> <span class='ocrx_word' id='word_1_581' title='bbox 1804 925 1859 955; x_wconf 88' lang='lat' dir='ltr'><strong>est</strong></span> <span class='ocrx_word' id='word_1_582' title='bbox 1889 920 2075 965; x_wconf 88' lang='lat' dir='ltr'><strong>scriptum,</strong></span> <span class='ocrx_word' id='word_1_583' title='bbox 2105 920 2188 965; x_wconf 90' lang='lat' dir='ltr'><strong>quia</strong></span> <span class='ocrx_word' id='word_1_584' title='bbox 2209 920 2245 955; x_wconf 92' lang='lat' dir='ltr'><strong>in</strong></span> <span class='ocrx_word' id='word_1_585' title='bbox 2266 921 2385 966; x_wconf 91' lang='lat' dir='ltr'><strong>specie</strong></span> <span class='ocrx_word' id='word_1_586' title='bbox 2405 920 2460 956; x_wconf 88' lang='lat' dir='ltr'><strong>lo-</strong></span> 
     </span>
     <span class='ocr_line' id='line_1_75' title="bbox 1411 975 2509 1026; baseline -0.001 -9"><span class='ocrx_word' id='word_1_587' title='bbox 1411 987 1515 1018; x_wconf 89' lang='lat' dir='ltr'><strong>cutus</strong></span> <span class='ocrx_word' id='word_1_588' title='bbox 1537 986 1592 1017; x_wconf 87' lang='lat' dir='ltr'><strong>est</strong></span> <span class='ocrx_word' id='word_1_589' title='bbox 1612 981 1705 1016; x_wconf 88' lang='lat' dir='ltr'><strong>Deus</strong></span> <span class='ocrx_word' id='word_1_590' title='bbox 1722 981 1769 1023; x_wconf 87' lang='lat' dir='ltr'><strong>ei,</strong></span> <span class='ocrx_word' id='word_1_591' title='bbox 1789 986 1825 1016; x_wconf 92' lang='lat' dir='ltr'><strong>et</strong></span> <span class='ocrx_word' id='word_1_592' title='bbox 1844 991 1916 1016; x_wconf 92' lang='lat' dir='ltr'><strong>non</strong></span> <span class='ocrx_word' id='word_1_593' title='bbox 1936 981 1972 1016; x_wconf 91' lang='lat' dir='ltr'><strong>in</strong></span> <span class='ocrx_word' id='word_1_594' title='bbox 2000 982 2202 1026; x_wconf 65' lang='lat' dir='ltr'><strong>aenigmate.</strong></span> <span class='ocrx_word' id='word_1_595' title='bbox 2233 980 2303 1017; x_wconf 88' lang='lat' dir='ltr'><strong>Sed</strong></span> <span class='ocrx_word' id='word_1_596' title='bbox 2321 981 2382 1016; x_wconf 91' lang='lat' dir='ltr'><strong>ubi</strong></span> <span class='ocrx_word' id='word_1_597' title='bbox 2401 991 2460 1017; x_wconf 88' lang='lat' dir='ltr'><strong>ac·</strong></span> <span class='ocrx_word' id='word_1_598' title='bbox 2508 975 2509 978; x_wconf 52' lang='lat'>&#39;</span> 
     </span>
     <span class='ocr_line' id='line_1_76' title="bbox 1411 1041 2460 1088; baseline 0 -10"><span class='ocrx_word' id='word_1_599' title='bbox 1411 1043 1504 1088; x_wconf 86' lang='lat' dir='ltr'><strong>cepit</strong></span> <span class='ocrx_word' id='word_1_600' title='bbox 1534 1041 1807 1086; x_wconf 88' lang='lat' dir='ltr'><strong>AEthiopissam,</strong></span> <span class='ocrx_word' id='word_1_601' title='bbox 1828 1046 1911 1076; x_wconf 88' lang='lat' dir='ltr'><strong>tunc</strong></span> <span class='ocrx_word' id='word_1_602' title='bbox 1931 1041 2018 1077; x_wconf 90' lang='lat' dir='ltr'><strong>dicit</strong></span> <span class='ocrx_word' id='word_1_603' title='bbox 2035 1041 2079 1077; x_wconf 84' lang='lat' dir='ltr'><strong>de</strong></span> <span class='ocrx_word' id='word_1_604' title='bbox 2100 1051 2143 1077; x_wconf 89' lang='lat' dir='ltr'><strong>eo</strong></span> <span class='ocrx_word' id='word_1_605' title='bbox 2162 1042 2269 1083; x_wconf 90' lang='lat' dir='ltr'><strong>Deus,</strong></span> <span class='ocrx_word' id='word_1_606' title='bbox 2296 1041 2379 1086; x_wconf 91' lang='lat' dir='ltr'><strong>quia</strong></span> <span class='ocrx_word' id='word_1_607' title='bbox 2396 1050 2460 1078; x_wconf 84' lang='lat' dir='ltr'><strong>ore</strong></span> 
     </span>
     <span class='ocr_line' id='line_1_77' title="bbox 1411 1101 2456 1148; baseline -0.004 -8"><span class='ocrx_word' id='word_1_608' title='bbox 1411 1105 1455 1140; x_wconf 87' lang='lat' dir='ltr'><strong>ad</strong></span> <span class='ocrx_word' id='word_1_609' title='bbox 1475 1114 1515 1139; x_wconf 91' lang='lat' dir='ltr'><strong>os</strong></span> <span class='ocrx_word' id='word_1_610' title='bbox 1532 1103 1659 1148; x_wconf 89' lang='lat' dir='ltr'><strong>loquar</strong></span> <span class='ocrx_word' id='word_1_611' title='bbox 1675 1102 1720 1137; x_wconf 92' lang='lat' dir='ltr'><strong>ad</strong></span> <span class='ocrx_word' id='word_1_612' title='bbox 1739 1110 1833 1144; x_wconf 91' lang='lat' dir='ltr'><strong>enm,</strong></span> <span class='ocrx_word' id='word_1_613' title='bbox 1853 1101 1888 1136; x_wconf 93' lang='lat' dir='ltr'><strong>in</strong></span> <span class='ocrx_word' id='word_1_614' title='bbox 1907 1102 2039 1146; x_wconf 89' lang='lat' dir='ltr'><strong>specie,</strong></span> <span class='ocrx_word' id='word_1_615' title='bbox 2059 1106 2094 1135; x_wconf 91' lang='lat' dir='ltr'><strong>et</strong></span> <span class='ocrx_word' id='word_1_616' title='bbox 2111 1111 2181 1136; x_wconf 90' lang='lat' dir='ltr'><strong>non</strong></span> <span class='ocrx_word' id='word_1_617' title='bbox 2198 1101 2235 1136; x_wconf 93' lang='lat' dir='ltr'><strong>in</strong></span> <span class='ocrx_word' id='word_1_618' title='bbox 2253 1101 2456 1146; x_wconf 75' lang='lat' dir='ltr'><strong>aenigmate.</strong></span> 
     </span>
    </p>
   </div>
   <div class='ocr_carea' id='block_1_8' title="bbox 1406 1280 2460 1332">
    <p class='ocr_par' dir='ltr' id='par_1_9' title="bbox 1406 1280 2460 1332">
     <span class='ocr_line' id='line_1_78' title="bbox 1406 1280 2460 1332; baseline -0.006 -12"><span class='ocrx_word' id='word_1_619' title='bbox 1406 1285 1504 1332; x_wconf 86' lang='lat' dir='ltr'><strong>guris</strong></span> <span class='ocrx_word' id='word_1_620' title='bbox 1525 1290 1559 1320; x_wconf 92' lang='lat' dir='ltr'><strong>et</strong></span> <span class='ocrx_word' id='word_1_621' title='bbox 1576 1284 1612 1319; x_wconf 94' lang='lat' dir='ltr'><strong>in</strong></span> <span class='ocrx_word' id='word_1_622' title='bbox 1633 1283 1849 1329; x_wconf 87' lang='lat' dir='ltr'><strong>imaginibus</strong></span> <span class='ocrx_word' id='word_1_623' title='bbox 1865 1281 1959 1317; x_wconf 89' lang='lat' dir='ltr'><strong>sicut</strong></span> <span class='ocrx_word' id='word_1_624' title='bbox 1977 1281 2090 1327; x_wconf 88' lang='lat' dir='ltr'><strong>prius,</strong></span> <span class='ocrx_word' id='word_1_625' title='bbox 2110 1280 2173 1316; x_wconf 89' lang='lat' dir='ltr'><strong>sed</strong></span> <span class='ocrx_word' id='word_1_626' title='bbox 2187 1280 2223 1315; x_wconf 89' lang='lat' dir='ltr'><strong>in</strong></span> <span class='ocrx_word' id='word_1_627' title='bbox 2247 1280 2324 1325; x_wconf 91' lang='lat' dir='ltr'><strong>ipsa</strong></span> <span class='ocrx_word' id='word_1_628' title='bbox 2339 1280 2460 1325; x_wconf 89' lang='lat' dir='ltr'><strong>specie</strong></span> 
     </span>
    </p>
   </div>
   <div class='ocr_carea' id='block_1_9' title="bbox 1404 1332 2540 1390">
    <p class='ocr_par' dir='ltr' id='par_1_10' title="bbox 1404 1332 2540 1390">
     <span class='ocr_line' id='line_1_79' title="bbox 1404 1332 2540 1390; baseline -0.006 -9"><span class='ocrx_word' id='word_1_629' title='bbox 1404 1345 1568 1381; x_wconf 89' lang='lat' dir='ltr'><strong>veritatis</strong></span> <span class='ocrx_word' id='word_1_630' title='bbox 1588 1344 1807 1390; x_wconf 84' lang='lat' dir='ltr'><strong>agnoscitur.</strong></span> <span class='ocrx_word' id='word_1_631' title='bbox 1842 1343 1887 1377; x_wconf 90' lang='lat' dir='ltr'><strong>Et</strong></span> <span class='ocrx_word' id='word_1_632' title='bbox 1914 1353 1993 1388; x_wconf 86' lang='lat' dir='ltr'><strong>quae</strong></span> <span class='ocrx_word' id='word_1_633' title='bbox 2014 1342 2114 1387; x_wconf 90' lang='lat' dir='ltr'><strong>prius</strong></span> <span class='ocrx_word' id='word_1_634' title='bbox 2136 1342 2173 1376; x_wconf 94' lang='lat' dir='ltr'><strong>in</strong></span> <span class='ocrx_word' id='word_1_635' title='bbox 2194 1341 2382 1385; x_wconf 82' lang='lat' dir='ltr'><strong>aenigmate</strong></span> <span class='ocrx_word' id='word_1_636' title='bbox 2399 1341 2460 1376; x_wconf 92' lang='lat' dir='ltr'><strong>de·</strong></span> <span class='ocrx_word' id='word_1_637' title='bbox 2524 1332 2540 1371; x_wconf 70' lang='grc' dir='ltr'>ἶ</span> 
     </span>
    </p>
   </div>
   <div class='ocr_carea' id='block_1_10' title="bbox 1403 1401 2458 1567">
    <p class='ocr_par' dir='ltr' id='par_1_11' title="bbox 1403 1401 2458 1567">
     <span class='ocr_line' id='line_1_80' title="bbox 1405 1401 2458 1451; baseline -0.007 -9"><span class='ocrx_word' id='word_1_638' title='bbox 1405 1407 1655 1451; x_wconf 87' lang='lat' dir='ltr'><strong>signabantur,</strong></span> <span class='ocrx_word' id='word_1_639' title='bbox 1677 1415 1773 1439; x_wconf 90' lang='lat' dir='ltr'><strong>nunc</strong></span> <span class='ocrx_word' id='word_1_640' title='bbox 1794 1404 1830 1438; x_wconf 92' lang='lat' dir='ltr'><strong>in</strong></span> <span class='ocrx_word' id='word_1_641' title='bbox 1850 1404 1968 1449; x_wconf 88' lang='lat' dir='ltr'><strong>specie</strong></span> <span class='ocrx_word' id='word_1_642' title='bbox 1996 1407 2033 1438; x_wconf 89' lang='lat' dir='ltr'><strong>et</strong></span> <span class='ocrx_word' id='word_1_643' title='bbox 2049 1402 2202 1437; x_wconf 85' lang='lat' dir='ltr'><strong>veritate</strong></span> <span class='ocrx_word' id='word_1_644' title='bbox 2220 1401 2458 1446; x_wconf 87' lang='lat' dir='ltr'><strong>complentur.</strong></span> 
     </span>
     <span class='ocr_line' id='line_1_81' title="bbox 1403 1462 2455 1508; baseline -0.004 -8"><span class='ocrx_word' id='word_1_645' title='bbox 1403 1465 1447 1500; x_wconf 91' lang='lat' dir='ltr'><strong>Et</strong></span> <span class='ocrx_word' id='word_1_646' title='bbox 1482 1465 1562 1500; x_wconf 89' lang='lat' dir='ltr'><strong>ideo</strong></span> <span class='ocrx_word' id='word_1_647' title='bbox 1587 1465 1661 1506; x_wconf 92' lang='lat' dir='ltr'><strong>ille,</strong></span> <span class='ocrx_word' id='word_1_648' title='bbox 1681 1463 1743 1508; x_wconf 91' lang='lat' dir='ltr'><strong>qui</strong></span> <span class='ocrx_word' id='word_1_649' title='bbox 1772 1463 1909 1507; x_wconf 89' lang='lat' dir='ltr'><strong>species</strong></span> <span class='ocrx_word' id='word_1_650' title='bbox 1937 1462 2131 1507; x_wconf 75' lang='lat' dir='ltr'><strong>figurarum</strong></span> <span class='ocrx_word' id='word_1_651' title='bbox 2162 1466 2198 1496; x_wconf 92' lang='lat' dir='ltr'><strong>et</strong></span> <span class='ocrx_word' id='word_1_652' title='bbox 2223 1462 2455 1506; x_wconf 82' lang='lat' dir='ltr'><strong>aenigmatum</strong></span> 
     </span>
     <span class='ocr_line' id='line_1_82' title="bbox 1404 1520 2456 1567; baseline -0.006 -7"><span class='ocrx_word' id='word_1_653' title='bbox 1404 1525 1626 1567; x_wconf 84' lang='lat' dir='ltr'><strong>disserebat,</strong></span> <span class='ocrx_word' id='word_1_654' title='bbox 1663 1523 1776 1558; x_wconf 74' lang='lat' dir='ltr'><strong>dicit:</strong></span> <span class='ocrx_word' id='word_1_655' title='bbox 1801 1522 1938 1557; x_wconf 81' lang='lat' dir='ltr'><strong>Scimus</strong></span> <span class='ocrx_word' id='word_1_656' title='bbox 1971 1526 2114 1563; x_wconf 86' lang='lat' dir='ltr'><strong>autem,</strong></span> <span class='ocrx_word' id='word_1_657' title='bbox 2144 1520 2309 1566; x_wconf 80' lang='lat' dir='ltr'><strong>quoniam</strong></span> <span class='ocrx_word' id='word_1_658' title='bbox 2340 1527 2456 1565; x_wconf 87' lang='lat' dir='ltr'><strong>patres</strong></span> 
     </span>
    </p>
   </div>
   <div class='ocr_carea' id='block_1_11' title="bbox 1402 1579 2461 1628">
    <p class='ocr_par' dir='ltr' id='par_1_12' title="bbox 1402 1579 2540 1628">
     <span class='ocr_line' id='line_1_83' title="bbox 1402 1579 2461 1628; baseline -0.006 -6"><span class='ocrx_word' id='word_1_659' title='bbox 1402 1587 1511 1622; x_wconf 83' lang='lat' dir='ltr'><strong>nostri</strong></span> <span class='ocrx_word' id='word_1_660' title='bbox 1542 1596 1657 1621; x_wconf 83' lang='lat' dir='ltr'><strong>omnes</strong></span> <span class='ocrx_word' id='word_1_661' title='bbox 1682 1584 1744 1620; x_wconf 78' lang='lat' dir='ltr'><strong>sub</strong></span> <span class='ocrx_word' id='word_1_662' title='bbox 1770 1584 1857 1619; x_wconf 85' lang='lat' dir='ltr'><strong>nube</strong></span> <span class='ocrx_word' id='word_1_663' title='bbox 1888 1583 2043 1628; x_wconf 70' lang='lat' dir='ltr'><strong>suerunt,</strong></span> <span class='ocrx_word' id='word_1_664' title='bbox 2078 1586 2110 1616; x_wconf 88' lang='lat' dir='ltr'><strong>et</strong></span> <span class='ocrx_word' id='word_1_665' title='bbox 2140 1591 2257 1616; x_wconf 83' lang='lat' dir='ltr'><strong>omnes</strong></span> <span class='ocrx_word' id='word_1_666' title='bbox 2274 1581 2311 1615; x_wconf 89' lang='lat' dir='ltr'><strong>in</strong></span> <span class='ocrx_word' id='word_1_667' title='bbox 2340 1579 2461 1626; x_wconf 77' lang='lat' dir='ltr'><strong>Moyse</strong></span> 
     </span>
    </p>
   </div>
   <div class='ocr_carea' id='block_1_12' title="bbox 1392 1643 2460 3265">
    <p class='ocr_par' dir='ltr' id='par_1_13' title="bbox 1392 1643 2460 3265">
     <span class='ocr_line' id='line_1_84' title="bbox 1402 1643 2459 1693; baseline -0.005 -10"><span class='ocrx_word' id='word_1_668' title='bbox 1402 1648 1566 1693; x_wconf 79' lang='lat' dir='ltr'><strong>baptizati</strong></span> <span class='ocrx_word' id='word_1_669' title='bbox 1584 1652 1676 1689; x_wconf 86' lang='lat' dir='ltr'><strong>sunt,</strong></span> <span class='ocrx_word' id='word_1_670' title='bbox 1705 1646 1742 1680; x_wconf 81' lang='lat' dir='ltr'><strong>in</strong></span> <span class='ocrx_word' id='word_1_671' title='bbox 1764 1645 1852 1680; x_wconf 85' lang='lat' dir='ltr'><strong>nube</strong></span> <span class='ocrx_word' id='word_1_672' title='bbox 1872 1650 1902 1679; x_wconf 88' lang='lat' dir='ltr'><strong>et</strong></span> <span class='ocrx_word' id='word_1_673' title='bbox 1925 1644 1961 1679; x_wconf 84' lang='lat' dir='ltr'><strong>in</strong></span> <span class='ocrx_word' id='word_1_674' title='bbox 1975 1643 2090 1686; x_wconf 82' lang='lat' dir='ltr'><strong>mari;</strong></span> <span class='ocrx_word' id='word_1_675' title='bbox 2109 1648 2139 1677; x_wconf 85' lang='lat' dir='ltr'><strong>et</strong></span> <span class='ocrx_word' id='word_1_676' title='bbox 2159 1653 2275 1678; x_wconf 88' lang='lat' dir='ltr'><strong>omnes</strong></span> <span class='ocrx_word' id='word_1_677' title='bbox 2303 1643 2459 1678; x_wconf 80' lang='lat' dir='ltr'><strong>eamdem</strong></span> 
     </span>
     <span class='ocr_line' id='line_1_85' title="bbox 1400 1702 2459 1754; baseline -0.007 -10"><span class='ocrx_word' id='word_1_678' title='bbox 1400 1719 1513 1744; x_wconf 86' lang='lat' dir='ltr'><strong>escam</strong></span> <span class='ocrx_word' id='word_1_679' title='bbox 1529 1714 1560 1743; x_wconf 86' lang='lat' dir='ltr'><strong>et</strong></span> <span class='ocrx_word' id='word_1_680' title='bbox 1573 1714 1692 1754; x_wconf 84' lang='lat' dir='ltr'><strong>potum</strong></span> <span class='ocrx_word' id='word_1_681' title='bbox 1707 1705 1899 1753; x_wconf 76' lang='lat' dir='ltr'><strong>spiritalem</strong></span> <span class='ocrx_word' id='word_1_682' title='bbox 1915 1704 2086 1739; x_wconf 85' lang='lat' dir='ltr'><strong>biberunt.</strong></span> <span class='ocrx_word' id='word_1_683' title='bbox 2105 1703 2272 1738; x_wconf 85' lang='lat' dir='ltr'><strong>Bibebant</strong></span> <span class='ocrx_word' id='word_1_684' title='bbox 2287 1708 2402 1738; x_wconf 83' lang='lat' dir='ltr'><strong>autem</strong></span> <span class='ocrx_word' id='word_1_685' title='bbox 2417 1702 2459 1738; x_wconf 82' lang='lat' dir='ltr'><strong>de</strong></span> 
     </span>
     <span class='ocr_line' id='line_1_86' title="bbox 1398 1763 2458 1818; baseline -0.008 -11"><span class='ocrx_word' id='word_1_686' title='bbox 1398 1770 1550 1818; x_wconf 81' lang='lat' dir='ltr'><strong>spiritali</strong></span> <span class='ocrx_word' id='word_1_687' title='bbox 1566 1776 1724 1816; x_wconf 84' lang='lat' dir='ltr'><strong>sequente</strong></span> <span class='ocrx_word' id='word_1_688' title='bbox 1733 1775 1843 1815; x_wconf 83' lang='lat' dir='ltr'><strong>petra.</strong></span> <span class='ocrx_word' id='word_1_689' title='bbox 1857 1766 1964 1802; x_wconf 85' lang='lat' dir='ltr'><strong>Petra</strong></span> <span class='ocrx_word' id='word_1_690' title='bbox 1982 1776 2061 1801; x_wconf 82' lang='lat' dir='ltr'><strong>vero</strong></span> <span class='ocrx_word' id='word_1_691' title='bbox 2073 1771 2147 1801; x_wconf 86' lang='lat' dir='ltr'><strong>erat</strong></span> <span class='ocrx_word' id='word_1_692' title='bbox 2163 1765 2322 1801; x_wconf 78' lang='lat' dir='ltr'><strong>Christus</strong></span> <span class='ocrx_word' id='word_1_693' title='bbox 2332 1763 2367 1810; x_wconf 94' lang='grc' dir='ltr'><strong>(Ι</strong></span> <span class='ocrx_word' id='word_1_694' title='bbox 2376 1763 2458 1799; x_wconf 91' lang='lat' dir='ltr'><strong>Cor.</strong></span> 
     </span>
     <span class='ocr_line' id='line_1_87' title="bbox 1398 1825 2460 1877; baseline -0.008 -10"><span class='ocrx_word' id='word_1_695' title='bbox 1398 1831 1450 1877; x_wconf 82' lang='lat' dir='ltr'><strong>x).</strong></span> <span class='ocrx_word' id='word_1_696' title='bbox 1467 1830 1576 1867; x_wconf 84' lang='lat' dir='ltr'><strong>Vides</strong></span> <span class='ocrx_word' id='word_1_697' title='bbox 1590 1829 1769 1876; x_wconf 89' lang='lat' dir='ltr'><strong>quomodo</strong></span> <span class='ocrx_word' id='word_1_698' title='bbox 1783 1828 1974 1873; x_wconf 82' lang='lat' dir='ltr'><strong>aenigmata</strong></span> <span class='ocrx_word' id='word_1_699' title='bbox 1991 1826 2080 1873; x_wconf 90' lang='lat' dir='ltr'><strong>legis</strong></span> <span class='ocrx_word' id='word_1_700' title='bbox 2093 1825 2224 1861; x_wconf 86' lang='lat' dir='ltr'><strong>Paulus</strong></span> <span class='ocrx_word' id='word_1_701' title='bbox 2240 1825 2407 1868; x_wconf 89' lang='lat' dir='ltr'><strong>absolvit,</strong></span> <span class='ocrx_word' id='word_1_702' title='bbox 2422 1829 2460 1860; x_wconf 92' lang='lat' dir='ltr'><strong>et</strong></span> 
     </span>
     <span class='ocr_line' id='line_1_88' title="bbox 1399 1885 2456 1938; baseline -0.009 -10"><span class='ocrx_word' id='word_1_703' title='bbox 1399 1892 1536 1938; x_wconf 89' lang='lat' dir='ltr'><strong>species</strong></span> <span class='ocrx_word' id='word_1_704' title='bbox 1571 1891 1802 1936; x_wconf 82' lang='lat' dir='ltr'><strong>aenigmatum</strong></span> <span class='ocrx_word' id='word_1_705' title='bbox 1833 1889 1937 1924; x_wconf 89' lang='lat' dir='ltr'><strong>docet</strong></span> <span class='ocrx_word' id='word_1_706' title='bbox 1962 1891 1999 1922; x_wconf 90' lang='lat' dir='ltr'><strong>et</strong></span> <span class='ocrx_word' id='word_1_707' title='bbox 2029 1886 2136 1928; x_wconf 89' lang='lat' dir='ltr'><strong>dicit,</strong></span> <span class='ocrx_word' id='word_1_708' title='bbox 2171 1886 2254 1931; x_wconf 88' lang='lat' dir='ltr'><strong>quia</strong></span> <span class='ocrx_word' id='word_1_709' title='bbox 2286 1890 2388 1931; x_wconf 88' lang='lat' dir='ltr'><strong>petra</strong></span> <span class='ocrx_word' id='word_1_710' title='bbox 2418 1885 2456 1920; x_wconf 92' lang='lat' dir='ltr'><strong>in</strong></span> 
     </span>
     <span class='ocr_line' id='line_1_89' title="bbox 1399 1946 2458 1999; baseline -0.009 -8"><span class='ocrx_word' id='word_1_711' title='bbox 1399 1954 1589 1999; x_wconf 81' lang='lat' dir='ltr'><strong>aenigmate</strong></span> <span class='ocrx_word' id='word_1_712' title='bbox 1617 1957 1696 1988; x_wconf 90' lang='lat' dir='ltr'><strong>erat</strong></span> <span class='ocrx_word' id='word_1_713' title='bbox 1723 1950 1817 1996; x_wconf 88' lang='lat' dir='ltr'><strong>apud</strong></span> <span class='ocrx_word' id='word_1_714' title='bbox 1844 1949 2012 1996; x_wconf 89' lang='lat' dir='ltr'><strong>Moysen,</strong></span> <span class='ocrx_word' id='word_1_715' title='bbox 2042 1953 2234 1993; x_wconf 86' lang='lat' dir='ltr'><strong>antequam</strong></span> <span class='ocrx_word' id='word_1_716' title='bbox 2247 1946 2458 1992; x_wconf 82' lang='lat' dir='ltr'><strong>jungeretur</strong></span> 
     </span>
     <span class='ocr_line' id='line_1_90' title="bbox 1399 2006 2458 2057; baseline -0.01 -6"><span class='ocrx_word' id='word_1_717' title='bbox 1399 2016 1483 2051; x_wconf 83' lang='lat' dir='ltr'><strong>huic</strong></span> <span class='ocrx_word' id='word_1_718' title='bbox 1502 2020 1635 2050; x_wconf 88' lang='lat' dir='ltr'><strong>nostrae</strong></span> <span class='ocrx_word' id='word_1_719' title='bbox 1652 2011 1886 2057; x_wconf 82' lang='lat' dir='ltr'><strong>AEtbiopissae</strong></span> <span class='ocrx_word' id='word_1_720' title='bbox 1904 2020 1912 2045; x_wconf 91' lang='lat'><strong>:</strong></span> <span class='ocrx_word' id='word_1_721' title='bbox 1935 2019 2030 2045; x_wconf 91' lang='lat' dir='ltr'><strong>nunc</strong></span> <span class='ocrx_word' id='word_1_722' title='bbox 2049 2009 2086 2044; x_wconf 92' lang='lat' dir='ltr'><strong>in</strong></span> <span class='ocrx_word' id='word_1_723' title='bbox 2104 2008 2222 2052; x_wconf 89' lang='lat' dir='ltr'><strong>specie</strong></span> <span class='ocrx_word' id='word_1_724' title='bbox 2239 2012 2341 2053; x_wconf 91' lang='lat' dir='ltr'><strong>petra</strong></span> <span class='ocrx_word' id='word_1_725' title='bbox 2357 2006 2458 2042; x_wconf 90' lang='lat' dir='ltr'><strong>Chri-</strong></span> 
     </span>
     <span class='ocr_line' id='line_1_91' title="bbox 1400 2069 2455 2116; baseline -0.009 -3"><span class='ocrx_word' id='word_1_726' title='bbox 1400 2082 1477 2113; x_wconf 89' lang='lat' dir='ltr'><strong>stus</strong></span> <span class='ocrx_word' id='word_1_727' title='bbox 1502 2081 1570 2112; x_wconf 88' lang='lat' dir='ltr'><strong>est.</strong></span> <span class='ocrx_word' id='word_1_728' title='bbox 1601 2074 1704 2110; x_wconf 91' lang='lat' dir='ltr'><strong>Nunc</strong></span> <span class='ocrx_word' id='word_1_729' title='bbox 1732 2074 1829 2109; x_wconf 89' lang='lat' dir='ltr'><strong>enim</strong></span> <span class='ocrx_word' id='word_1_730' title='bbox 1855 2082 1895 2109; x_wconf 91' lang='lat' dir='ltr'><strong>os</strong></span> <span class='ocrx_word' id='word_1_731' title='bbox 1921 2073 1965 2107; x_wconf 88' lang='lat' dir='ltr'><strong>ad</strong></span> <span class='ocrx_word' id='word_1_732' title='bbox 1996 2082 2036 2107; x_wconf 90' lang='lat' dir='ltr'><strong>os</strong></span> <span class='ocrx_word' id='word_1_733' title='bbox 2066 2071 2224 2116; x_wconf 89' lang='lat' dir='ltr'><strong>loquitur</strong></span> <span class='ocrx_word' id='word_1_734' title='bbox 2244 2079 2310 2116; x_wconf 91' lang='lat' dir='ltr'><strong>per</strong></span> <span class='ocrx_word' id='word_1_735' title='bbox 2325 2069 2455 2115; x_wconf 86' lang='lat' dir='ltr'><strong>legem,</strong></span> 
     </span>
     <span class='ocr_line' id='line_1_92' title="bbox 1400 2129 2458 2180; baseline -0.008 -8"><span class='ocrx_word' id='word_1_736' title='bbox 1400 2137 1496 2172; x_wconf 89' lang='lat' dir='ltr'><strong>Deus</strong></span> <span class='ocrx_word' id='word_1_737' title='bbox 1516 2141 1621 2172; x_wconf 84' lang='lat' dir='ltr'><strong>antea</strong></span> <span class='ocrx_word' id='word_1_738' title='bbox 1647 2138 1683 2170; x_wconf 91' lang='lat' dir='ltr'><strong>in</strong></span> <span class='ocrx_word' id='word_1_739' title='bbox 1709 2134 1901 2180; x_wconf 71' lang='lat' dir='ltr'><strong>{enigmate</strong></span> <span class='ocrx_word' id='word_1_740' title='bbox 1922 2132 1990 2168; x_wconf 85' lang='lat' dir='ltr'><strong>fuit</strong></span> <span class='ocrx_word' id='word_1_741' title='bbox 2006 2131 2224 2177; x_wconf 87' lang='lat' dir='ltr'><strong>baptismum</strong></span> <span class='ocrx_word' id='word_1_742' title='bbox 2248 2130 2285 2165; x_wconf 93' lang='lat' dir='ltr'><strong>in</strong></span> <span class='ocrx_word' id='word_1_743' title='bbox 2303 2129 2398 2164; x_wconf 92' lang='lat' dir='ltr'><strong>nube</strong></span> <span class='ocrx_word' id='word_1_744' title='bbox 2421 2133 2458 2165; x_wconf 87' lang='lat' dir='ltr'><strong>et</strong></span> 
     </span>
     <span class='ocr_line' id='line_1_93' title="bbox 1400 2189 2457 2238; baseline -0.007 -7"><span class='ocrx_word' id='word_1_745' title='bbox 1400 2197 1436 2232; x_wconf 92' lang='lat' dir='ltr'><strong>in</strong></span> <span class='ocrx_word' id='word_1_746' title='bbox 1461 2196 1574 2238; x_wconf 88' lang='lat' dir='ltr'><strong>mari;</strong></span> <span class='ocrx_word' id='word_1_747' title='bbox 1607 2205 1703 2231; x_wconf 89' lang='lat' dir='ltr'><strong>nunc</strong></span> <span class='ocrx_word' id='word_1_748' title='bbox 1734 2201 1855 2230; x_wconf 89' lang='lat' dir='ltr'><strong>autem</strong></span> <span class='ocrx_word' id='word_1_749' title='bbox 1878 2194 1914 2229; x_wconf 91' lang='lat' dir='ltr'><strong>in</strong></span> <span class='ocrx_word' id='word_1_750' title='bbox 1939 2192 2059 2238; x_wconf 90' lang='lat' dir='ltr'><strong>specie</strong></span> <span class='ocrx_word' id='word_1_751' title='bbox 2083 2190 2310 2237; x_wconf 84' lang='lat' dir='ltr'><strong>regeneratio</strong></span> <span class='ocrx_word' id='word_1_752' title='bbox 2339 2194 2394 2225; x_wconf 90' lang='lat' dir='ltr'><strong>est</strong></span> <span class='ocrx_word' id='word_1_753' title='bbox 2420 2189 2457 2225; x_wconf 92' lang='lat' dir='ltr'><strong>in</strong></span> 
     </span>
     <span class='ocr_line' id='line_1_94' title="bbox 1401 2250 2456 2302; baseline -0.007 -10"><span class='ocrx_word' id='word_1_754' title='bbox 1401 2266 1494 2302; x_wconf 87' lang='lat' dir='ltr'><strong>aqua</strong></span> <span class='ocrx_word' id='word_1_755' title='bbox 1527 2260 1563 2291; x_wconf 93' lang='lat' dir='ltr'><strong>et</strong></span> <span class='ocrx_word' id='word_1_756' title='bbox 1599 2255 1734 2301; x_wconf 86' lang='lat' dir='ltr'><strong>Spiritu</strong></span> <span class='ocrx_word' id='word_1_757' title='bbox 1773 2260 1911 2291; x_wconf 88' lang='lat' dir='ltr'><strong>sancto.</strong></span> <span class='ocrx_word' id='word_1_758' title='bbox 1953 2253 2053 2288; x_wconf 91' lang='lat' dir='ltr'><strong>Tunc</strong></span> <span class='ocrx_word' id='word_1_759' title='bbox 2087 2257 2167 2288; x_wconf 90' lang='lat' dir='ltr'><strong>erat</strong></span> <span class='ocrx_word' id='word_1_760' title='bbox 2199 2251 2234 2286; x_wconf 91' lang='lat' dir='ltr'><strong>in</strong></span> <span class='ocrx_word' id='word_1_761' title='bbox 2267 2250 2456 2297; x_wconf 81' lang='lat' dir='ltr'><strong>aenigmate</strong></span> 
     </span>
     <span class='ocr_line' id='line_1_95' title="bbox 1399 2310 2455 2359; baseline -0.008 -6"><span class='ocrx_word' id='word_1_762' title='bbox 1399 2327 1531 2353; x_wconf 86' lang='lat' dir='ltr'><strong>manna</strong></span> <span class='ocrx_word' id='word_1_763' title='bbox 1556 2317 1677 2359; x_wconf 89' lang='lat' dir='ltr'><strong>cibus·;</strong></span> <span class='ocrx_word' id='word_1_764' title='bbox 1705 2325 1801 2351; x_wconf 89' lang='lat' dir='ltr'><strong>nunc</strong></span> <span class='ocrx_word' id='word_1_765' title='bbox 1819 2321 1939 2351; x_wconf 89' lang='lat' dir='ltr'><strong>autem</strong></span> <span class='ocrx_word' id='word_1_766' title='bbox 1961 2314 1998 2349; x_wconf 91' lang='lat' dir='ltr'><strong>in</strong></span> <span class='ocrx_word' id='word_1_767' title='bbox 2022 2313 2140 2359; x_wconf 90' lang='lat' dir='ltr'><strong>specie</strong></span> <span class='ocrx_word' id='word_1_768' title='bbox 2161 2321 2246 2348; x_wconf 88' lang='lat' dir='ltr'><strong>caro</strong></span> <span class='ocrx_word' id='word_1_769' title='bbox 2264 2310 2371 2347; x_wconf 88' lang='lat' dir='ltr'><strong>Verbi</strong></span> <span class='ocrx_word' id='word_1_770' title='bbox 2388 2310 2455 2346; x_wconf 90' lang='lat' dir='ltr'><strong>Dei</strong></span> 
     </span>
     <span class='ocr_line' id='line_1_96' title="bbox 1398 2373 2456 2419; baseline -0.007 -7"><span class='ocrx_word' id='word_1_771' title='bbox 1398 2387 1507 2413; x_wconf 88' lang='lat' dir='ltr'><strong>verus</strong></span> <span class='ocrx_word' id='word_1_772' title='bbox 1528 2381 1583 2412; x_wconf 89' lang='lat' dir='ltr'><strong>est</strong></span> <span class='ocrx_word' id='word_1_773' title='bbox 1600 2376 1701 2411; x_wconf 91' lang='lat' dir='ltr'><strong>cibus</strong></span> <span class='ocrx_word' id='word_1_774' title='bbox 1721 2375 1815 2411; x_wconf 91' lang='lat' dir='ltr'><strong>sicut</strong></span> <span class='ocrx_word' id='word_1_775' title='bbox 1838 2375 1914 2419; x_wconf 89' lang='lat' dir='ltr'><strong>ipse</strong></span> <span class='ocrx_word' id='word_1_776' title='bbox 1931 2373 2020 2409; x_wconf 86' lang='lat' dir='ltr'><strong>dicit</strong></span> <span class='ocrx_word' id='word_1_777' title='bbox 2040 2386 2047 2408; x_wconf 91' lang='lat'>:</span> <span class='ocrx_word' id='word_1_778' title='bbox 2070 2373 2163 2415; x_wconf 84' lang='lat' dir='ltr'><strong>Quia</strong></span> <span class='ocrx_word' id='word_1_779' title='bbox 2186 2382 2267 2407; x_wconf 85' lang='lat' dir='ltr'><strong>caro</strong></span> <span class='ocrx_word' id='word_1_780' title='bbox 2284 2382 2361 2406; x_wconf 88' lang='lat' dir='ltr'><strong>mea</strong></span> <span class='ocrx_word' id='word_1_781' title='bbox 2380 2380 2456 2405; x_wconf 81' lang='lat' dir='ltr'><strong>vere</strong></span> 
     </span>
     <span class='ocr_line' id='line_1_97' title="bbox 1397 2430 2456 2482; baseline -0.008 -9"><span class='ocrx_word' id='word_1_782' title='bbox 1397 2443 1445 2473; x_wconf 85' lang='lat' dir='ltr'><strong>est</strong></span> <span class='ocrx_word' id='word_1_783' title='bbox 1463 2437 1571 2480; x_wconf 83' lang='lat' dir='ltr'><strong>cibus,</strong></span> <span class='ocrx_word' id='word_1_784' title='bbox 1586 2442 1618 2471; x_wconf 89' lang='lat' dir='ltr'><strong>et</strong></span> <span class='ocrx_word' id='word_1_785' title='bbox 1635 2436 1778 2482; x_wconf 72' lang='lat' dir='ltr'><strong>sanquis</strong></span> <span class='ocrx_word' id='word_1_786' title='bbox 1791 2445 1887 2469; x_wconf 84' lang='lat' dir='ltr'><strong>meus</strong></span> <span class='ocrx_word' id='word_1_787' title='bbox 1904 2444 1978 2469; x_wconf 85' lang='lat' dir='ltr'><strong>vere</strong></span> <span class='ocrx_word' id='word_1_788' title='bbox 1997 2439 2047 2468; x_wconf 80' lang='lat' dir='ltr'><strong>est</strong></span> <span class='ocrx_word' id='word_1_789' title='bbox 2059 2439 2160 2478; x_wconf 83' lang='lat' dir='ltr'><strong>potus</strong></span> <span class='ocrx_word' id='word_1_790' title='bbox 2175 2432 2297 2478; x_wconf 88' lang='lat' dir='ltr'><strong>(Joan.</strong></span> <span class='ocrx_word' id='word_1_791' title='bbox 2312 2430 2376 2478; x_wconf 80' lang='lat' dir='ltr'><strong>ix).</strong></span> <span class='ocrx_word' id='word_1_792' title='bbox 2396 2430 2456 2466; x_wconf 87' lang='lat' dir='ltr'><strong>Sic</strong></span> 
     </span>
     <span class='ocr_line' id='line_1_98' title="bbox 1397 2491 2452 2544; baseline -0.008 -10"><span class='ocrx_word' id='word_1_793' title='bbox 1397 2507 1484 2544; x_wconf 86' lang='lat' dir='ltr'><strong>ergo</strong></span> <span class='ocrx_word' id='word_1_794' title='bbox 1503 2496 1578 2542; x_wconf 89' lang='lat' dir='ltr'><strong>jam</strong></span> <span class='ocrx_word' id='word_1_795' title='bbox 1605 2506 1700 2532; x_wconf 89' lang='lat' dir='ltr'><strong>nunc</strong></span> <span class='ocrx_word' id='word_1_796' title='bbox 1728 2495 1867 2541; x_wconf 87' lang='lat' dir='ltr'><strong>Moyses</strong></span> <span class='ocrx_word' id='word_1_797' title='bbox 1899 2493 1993 2539; x_wconf 90' lang='lat' dir='ltr'><strong>apud</strong></span> <span class='ocrx_word' id='word_1_798' title='bbox 2020 2503 2086 2529; x_wconf 90' lang='lat' dir='ltr'><strong>nos</strong></span> <span class='ocrx_word' id='word_1_799' title='bbox 2114 2493 2273 2538; x_wconf 88' lang='lat' dir='ltr'><strong>positus,</strong></span> <span class='ocrx_word' id='word_1_800' title='bbox 2302 2496 2340 2527; x_wconf 91' lang='lat' dir='ltr'><strong>et</strong></span> <span class='ocrx_word' id='word_1_801' title='bbox 2368 2491 2452 2527; x_wconf 90' lang='lat' dir='ltr'><strong>huic</strong></span> 
     </span>
     <span class='ocr_line' id='line_1_99' title="bbox 1397 2551 2453 2604; baseline -0.009 -9"><span class='ocrx_word' id='word_1_802' title='bbox 1397 2558 1630 2604; x_wconf 85' lang='lat' dir='ltr'><strong>AEthiopissae</strong></span> <span class='ocrx_word' id='word_1_803' title='bbox 1661 2556 1898 2602; x_wconf 87' lang='lat' dir='ltr'><strong>conjunctus,</strong></span> <span class='ocrx_word' id='word_1_804' title='bbox 1931 2554 1988 2590; x_wconf 90' lang='lat' dir='ltr'><strong>vel</strong></span> <span class='ocrx_word' id='word_1_805' title='bbox 2019 2555 2096 2599; x_wconf 87' lang='lat' dir='ltr'><strong>ipse</strong></span> <span class='ocrx_word' id='word_1_806' title='bbox 2126 2554 2171 2588; x_wconf 88' lang='lat' dir='ltr'><strong>ad</strong></span> <span class='ocrx_word' id='word_1_807' title='bbox 2203 2563 2293 2595; x_wconf 92' lang='lat' dir='ltr'><strong>nos,</strong></span> <span class='ocrx_word' id='word_1_808' title='bbox 2319 2552 2376 2588; x_wconf 87' lang='lat' dir='ltr'><strong>vel</strong></span> <span class='ocrx_word' id='word_1_809' title='bbox 2409 2551 2453 2587; x_wconf 88' lang='lat' dir='ltr'><strong>ad</strong></span> 
     </span>
     <span class='ocr_line' id='line_1_100' title="bbox 1397 2612 2453 2666; baseline -0.007 -11"><span class='ocrx_word' id='word_1_810' title='bbox 1397 2620 1513 2666; x_wconf 88' lang='lat' dir='ltr'><strong>ipsum</strong></span> <span class='ocrx_word' id='word_1_811' title='bbox 1538 2617 1710 2654; x_wconf 89' lang='lat' dir='ltr'><strong>Dominus</strong></span> <span class='ocrx_word' id='word_1_812' title='bbox 1742 2626 1815 2651; x_wconf 90' lang='lat' dir='ltr'><strong>non</strong></span> <span class='ocrx_word' id='word_1_813' title='bbox 1845 2615 2003 2660; x_wconf 88' lang='lat' dir='ltr'><strong>loquitur</strong></span> <span class='ocrx_word' id='word_1_814' title='bbox 2027 2615 2063 2649; x_wconf 92' lang='lat' dir='ltr'><strong>in</strong></span> <span class='ocrx_word' id='word_1_815' title='bbox 2093 2613 2306 2660; x_wconf 78' lang='lat' dir='ltr'><strong>aenigmate,</strong></span> <span class='ocrx_word' id='word_1_816' title='bbox 2331 2612 2393 2648; x_wconf 90' lang='lat' dir='ltr'><strong>sed</strong></span> <span class='ocrx_word' id='word_1_817' title='bbox 2416 2612 2453 2648; x_wconf 92' lang='lat' dir='ltr'><strong>in</strong></span> 
     </span>
     <span class='ocr_line' id='line_1_101' title="bbox 1396 2671 2453 2725; baseline -0.006 -12"><span class='ocrx_word' id='word_1_818' title='bbox 1396 2677 1527 2725; x_wconf 87' lang='lat' dir='ltr'><strong>specie.</strong></span> <span class='ocrx_word' id='word_1_819' title='bbox 1550 2676 1616 2712; x_wconf 85' lang='lat' dir='ltr'><strong>Hic</strong></span> <span class='ocrx_word' id='word_1_820' title='bbox 1641 2681 1761 2711; x_wconf 90' lang='lat' dir='ltr'><strong>autem</strong></span> <span class='ocrx_word' id='word_1_821' title='bbox 1791 2674 1936 2709; x_wconf 87' lang='lat' dir='ltr'><strong>additur</strong></span> <span class='ocrx_word' id='word_1_822' title='bbox 1953 2686 1962 2709; x_wconf 78' lang='lat' dir='ltr'><strong>t</strong></span> <span class='ocrx_word' id='word_1_823' title='bbox 1983 2673 2030 2708; x_wconf 88' lang='lat' dir='ltr'><strong>Et</strong></span> <span class='ocrx_word' id='word_1_824' title='bbox 2047 2672 2212 2719; x_wconf 62' lang='lat' dir='ltr'><strong>gloriam,</strong></span> <span class='ocrx_word' id='word_1_825' title='bbox 2232 2671 2362 2718; x_wconf 89' lang='lat' dir='ltr'><strong>inquit,</strong></span> <span class='ocrx_word' id='word_1_826' title='bbox 2381 2671 2453 2707; x_wconf 92' lang='lat' dir='ltr'><strong>Do-</strong></span> 
     </span>
     <span class='ocr_line' id='line_1_102' title="bbox 1395 2730 2452 2780; baseline -0.006 -8"><span class='ocrx_word' id='word_1_827' title='bbox 1395 2737 1481 2772; x_wconf 80' lang='lat' dir='ltr'><strong>mini</strong></span> <span class='ocrx_word' id='word_1_828' title='bbox 1505 2737 1604 2772; x_wconf 85' lang='lat' dir='ltr'><strong>vidit.</strong></span> <span class='ocrx_word' id='word_1_829' title='bbox 1635 2735 1785 2780; x_wconf 87' lang='lat' dir='ltr'><strong>Quando</strong></span> <span class='ocrx_word' id='word_1_830' title='bbox 1813 2734 1904 2770; x_wconf 86' lang='lat' dir='ltr'><strong>vidit</strong></span> <span class='ocrx_word' id='word_1_831' title='bbox 1933 2733 2074 2780; x_wconf 92' lang='lat' dir='ltr'><strong>Moyses</strong></span> <span class='ocrx_word' id='word_1_832' title='bbox 2102 2733 2254 2778; x_wconf 87' lang='lat' dir='ltr'><strong>gloriam</strong></span> <span class='ocrx_word' id='word_1_833' title='bbox 2285 2730 2452 2767; x_wconf 80' lang='lat' dir='ltr'><strong>Domini?</strong></span> 
     </span>
     <span class='ocr_line' id='line_1_103' title="bbox 1395 2790 2451 2845; baseline -0.009 -10"><span class='ocrx_word' id='word_1_834' title='bbox 1395 2799 1470 2845; x_wconf 89' lang='lat' dir='ltr'><strong>Ego</strong></span> <span class='ocrx_word' id='word_1_835' title='bbox 1492 2803 1577 2834; x_wconf 90' lang='lat' dir='ltr'><strong>tunc</strong></span> <span class='ocrx_word' id='word_1_836' title='bbox 1598 2797 1700 2839; x_wconf 88' lang='lat' dir='ltr'><strong>dico,</strong></span> <span class='ocrx_word' id='word_1_837' title='bbox 1722 2795 1867 2842; x_wconf 88' lang='lat' dir='ltr'><strong>quando</strong></span> <span class='ocrx_word' id='word_1_838' title='bbox 1896 2793 2173 2829; x_wconf 80' lang='lat' dir='ltr'><strong>transformatus</strong></span> <span class='ocrx_word' id='word_1_839' title='bbox 2197 2797 2251 2827; x_wconf 89' lang='lat' dir='ltr'><strong>est</strong></span> <span class='ocrx_word' id='word_1_840' title='bbox 2277 2790 2451 2826; x_wconf 89' lang='lat' dir='ltr'><strong>Dominus</strong></span> 
     </span>
     <span class='ocr_line' id='line_1_104' title="bbox 1395 2850 2452 2901; baseline -0.01 -6"><span class='ocrx_word' id='word_1_841' title='bbox 1395 2860 1432 2895; x_wconf 90' lang='lat' dir='ltr'><strong>in</strong></span> <span class='ocrx_word' id='word_1_842' title='bbox 1455 2862 1598 2900; x_wconf 90' lang='lat' dir='ltr'><strong>monte,</strong></span> <span class='ocrx_word' id='word_1_843' title='bbox 1622 2861 1658 2892; x_wconf 90' lang='lat' dir='ltr'><strong>et</strong></span> <span class='ocrx_word' id='word_1_844' title='bbox 1679 2857 1806 2892; x_wconf 90' lang='lat' dir='ltr'><strong>aderat</strong></span> <span class='ocrx_word' id='word_1_845' title='bbox 1832 2855 1883 2892; x_wconf 91' lang='lat' dir='ltr'><strong>ibi</strong></span> <span class='ocrx_word' id='word_1_846' title='bbox 1904 2854 2045 2901; x_wconf 87' lang='lat' dir='ltr'><strong>Moyses</strong></span> <span class='ocrx_word' id='word_1_847' title='bbox 2070 2862 2150 2889; x_wconf 86' lang='lat' dir='ltr'><strong>cum</strong></span> <span class='ocrx_word' id='word_1_848' title='bbox 2169 2851 2246 2887; x_wconf 87' lang='lat' dir='ltr'><strong>Elia</strong></span> <span class='ocrx_word' id='word_1_849' title='bbox 2261 2878 2270 2895; x_wconf 92' lang='lat'><strong>,</strong></span> <span class='ocrx_word' id='word_1_850' title='bbox 2285 2855 2322 2888; x_wconf 88' lang='lat' dir='ltr'><strong>et</strong></span> <span class='ocrx_word' id='word_1_851' title='bbox 2343 2850 2452 2886; x_wconf 89' lang='lat' dir='ltr'><strong>collo-</strong></span> 
     </span>
     <span class='ocr_line' id='line_1_105' title="bbox 1395 2911 2449 2966; baseline -0.009 -11"><span class='ocrx_word' id='word_1_852' title='bbox 1395 2921 1598 2966; x_wconf 86' lang='lat' dir='ltr'><strong>quebantur</strong></span> <span class='ocrx_word' id='word_1_853' title='bbox 1623 2919 1669 2954; x_wconf 91' lang='lat' dir='ltr'><strong>ei.</strong></span> <span class='ocrx_word' id='word_1_854' title='bbox 1698 2918 1744 2952; x_wconf 88' lang='lat' dir='ltr'><strong>Et</strong></span> <span class='ocrx_word' id='word_1_855' title='bbox 1766 2917 1847 2953; x_wconf 93' lang='lat' dir='ltr'><strong>ideo</strong></span> <span class='ocrx_word' id='word_1_856' title='bbox 1872 2921 1970 2953; x_wconf 90' lang='lat' dir='ltr'><strong>recte</strong></span> <span class='ocrx_word' id='word_1_857' title='bbox 1993 2916 2030 2952; x_wconf 92' lang='lat' dir='ltr'><strong>in</strong></span> <span class='ocrx_word' id='word_1_858' title='bbox 2056 2913 2358 2961; x_wconf 88' lang='lat' dir='ltr'><strong>consequentibus</strong></span> <span class='ocrx_word' id='word_1_859' title='bbox 2383 2911 2449 2947; x_wconf 91' lang='lat' dir='ltr'><strong>ad-</strong></span> 
     </span>
     <span class='ocr_line' id='line_1_106' title="bbox 1392 2972 2450 3026; baseline -0.007 -12"><span class='ocrx_word' id='word_1_860' title='bbox 1392 2979 1524 3026; x_wconf 85' lang='lat' dir='ltr'><strong>jungit,</strong></span> <span class='ocrx_word' id='word_1_861' title='bbox 1546 2984 1582 3014; x_wconf 89' lang='lat' dir='ltr'><strong>et</strong></span> <span class='ocrx_word' id='word_1_862' title='bbox 1601 2987 1713 3023; x_wconf 88' lang='lat' dir='ltr'><strong>quare</strong></span> <span class='ocrx_word' id='word_1_863' title='bbox 1731 2988 1802 3014; x_wconf 88' lang='lat' dir='ltr'><strong>non</strong></span> <span class='ocrx_word' id='word_1_864' title='bbox 1822 2976 1994 3013; x_wconf 86' lang='lat' dir='ltr'><strong>timuistis</strong></span> <span class='ocrx_word' id='word_1_865' title='bbox 2012 2975 2202 3011; x_wconf 89' lang='lat' dir='ltr'><strong>detrahere</strong></span> <span class='ocrx_word' id='word_1_866' title='bbox 2219 2972 2353 3009; x_wconf 83' lang='lat' dir='ltr'><strong>famulo</strong></span> <span class='ocrx_word' id='word_1_867' title='bbox 2368 2981 2450 3008; x_wconf 91' lang='lat' dir='ltr'><strong>meo</strong></span> 
     </span>
     <span class='ocr_line' id='line_1_107' title="bbox 1395 3033 2447 3085; baseline -0.006 -11"><span class='ocrx_word' id='word_1_868' title='bbox 1395 3038 1530 3085; x_wconf 82' lang='lat' dir='ltr'><strong>Moysi?</strong></span> <span class='ocrx_word' id='word_1_869' title='bbox 1550 3037 1650 3081; x_wconf 87' lang='lat' dir='ltr'><strong>Quod</strong></span> <span class='ocrx_word' id='word_1_870' title='bbox 1670 3039 1855 3074; x_wconf 86' lang='lat' dir='ltr'><strong>evidenter</strong></span> <span class='ocrx_word' id='word_1_871' title='bbox 1876 3037 2000 3082; x_wconf 88' lang='lat' dir='ltr'><strong>utique</strong></span> <span class='ocrx_word' id='word_1_872' title='bbox 2023 3035 2069 3071; x_wconf 89' lang='lat' dir='ltr'><strong>ad</strong></span> <span class='ocrx_word' id='word_1_873' title='bbox 2085 3045 2147 3071; x_wconf 90' lang='lat' dir='ltr'><strong>eos</strong></span> <span class='ocrx_word' id='word_1_874' title='bbox 2172 3034 2306 3070; x_wconf 86' lang='lat' dir='ltr'><strong>dictum</strong></span> <span class='ocrx_word' id='word_1_875' title='bbox 2323 3033 2447 3079; x_wconf 88' lang='lat' dir='ltr'><strong>dirigi-</strong></span> 
     </span>
     <span class='ocr_line' id='line_1_108' title="bbox 1393 3094 2449 3147; baseline -0.007 -11"><span class='ocrx_word' id='word_1_876' title='bbox 1393 3106 1467 3143; x_wconf 91' lang='lat' dir='ltr'><strong>tur,</strong></span> <span class='ocrx_word' id='word_1_877' title='bbox 1489 3101 1549 3147; x_wconf 91' lang='lat' dir='ltr'><strong>qui</strong></span> <span class='ocrx_word' id='word_1_878' title='bbox 1568 3099 1758 3146; x_wconf 87' lang='lat' dir='ltr'><strong>Evangelia</strong></span> <span class='ocrx_word' id='word_1_879' title='bbox 1780 3099 1926 3145; x_wconf 92' lang='lat' dir='ltr'><strong>quidem</strong></span> <span class='ocrx_word' id='word_1_880' title='bbox 1944 3097 2128 3143; x_wconf 88' lang='lat' dir='ltr'><strong>suscipere</strong></span> <span class='ocrx_word' id='word_1_881' title='bbox 2145 3096 2324 3139; x_wconf 87' lang='lat' dir='ltr'><strong>videntur,</strong></span> <span class='ocrx_word' id='word_1_882' title='bbox 2344 3094 2449 3130; x_wconf 91' lang='lat' dir='ltr'><strong>dero-</strong></span> 
     </span>
     <span class='ocr_line' id='line_1_109' title="bbox 1394 3155 2448 3208; baseline -0.007 -11"><span class='ocrx_word' id='word_1_883' title='bbox 1394 3166 1480 3208; x_wconf 87' lang='lat' dir='ltr'><strong>gant</strong></span> <span class='ocrx_word' id='word_1_884' title='bbox 1509 3166 1626 3196; x_wconf 88' lang='lat' dir='ltr'><strong>autem</strong></span> <span class='ocrx_word' id='word_1_885' title='bbox 1652 3160 1778 3206; x_wconf 92' lang='lat' dir='ltr'><strong>Moysi.</strong></span> <span class='ocrx_word' id='word_1_886' title='bbox 1807 3160 1852 3195; x_wconf 87' lang='lat' dir='ltr'><strong>Et</strong></span> <span class='ocrx_word' id='word_1_887' title='bbox 1876 3159 2009 3194; x_wconf 88' lang='lat' dir='ltr'><strong>merito</strong></span> <span class='ocrx_word' id='word_1_888' title='bbox 2029 3162 2247 3205; x_wconf 85' lang='lat' dir='ltr'><strong>arguuntur,</strong></span> <span class='ocrx_word' id='word_1_889' title='bbox 2265 3155 2349 3202; x_wconf 88' lang='lat' dir='ltr'><strong>quia</strong></span> <span class='ocrx_word' id='word_1_890' title='bbox 2366 3164 2448 3191; x_wconf 89' lang='lat' dir='ltr'><strong>cum</strong></span> 
     </span>
     <span class='ocr_line' id='line_1_110' title="bbox 1394 3213 2449 3265; baseline -0.006 -9"><span class='ocrx_word' id='word_1_891' title='bbox 1394 3221 1536 3256; x_wconf 88' lang='lat' dir='ltr'><strong>discant</strong></span> <span class='ocrx_word' id='word_1_892' title='bbox 1554 3230 1620 3265; x_wconf 91' lang='lat' dir='ltr'><strong>per</strong></span> <span class='ocrx_word' id='word_1_893' title='bbox 1637 3219 1872 3264; x_wconf 87' lang='lat' dir='ltr'><strong>Evangelium</strong></span> <span class='ocrx_word' id='word_1_894' title='bbox 1897 3218 1992 3262; x_wconf 89' lang='lat' dir='ltr'><strong>quod</strong></span> <span class='ocrx_word' id='word_1_895' title='bbox 2014 3217 2154 3264; x_wconf 89' lang='lat' dir='ltr'><strong>Moyses</strong></span> <span class='ocrx_word' id='word_1_896' title='bbox 2177 3227 2250 3252; x_wconf 88' lang='lat' dir='ltr'><strong>una</strong></span> <span class='ocrx_word' id='word_1_897' title='bbox 2271 3225 2353 3252; x_wconf 89' lang='lat' dir='ltr'><strong>cum</strong></span> <span class='ocrx_word' id='word_1_898' title='bbox 2370 3213 2449 3250; x_wconf 87' lang='lat' dir='ltr'><strong>Elia</strong></span> 
     </span>
    </p>
   </div>
   <div class='ocr_carea' id='block_1_13' title="bbox 1391 3273 2449 3382">
    <p class='ocr_par' dir='ltr' id='par_1_14' title="bbox 1391 3273 2449 3382">
     <span class='ocr_line' id='line_1_111' title="bbox 1391 3273 2449 3323; baseline -0.006 -9"><span class='ocrx_word' id='word_1_899' title='bbox 1391 3279 1481 3314; x_wconf 90' lang='lat' dir='ltr'><strong>vidit</strong></span> <span class='ocrx_word' id='word_1_900' title='bbox 1500 3277 1649 3323; x_wconf 88' lang='lat' dir='ltr'><strong>gloriam</strong></span> <span class='ocrx_word' id='word_1_901' title='bbox 1671 3276 1828 3318; x_wconf 91' lang='lat' dir='ltr'><strong>Domini,</strong></span> <span class='ocrx_word' id='word_1_902' title='bbox 1848 3275 1918 3320; x_wconf 87' lang='lat' dir='ltr'><strong>legi</strong></span> <span class='ocrx_word' id='word_1_903' title='bbox 1937 3281 1973 3310; x_wconf 89' lang='lat' dir='ltr'><strong>et</strong></span> <span class='ocrx_word' id='word_1_904' title='bbox 1994 3275 2177 3320; x_wconf 87' lang='lat' dir='ltr'><strong>prophetis</strong></span> <span class='ocrx_word' id='word_1_905' title='bbox 2195 3274 2272 3310; x_wconf 86' lang='lat' dir='ltr'><strong>ausi</strong></span> <span class='ocrx_word' id='word_1_906' title='bbox 2288 3278 2370 3310; x_wconf 87' lang='lat' dir='ltr'><strong>sunt</strong></span> <span class='ocrx_word' id='word_1_907' title='bbox 2386 3273 2449 3308; x_wconf 84' lang='lat' dir='ltr'><strong>de-</strong></span> 
     </span>
     <span class='ocr_line' id='line_1_112' title="bbox 1392 3331 2445 3382; baseline -0.005 -11"><span class='ocrx_word' id='word_1_908' title='bbox 1392 3345 1532 3382; x_wconf 86' lang='lat' dir='ltr'><strong>rogare.</strong></span> <span class='ocrx_word' id='word_1_909' title='bbox 1556 3335 1600 3370; x_wconf 80' lang='lat' dir='ltr'><strong>Et</strong></span> <span class='ocrx_word' id='word_1_910' title='bbox 1622 3334 1702 3369; x_wconf 91' lang='lat' dir='ltr'><strong>ideo</strong></span> <span class='ocrx_word' id='word_1_911' title='bbox 1724 3343 1790 3368; x_wconf 93' lang='lat' dir='ltr'><strong>nos</strong></span> <span class='ocrx_word' id='word_1_912' title='bbox 1811 3343 1883 3368; x_wconf 91' lang='lat' dir='ltr'><strong>non</strong></span> <span class='ocrx_word' id='word_1_913' title='bbox 1903 3332 2134 3368; x_wconf 88' lang='lat' dir='ltr'><strong>detrahamus</strong></span> <span class='ocrx_word' id='word_1_914' title='bbox 2152 3331 2283 3378; x_wconf 80' lang='lat' dir='ltr'><strong>Moysi,</strong></span> <span class='ocrx_word' id='word_1_915' title='bbox 2301 3340 2368 3366; x_wconf 90' lang='lat' dir='ltr'><strong>nec</strong></span> <span class='ocrx_word' id='word_1_916' title='bbox 2384 3331 2445 3366; x_wconf 89' lang='lat' dir='ltr'><strong>de-</strong></span> 
     </span>
    </p>
   </div>
   <div class='ocr_carea' id='block_1_14' title="bbox 1390 3389 2500 3810">
    <p class='ocr_par' dir='ltr' id='par_1_15' title="bbox 1390 3389 2500 3810">
     <span class='ocr_line' id='line_1_113' title="bbox 1392 3389 2500 3442; baseline -0.005 -11"><span class='ocrx_word' id='word_1_917' title='bbox 1392 3404 1562 3442; x_wconf 90' lang='lat' dir='ltr'><strong>rogemus</strong></span> <span class='ocrx_word' id='word_1_918' title='bbox 1583 3393 1677 3439; x_wconf 86' lang='lat' dir='ltr'><strong>legi,</strong></span> <span class='ocrx_word' id='word_1_919' title='bbox 1700 3393 1762 3428; x_wconf 90' lang='lat' dir='ltr'><strong>sed</strong></span> <span class='ocrx_word' id='word_1_920' title='bbox 1784 3392 1893 3427; x_wconf 85' lang='lat' dir='ltr'><strong>simus</strong></span> <span class='ocrx_word' id='word_1_921' title='bbox 1918 3402 1989 3426; x_wconf 87' lang='lat' dir='ltr'><strong>non</strong></span> <span class='ocrx_word' id='word_1_922' title='bbox 2007 3389 2120 3426; x_wconf 85' lang='lat' dir='ltr'><strong>solum</strong></span> <span class='ocrx_word' id='word_1_923' title='bbox 2139 3390 2316 3425; x_wconf 83' lang='lat' dir='ltr'><strong>auditores</strong></span> <span class='ocrx_word' id='word_1_924' title='bbox 2343 3389 2441 3436; x_wconf 76' lang='lat' dir='ltr'><strong>leqis,</strong></span> <span class='ocrx_word' id='word_1_925' title='bbox 2496 3410 2500 3413; x_wconf 95' lang='lat'><em>-</em></span> 
     </span>
     <span class='ocr_line' id='line_1_114' title="bbox 1391 3450 2444 3502; baseline -0.004 -10"><span class='ocrx_word' id='word_1_926' title='bbox 1391 3457 1453 3492; x_wconf 87' lang='lat' dir='ltr'><strong>sed</strong></span> <span class='ocrx_word' id='word_1_927' title='bbox 1482 3455 1652 3502; x_wconf 72' lang='lat' dir='ltr'><strong>factores,</strong></span> <span class='ocrx_word' id='word_1_928' title='bbox 1674 3458 1715 3489; x_wconf 93' lang='lat' dir='ltr'><strong>ut</strong></span> <span class='ocrx_word' id='word_1_929' title='bbox 1737 3462 1821 3489; x_wconf 88' lang='lat' dir='ltr'><strong>cum</strong></span> <span class='ocrx_word' id='word_1_930' title='bbox 1839 3452 1918 3497; x_wconf 91' lang='lat' dir='ltr'><strong>ipso</strong></span> <span class='ocrx_word' id='word_1_931' title='bbox 1941 3451 2062 3498; x_wconf 79' lang='lat' dir='ltr'><strong>Moyse</strong></span> <span class='ocrx_word' id='word_1_932' title='bbox 2086 3450 2349 3497; x_wconf 85' lang='lat' dir='ltr'><strong>conglorificari</strong></span> <span class='ocrx_word' id='word_1_933' title='bbox 2365 3460 2444 3488; x_wconf 89' lang='lat' dir='ltr'><strong>me-</strong></span> 
     </span>
     <span class='ocr_line' id='line_1_115' title="bbox 1392 3512 2442 3563; baseline -0.003 -10"><span class='ocrx_word' id='word_1_934' title='bbox 1392 3527 1550 3554; x_wconf 88' lang='lat' dir='ltr'><strong>reamur.</strong></span> <span class='ocrx_word' id='word_1_935' title='bbox 1569 3516 1644 3563; x_wconf 87' lang='lat' dir='ltr'><strong>Ego</strong></span> <span class='ocrx_word' id='word_1_936' title='bbox 1665 3521 1784 3552; x_wconf 89' lang='lat' dir='ltr'><strong>autem</strong></span> <span class='ocrx_word' id='word_1_937' title='bbox 1799 3519 1886 3561; x_wconf 88' lang='lat' dir='ltr'><strong>puto</strong></span> <span class='ocrx_word' id='word_1_938' title='bbox 1903 3513 1999 3559; x_wconf 90' lang='lat' dir='ltr'><strong>quod</strong></span> <span class='ocrx_word' id='word_1_939' title='bbox 2014 3518 2052 3549; x_wconf 93' lang='lat' dir='ltr'><strong>et</strong></span> <span class='ocrx_word' id='word_1_940' title='bbox 2071 3512 2122 3549; x_wconf 89' lang='lat' dir='ltr'><strong>illi</strong></span> <span class='ocrx_word' id='word_1_941' title='bbox 2142 3513 2332 3549; x_wconf 89' lang='lat' dir='ltr'><strong>materiam</strong></span> <span class='ocrx_word' id='word_1_942' title='bbox 2349 3522 2442 3559; x_wconf 77' lang='lat' dir='ltr'><strong>prae-</strong></span> 
     </span>
     <span class='ocr_line' id='line_1_116' title="bbox 1391 3574 2441 3623; baseline -0.002 -10"><span class='ocrx_word' id='word_1_943' title='bbox 1391 3581 1489 3614; x_wconf 91' lang='lat' dir='ltr'><strong>stant</strong></span> <span class='ocrx_word' id='word_1_944' title='bbox 1519 3577 1566 3613; x_wconf 90' lang='lat' dir='ltr'><strong>ad</strong></span> <span class='ocrx_word' id='word_1_945' title='bbox 1591 3575 1837 3623; x_wconf 86' lang='lat' dir='ltr'><strong>derogandum</strong></span> <span class='ocrx_word' id='word_1_946' title='bbox 1861 3574 1993 3621; x_wconf 86' lang='lat' dir='ltr'><strong>Moysi,</strong></span> <span class='ocrx_word' id='word_1_947' title='bbox 2019 3574 2081 3620; x_wconf 91' lang='lat' dir='ltr'><strong>qui</strong></span> <span class='ocrx_word' id='word_1_948' title='bbox 2101 3574 2201 3610; x_wconf 81' lang='lat' dir='ltr'><strong>verbi</strong></span> <span class='ocrx_word' id='word_1_949' title='bbox 2225 3584 2333 3611; x_wconf 88' lang='lat' dir='ltr'><strong>cansa</strong></span> <span class='ocrx_word' id='word_1_950' title='bbox 2357 3585 2441 3611; x_wconf 90' lang='lat' dir='ltr'><strong>cum</strong></span> 
     </span>
     <span class='ocr_line' id='line_1_117' title="bbox 1390 3631 2442 3684; baseline -0.001 -12"><span class='ocrx_word' id='word_1_951' title='bbox 1390 3637 1523 3684; x_wconf 84' lang='lat' dir='ltr'><strong>legitur</strong></span> <span class='ocrx_word' id='word_1_952' title='bbox 1545 3635 1639 3672; x_wconf 88' lang='lat' dir='ltr'><strong>liber</strong></span> <span class='ocrx_word' id='word_1_953' title='bbox 1663 3634 1811 3670; x_wconf 86' lang='lat' dir='ltr'><strong>Levitici</strong></span> <span class='ocrx_word' id='word_1_954' title='bbox 1826 3661 1836 3676; x_wconf 96' lang='lat'><strong>,</strong></span> <span class='ocrx_word' id='word_1_955' title='bbox 1861 3634 1919 3669; x_wconf 86' lang='lat' dir='ltr'><strong>vel</strong></span> <span class='ocrx_word' id='word_1_956' title='bbox 1945 3633 2052 3670; x_wconf 77' lang='lat' dir='ltr'><strong>lectio</strong></span> <span class='ocrx_word' id='word_1_957' title='bbox 2079 3631 2339 3678; x_wconf 89' lang='lat' dir='ltr'><strong>Numerorum,</strong></span> <span class='ocrx_word' id='word_1_958' title='bbox 2366 3643 2442 3671; x_wconf 83' lang='lat' dir='ltr'><strong>non</strong></span> 
     </span>
     <span class='ocr_line' id='line_1_118' title="bbox 1390 3693 2475 3741; baseline -0.002 -8"><span class='ocrx_word' id='word_1_959' title='bbox 1390 3696 1584 3737; x_wconf 80' lang='lat' dir='ltr'><strong>ostendunt</strong></span> <span class='ocrx_word' id='word_1_960' title='bbox 1607 3695 1784 3741; x_wconf 85' lang='lat' dir='ltr'><strong>quomodo</strong></span> <span class='ocrx_word' id='word_1_961' title='bbox 1813 3694 1891 3730; x_wconf 79' lang='lat' dir='ltr'><strong>haee</strong></span> <span class='ocrx_word' id='word_1_962' title='bbox 1920 3703 1999 3740; x_wconf 78' lang='lat' dir='ltr'><strong>quae</strong></span> <span class='ocrx_word' id='word_1_963' title='bbox 2022 3693 2058 3730; x_wconf 91' lang='lat' dir='ltr'><strong>in</strong></span> <span class='ocrx_word' id='word_1_964' title='bbox 2088 3693 2279 3741; x_wconf 64' lang='lat' dir='ltr'><strong>aenigmate</strong></span> <span class='ocrx_word' id='word_1_965' title='bbox 2304 3693 2440 3740; x_wconf 81' lang='lat' dir='ltr'><strong>scripta</strong></span> <span class='ocrx_word' id='word_1_966' title='bbox 2473 3707 2475 3710; x_wconf 91' lang='lat'>·</span> 
     </span>
     <span class='ocr_line' id='line_1_119' title="bbox 1391 3749 2476 3810; baseline -0.003 -15"><span class='ocrx_word' id='word_1_967' title='bbox 1391 3749 1489 3803; x_wconf 81' lang='lat' dir='ltr'><strong>sunt,</strong></span> <span class='ocrx_word' id='word_1_968' title='bbox 1508 3756 1660 3803; x_wconf 72' lang='lat' dir='ltr'><strong>intelligi</strong></span> <span class='ocrx_word' id='word_1_969' title='bbox 1677 3765 1742 3810; x_wconf 87' lang='lat' dir='ltr'><strong>per</strong></span> <span class='ocrx_word' id='word_1_970' title='bbox 1761 3755 1917 3802; x_wconf 87' lang='lat' dir='ltr'><strong>speciem</strong></span> <span class='ocrx_word' id='word_1_971' title='bbox 1942 3754 2118 3802; x_wconf 80' lang='lat' dir='ltr'><strong>debeant;</strong></span> <span class='ocrx_word' id='word_1_972' title='bbox 2137 3755 2174 3794; x_wconf 89' lang='lat' dir='ltr'><strong>id</strong></span> <span class='ocrx_word' id='word_1_973' title='bbox 2191 3761 2260 3802; x_wconf 89' lang='lat' dir='ltr'><strong>est,</strong></span> <span class='ocrx_word' id='word_1_974' title='bbox 2282 3755 2344 3804; x_wconf 87' lang='lat' dir='ltr'><strong>qui</strong></span> <span class='ocrx_word' id='word_1_975' title='bbox 2365 3763 2439 3801; x_wconf 72' lang='lat' dir='ltr'><strong>non</strong></span> <span class='ocrx_word' id='word_1_976' title='bbox 2454 3750 2476 3810; x_wconf 63' lang='lat'><strong>2³</strong></span> 
     </span>
    </p>
   </div>
  </div>
 </body>
</html>
