2540 4016
576 219 844 263 ENARRA'no
869 219 1022 264 surmt
1046 216 1461 266 nnnmonoumu.
1486 217 1534 255 Ξ-
1554 223 1641 267 Lm.
1664 221 1694 267 ι.

2153 233 2224 280 838

47 296 147 339 'ritus
158 303 304 348 propter
315 299 552 349 negligentem
565 299 770 347 operarium
786 298 832 337 ad
847 311 951 338 suam
969 307 1109 348 partem
1127 307 1158 347 Α
1177 303 1308 340 mansit
1323 302 1362 340 in
1385 300 1478 339 tribu
1496 309 1529 339 et
1556 300 1695 349 familia
1715 305 1827 351 patris
1845 318 1976 347 earum.
1994 313 2127 353 Harum
2145 330 2226 355 mu-

53 363 198 399 trahere
230 362 391 400 festinat.
412 361 515 400 Unde
529 363 607 410 ipsa
624 362 768 400 Veritas
786 361 823 398 in
836 362 1032 409 Evangelio
1052 363 1106 399 di-

51 423 198 470 scipulis
213 423 288 460 suis
301 423 352 460 ait
369 435 376 459 :
398 422 574 460 Attendite
587 434 630 459 ne
643 422 818 469 justitiam
830 428 978 458 vestram
1000 422 1111 469 [acia-

52 482 96 518 tis
117 493 237 519 coram
255 483 467 528 hominibus,
487 490 525 522 ut
544 482 729 520 videamini
749 483 792 518 ab
809 483 859 519 eis
879 481 1022 530 (Mami.
1043 482 1109 530 vi).

52 542 225 590 Alioquin
244 546 449 582 mercedem
480 556 552 582 non
572 544 752 582 habebitis
772 546 865 591 apud
891 544 1032 581 Patrem
1050 555 1111 581 ve-

53 609 168 640 strum
179 603 242 650 qui
255 603 294 641 in
312 605 414 642 coelis
432 612 499 642 est.
523 606 858 655 ResponditMoyses
876 605 960 653 filiis
981 605 1110 650 Israel,

53 671 85 702 et
112 665 263 701 Domino
283 668 504 713 proecipiente
522 669 597 704 ait:
617 668 721 705 Recte
737 668 848 704 tribus
870 668 1024 713 filiorum
1046 668 1112 703 Jo-

54 726 137 772 seph
159 724 276 760 locuta
295 732 358 761 est.
379 725 425 761 Et
444 727 518 762 lzoec
547 727 603 764 lex
624 740 728 775 super
757 727 899 773 filiabus
931 727 1113 774 Satpltaad

51 796 76 821 a
111 783 261 820 Domino
288 783 511 833 promulqata
539 794 616 823 est:
653 786 798 823 Nubant
830 786 953 833 quibus
979 785 1111 829 votum,

53 850 189 881 tantum
215 851 251 880 ut
285 857 358 882 suco
385 844 495 883 tribus
524 846 744 891 hominibus,
777 858 819 882 ne
850 845 1113 882 commisceatur

53 906 223 954 possessio
243 906 397 952 filiorum
426 908 540 943 Israel
558 909 600 944 de
618 909 710 944 tribu
740 909 778 943 in
807 906 949 942 tribum.
984 905 1112 942 Omnes

55 967 146 1002 enim
168 968 230 1003 viri
249 967 374 1004 ducent
389 980 515 1004 uxores
536 970 578 1005 de
597 970 690 1004 tribu
713 974 744 1004 et
762 968 965 1013 cognatione
984 978 1063 1010 sua,
1081 974 1113 1003 et

54 1034 188 1064 cunctoe
208 1029 347 1073 seminoe
369 1030 514 1065 maritos
544 1029 587 1065 de
612 1028 732 1064 eadem
755 1028 846 1063 tribu
863 1029 1048 1075 accipiant,
1075 1036 1113 1065 ut

52 1087 241 1122 haereditas
271 1094 472 1132 permaneat
492 1086 528 1123 in
548 1087 706 1132 familiis,
730 1099 791 1123 nec
818 1088 883 1123 sibi
904 1090 1114 1125 misceantur

50 1145 177 1189 tribus,
209 1145 269 1181 sed
286 1146 333 1181 ita
364 1152 526 1181 maneant
547 1152 584 1181 ut
602 1158 623 1181 α
641 1146 790 1183 Domino
816 1154 987 1194 separata)
1016 1156 1110 1185 sunl.

1178 365 1320 408 lterum,
1349 365 1420 401 hoc
1438 369 1508 408 est,
1533 363 1688 400 filiarum
1704 364 1898 412 salphaad,
1920 372 2063 409 nomina
2090 387 2160 414 non
2175 379 2227 415 in.

1179 434 1336 470 congrue
1367 425 1414 461 ad
1439 435 1586 462 sensum
1616 424 1827 472 praedictum
1857 421 2046 464 tr'ansl'erri
2067 441 2226 476 possum,

1178 483 1440 531 Interpretatur
1462 486 1559 523 enim
1578 484 1692 522 Maata
1729 485 1923 523 infirmitas
1945 487 2102 533 Thersa,
2135 502 2231 529 com-

1179 544 1349 591 placens;
1370 545 1471 591 Egla,
1492 546 1700 581 solemnitas
1730 545 1800 582 ista
1823 542 1879 582 vel
1903 546 2050 590 vitulus,
2083 548 2230 596 Meldia,

1181 615 1245 642 rex
1264 603 1355 651 ejus,
1375 610 1412 640 et
1429 604 1520 647 Noa,
1554 611 1687 642 motus.
1717 605 1786 650 Qui
1806 605 1903 642 enim
1931 607 2144 645 humilitatis
2162 610 2234 646 vir-

1181 670 1295 702 tutem
1314 669 1396 702 ante
1410 666 1532 702 omnia
1551 666 1645 702 intra
1660 667 1894 712 semetipsum
1907 667 2040 703 habere
2056 668 2187 711 studet,
2202 675 2238 707 et

1182 727 1218 763 in
1250 727 1520 764 infirmitatibus
1552 729 1625 764 suis
1655 728 1758 774 juxta
1777 728 2030 774 Apostolorum
2049 729 2118 765 sibi
2145 739 2240 766 com-

1181 788 1314 834 placet,
1341 788 1604 825 solemnitatem
1624 790 1713 835 agit,
1742 799 1784 825 ac
1801 795 1904 836 grata
1923 799 2073 826 munera
2092 790 2239 826 exhibet

1180 849 1279 894 Deo;
1302 855 1340 885 et
1353 860 1418 886 rex
1448 857 1555 896 atque
1577 856 1697 886 rector
1714 861 1787 887 suae
1806 850 2091 889 conversationis
2113 856 2241 887 cautus

1181 910 1356 952 existens,
1386 921 1581 957 progressu
1605 911 1778 947 virtutum
1803 917 1983 947 movetur.
2017 910 2125 947 Juxta
2154 911 2241 947 illud

1181 971 1382 1008 Psalmistae
1398 983 1407 1007 ι
1439 971 1673 1007 Ambulabune
1692 973 1734 1008 de
1751 974 1876 1008 virtute
1900 973 1937 1008 in
1955 973 2129 1014 virtutem,
2149 972 2242 1008 vide-

1183 1031 1274 1066 bitur
1292 1032 1384 1067 Deus
1405 1033 1549 1067 deorum
1582 1033 1619 1067 in
1653 1032 1742 1067 Sion
1772 1031 1887 1079 (Psat.
1906 1033 2075 1079 Lxxxni).
2110 1032 2243 1078 Nupse-

1183 1098 1268 1128 runt
1285 1103 1372 1139 ergo
1404 1094 1486 1128 filiae
1507 1093 1688 1139 Salphaad
1709 1094 1791 1129 filiis
1824 1096 1942 1140 patrui
1971 1096 2024 1131 sui
2046 1096 2089 1131 de
2108 1095 2243 1131 familia

1183 1153 1360 1196 Manasse,
1399 1155 1461 1200 qui
1493 1154 1560 1189 suit
1585 1155 1680 1190 lilius
1708 1154 1867 1200 ¹loseph,
1899 1166 1982 1191 cnm
2011 1156 2160 1200 quilibet
2200 1157 2244 1192 de

51 1206 116 1243 His
133 1206 264 1243 similia
284 1206 329 1242 ad
350 1207 557 1244 Corinthios
577 1209 723 1255 scripsit
753 1209 885 1246 Paulus
911 1212 1108 1256 apostotus,
1131 1203 1164 1243 Β
1184 1225 1309 1250 eorum
1331 1225 1482 1250 numero
1503 1215 1563 1260 qui
1584 1215 1816 1251 crediderunt
1833 1225 1878 1250 ex
1897 1213 2031 1250 Judaeis
2044 1215 2183 1251 doctori
2201 1224 2245 1250 ex

49 1277 134 1303 eum
160 1266 204 1303 de
230 1266 364 1313 nuptiis
397 1267 622 1314 disputaret:
646 1269 787 1313 Mulier,
816 1271 945 1316 inquit,
966 1272 1111 1318 alligata

49 1335 100 1364 est
118 1327 200 1374 leqi,
214 1335 342 1375 quanto
354 1336 506 1376 tempore
524 1331 574 1365 vir
592 1331 667 1376 ejus
684 1331 776 1366 vivit.
794 1330 881 1366 Cum
903 1340 1017 1367 autem
1031 1334 1112 1368 dor-

51 1389 165 1424 mierit
188 1390 239 1425 vir
262 1390 351 1435 ejus,
373 1390 519 1425 liberata
536 1397 584 1426 est
608 1402 629 1424 a
659 1390 731 1437 que
750 1392 827 1426 viri.
860 1390 925 1426 Cui
954 1392 1023 1427 vult
1045 1404 1111 1427 mt-

49 1449 122 1492 bat,
151 1455 287 1485 tantum
305 1451 341 1485 in
374 1451 524 1485 Domino
547 1451 579 1496 (1
600 1451 681 1485 Cor.
704 1450 783 1497 vn).
822 1451 997 1498 Praecepit
1027 1463 1112 1499 ergo

51 1510 194 1558 Moyses
209 1518 248 1546 ut
265 1511 347 1546 tiliae
366 1511 547 1557 salphaad
567 1513 704 1548 nubant
729 1513 858 1558 quibus
878 1514 1015 1556 volunt,
1036 1520 1113 1550 tan-

54 1578 128 1607 tum
158 1580 194 1607 ut
215 1584 288 1608 sua:
309 1573 423 1608 tribus
441 1573 659 1618 hominibus,
681 1585 725 1610 ne
745 1574 1021 1610 commisceatur
1035 1585 1113 1620 pos-

52 1634 167 1670 sessio
186 1634 341 1669 fitiorum
356 1634 465 1670 lsrael
486 1636 527 1671 de
549 1636 644 1672 tribu
666 1637 702 1672 in
724 1638 868 1672 tribum.
892 1637 952 1673 Sic
969 1643 1004 1673 ct
1018 1638 1113 1683 Apo-

53 1693 167 1730 stolus
187 1695 335 1730 maudat
350 1700 387 1730 ut
407 1696 536 1731 mulier
570 1698 682 1732 nubat
704 1698 762 1732 cui
782 1698 949 1741 voluerit,
974 1703 1111 1733 tautum

53 1754 91 1791 in
110 1755 278 1798 Domino,
301 1756 369 1791 hoc
387 1762 442 1792 est
462 1757 540 1792 viro
558 1758 734 1794 catholico
747 1786 756 1801 ,
782 1769 826 1794 ne
846 1760 1112 1804 possessionem

53 1815 232 1851 bonorum
245 1826 394 1861 operum
415 1827 458 1852 ac
468 1823 575 1853 rectae
592 1818 674 1853 vitae
686 1819 824 1864 perdat,
843 1819 872 1855 si
893 1829 1032 1865 pagano
1050 1824 1112 1854 aut

54 1877 224 1913 haeretico
263 1888 301 1913 se
323 1878 497 1923 junxerit.
526 1879 728 1914 Secundum
756 1880 989 1926 tropologiam
1011 1890 1110 1923 vero,

54 1938 210 1981 mulieri,
238 1939 306 1974 hoc
324 1945 379 1975 est
399 1948 497 1984 purae
527 1941 731 1983 intentioni,
767 1951 832 1986 per
851 1942 980 1977 bonam
998 1942 1109 1978 actio-

56 2009 138 2034 nem
159 2000 215 2034 cui
235 2000 399 2043 voluerit,
422 2001 504 2036 licet
519 2011 557 2036 se
573 2001 791 2048 conjungere
811 2003 949 2046 labori,
973 2009 1113 2038 tantum

55 2059 280 2104 utpietatem
302 2065 338 2095 et
366 2060 575 2105 religionem
611 2061 855 2098 Christianam
876 2065 912 2098 in
945 2065 1113 2100 omnibus

56 2125 258 2162 conservet,
287 2130 332 2156 ne
350 2122 471 2166 operis
487 2121 540 2156 sui
553 2148 562 2164 ,
587 2131 653 2167 pro
673 2132 746 2168 quo
761 2129 905 2159 aeternae
920 2124 1113 2159 ᾕρει-θώω-
1135 2109 1164 2150 C

57 2179 102 2215 tis
129 2190 275 2226 sperare
304 2182 425 2216 debuit
458 2183 734 2227 possessionem,
773 2185 1029 2221 detrimentum
1050 2198 1113 2232 pa-

58 2238 183 2282 tiatur,
212 2240 241 2274 si
262 2240 393 2284 alieno,
433 2242 499 2277 hoc
520 2248 588 2286 cst,
624 2245 767 2288 errori,
800 2256 838 2281 se
870 2246 1112 2292 conjunxerit.

58 2298 299 2346 Feceruntque
319 2302 403 2346 silice
421 2302 601 2348 Salphaad
618 2311 655 2338 ut
677 2306 741 2340 sibi
760 2307 875 2350 suerat
891 2308 1113 2354 imperatum.

57 2359 104 2395 Et
125 2369 314 2406 nupserunt
334 2363 469 2406 Maelo,
499 2371 530 2399 et
551 2365 692 2409 Thersa,
718 2373 749 2402 et
776 2367 889 2414 Ileqla
906 2376 936 2403 et
966 2369 1116 2414 Metella,

60 2425 93 2455 et
109 2421 205 2464 Noa,
231 2422 315 2466 filiis
334 2425 452 2469 patrui
467 2426 536 2468 sui,
566 2427 607 2462 de
626 2428 761 2472 subtilia
780 2428 957 2473 Μαηιιεεε,
974 2430 1032 2476 qui
1053 2430 1118 2475 suit

58 2482 155 2527 filius
173 2483 301 2530 Ioseph
321 2494 332 2518 .·
363 2493 394 2521 et
413 2489 582 2533 possessio
608 2500 685 2534 quse
717 2490 787 2526 iltis
806 2491 920 2536 fuerat
940 2492 1122 2535 attributa,

1184 1275 1351 1323 gentibus
1369 1276 1530 1312 credenti
1546 1286 1584 1311 se
1600 1274 1772 1320 junxerit,
1791 1281 1830 1310 ut
1846 1275 1923 1320 ejus
1940 1276 2148 1321 magisterio
2165 1286 2247 1311 eon-

1178 1336 1340 1382 junctus,
1375 1338 1466 1373 filios
1484 1338 1640 1383 gignere,
1668 1338 1736 1372 hoc
1751 1342 1819 1379 est,
1851 1347 1960 1382 opera
1980 1338 2126 1382 pietatis
2144 1337 2245 1373 exhi-

1183 1401 1282 1443 bere,
1303 1401 1431 1446 possit.
1458 1400 1610 1436 Nomine
1628 1401 1723 1436 enim
1743 1399 1862 1445 patrui
1883 1399 2149 1445 quodammodo
2166 1409 2246 1434 ceu-

1184 1463 1255 1498 seri
1275 1468 1426 1507 possunt
1458 1463 1624 1498 doctores
1642 1473 1686 1497 ex
1716 1462 1882 1508 gentibus
1903 1461 2007 1497 electi
2026 1488 2036 1504 ,
2067 1461 2152 1506 quia
2172 1460 2244 1496 sra-

1184 1529 1258 1559 tres
1290 1529 1374 1559 sunt
1392 1523 1678 1568 ,praedicatorum
1707 1528 1914 1558 sanctorum
1948 1522 2010 1567 qui
2040 1521 2187 1557 suerunt
2207 1520 2244 1556 in

1182 1584 1305 1621 Judaea
1323 1585 1522 1620 constituti.
1560 1583 1635 1620 Nec
1660 1584 1766 1620 debet
1797 1594 1878 1619 esse
1907 1583 2064 1619 schisma
2083 1582 2120 1617 in
2139 1581 2245 1627 spiri-

1183 1646 1245 1682 tali
1277 1646 1506 1691 cognatione,
1539 1645 1600 1680 ubi
1635 1654 1706 1679 una
1726 1648 1781 1679 est
1799 1643 2007 1685 credulitas,
2041 1642 2123 1677 fidei
2159 1651 2244 1686 pro·

1182 1705 1351 1742 sessione.
1376 1705 1436 1740 Ait
1461 1705 1544 1740 enin
1565 1704 1731 1740 Salvator
1762 1702 1946 1747 discipulis
1965 1701 2124 1736 Matthaei
2151 1700 2244 1746 vige-

1183 1765 1275 1801 simo
1293 1765 1398 1801 tertio
1415 1777 1422 1800 :
1444 1763 1589 1800 Patrem
1605 1763 1710 1800 notite
1728 1762 1822 1798 vobis
1842 1772 1962 1798 vocare
1977 1772 2080 1807 super
2099 1765 2244 1796 terram.

1185 1825 1281 1861 Unus
1311 1832 1362 1861 est
1391 1826 1482 1861 enim
1501 1825 1609 1861 Pater
1629 1830 1738 1860 vester
1762 1824 1821 1870 qut
1845 1824 1882 1858 in
1905 1822 1998 1858 coetis
2017 1827 2080 1857 est.
2116 1819 2244 1855 Omnes

1182 1893 1300 1923 autem
1332 1899 1390 1923 vos
1429 1888 1554 1932 fratres
1590 1887 1683 1923 estis.
1721 1887 1766 1922 Et
1798 1885 1912 1921 alibi:
1943 1884 2077 1925 Habeo,
2115 1881 2245 1927 inquit,

1183 1948 1272 1984 alias
1292 1960 1368 1983 oves
1391 1960 1460 1994 qua
1477 1960 1544 1983 non
1564 1954 1643 1982 sunt
1664 1958 1705 1982 ex
1724 1947 1787 1981 hoc
1812 1945 1919 1980 ovili:
1947 1951 1977 1978 et
2003 1943 2083 1977 illus
2114 1947 2248 1987 oportet

1182 2019 1236 2045 nte
1255 2010 1442 2052 adducere,
1463 2015 1494 2044 et
1521 2019 1634 2044 vocem
1666 2018 1778 2042 meam
1804 2006 1973 2046 audient,
1998 2010 2029 2038 et
2056 2003 2114 2047 fiet
2138 2011 2246 2036 unum

1186 2070 1275 2106 ovile
1296 2079 1326 2106 et
1351 2082 1441 2105 unus
1475 2077 1593 2116 pastor
1614 2068 1734 2115 (Jocm.
1755 2066 1806 2113 x).
1844 2066 1974 2110 sieque
1999 2062 2180 2108 possessio
2210 2060 2249 2095 in

1187 2133 1313 2168 eadem
1334 2132 1428 2167 tribu
1447 2131 1605 2175 legitime
1623 2135 1808 2170 servatur,
1827 2133 1911 2162 eum
1931 2123 2050 2159 onmis
2079 2122 2137 2167 pia
2154 2119 2247 2155 actio

1187 2204 1254 2239 pro
1275 2204 1398 2229 amore
1419 2192 1553 2243 Christi
1571 2192 1608 2226 iu
1622 2190 1782 2226 Ecclesia
1805 2187 1981 2224 catholica
2003 2186 2039 2220 in
2064 2183 2249 2220 servitium

1190 2247 1253 2290 Dei
1278 2254 1420 2300 agiliter
1448 2254 1638 2289 exhibetur
1660 2264 1667 2286 :
1700 2250 1802 2295 cujus
1822 2248 1957 2285 laboris
1978 2247 2059 2282 finis
2073 2250 2127 2281 est
2156 2254 2250 2279 mer-

1191 2324 1250 2350 ces
1270 2320 1458 2360 perpetua‚
1495 2324 1603 2358 quam
1631 2313 1703 2348 suis
1735 2309 1900 2346 fidelibus
1932 2306 2056 2352 largiri
2087 2305 2251 2349 dignetur

1190 2374 1300 2409 Pater
1318 2375 1572 2418 omnipotens,
1603 2383 1666 2419 per
1702 2371 1894 2407 Dominum
1931 2375 2094 2404 nostrum
2128 2364 2250 2400 lesum

1191 2437 1389 2474 Christum.
1410 2436 1538 2472 Amen.

458 2672 841 2744 ERAT!
894 2671 1397 2746 RABANI
1449 2669 1857 2745 nuum!

562 2824 1037 2863 FULDENSIS·ABBATts
1060 2827 1119 2863 ET
1146 2826 1403 2864 MOGUNTINI
1427 2824 1774 2863 AttCtttEPtSCOPI

348 2966 927 3071 martulinis
998 2968 1243 3072 SUPER
1315 2966 1959 3071 DllU'l'llRilNlllllIUlli

782 3161 927 3203 leu
956 3161 1229 3211 QUATUon.
1263 3163 1426 3216 (Anno
1453 3161 1570 3218 831⁵.)

959 3330 1350 3379 PRAEFATIO

629 3436 694 3475 An·
716 3433 1034 3476 FREcuLPnuu
1060 3429 1389 3474 Luxovmusuu
1421 3425 1693 3469 EPISCOPUM.

118 3583 298 3625 vtem
310 3585 525 3626 Fusa-ruo
539 3612 554 3630 ,
565 3585 737 3622 Rnluus
750 3584 904 3631 exiguus
922 3583 958 3620 in
975 3583 1126 3619 Domino
1144 3585 1180 3624 D
1197 3582 1334 3617 sanetae
1359 3574 1535 3613 voluntati
1554 3571 1800 3612 consentiens,
1829 3572 2056 3606 saer-ineat:
2073 3565 2247 3612 spiritall-

125 3707 299 3747 Muto
312 3709 527 3758 igini-,tuis
538 3708 701 3756 parendo
713 3708 917 3756 praecptis,
942 3705 1124 3754 prioribus

77 3765 184 3805 istu-‘⁸
210 3767 334 3813 hab,-
354 3770 557 3807 novimus·
585 3770 635 3807 οὐ
659 3768 982 3806 &autonomi-m
1012 3766 1124 3813 Moysi

79 3825 379 3864 considerandum
402 3828 575 3875 perveni,
595 3832 774 3876 quatenus
801 3828 885 3865 inde
905 3827 1025 3874 aliqua
1055 3833 1125 3864 tuae

1114 3935 1142 3943 .-

1196 3647 1252 3676 ter
1271 3640 1425 3675 rimarer
1450 3641 1558 3681 atque
1577 3634 1613 3669 in
1629 3642 1743 3669 unum
1766 3630 1934 3667 volumen
1953 3627 2128 3673 majorum
2149 3626 2247 3664 dieta

1196 3700 1418 3746 colligerem.
1438 3695 1509 3733 Sed
1527 3694 1611 3740 quia
1631 3693 1668 3729 in
1685 3693 1781 3728 hune
1795 3690 1927 3726 librum
1953 3687 2156 3735 miusphn
2179 3693 2244 3724 ex-

1195 3761 1441 3810 plan-tionem
1468 3756 1614 3805 proprio
1641 3764 1713 3791 non
1734 3751 1875 3795 inveni,
1901 3759 2054 3788 necesse
2079 3747 2189 3786 habui
2206 3752 2248 3784 ut

1196 3821 1367 3871 perfectis
1398 3818 1619 3858 anteriorum
1634 3816 1809 3855 librorum
1831 3810 2129 3860 expositionibus,
2163 3807 2255 3867 inde¹

1150 3941 1154 3944 .
1163 3934 1197 3944 ..ιι
