2540 4016
30 173 36 179 .
64 177 67 179 .
92 180 107 208 4

117 311 414 359 &prophetia
455 309 616 356 Apparet
643 310 775 356 quippe
792 310 862 346 ista
892 311 1097 350 benedictio

59 367 63 370 ⁴
106 381 241 410 mum
250 370 424 418 populum
439 369 636 416 pertinere,
662 381 769 416 quem
795 370 971 408 Dominus
993 372 1099 410 Chr-i-

110 431 390 476 munificavit,
409 442 456 469 ex
471 432 574 478 cujus
597 441 755 479 persona
790 433 860 470 ista
898 433 1098 471 dicuntur-a

20 478 49 530 {1
79 520 82 528 Α
102 503 261 543 yse‚uon
273 502 485 540 expersona
498 493 618 539 ipsius
635 493 761 540 Moysi,
777 493 874 539 quod
892 494 930 529 in
946 503 1099 540 sequen-

128 569 135 586 :
158 553 348 591 evidenter
376 558 539 599 apparet.
574 553 667 589 Nam
690 554 722 590 si
753 558 945 599 propterea
961 553 1098 592 dictum

19 621 77 660 ,πῖ
137 626 151 650 ι
173 614 348 651 Dominus
370 624 416 651 ex
434 613 522 650 Sina
540 615 652 658 venit,
675 628 687 650 ι
708 615 791 660 quia
816 615 854 650 in
872 615 1099 652 monte-Sina

18 703 36 723 .‚
72 697 87 705 0
121 676 205 713 data
220 680 288 719 est,
307 675 393 721 quid
414 675 480 712 sibi
494 675 583 719 vult,
606 675 701 721 quod
726 676 889 721 sequitur
906 688 914 711 :
954 687 966 709 ι
987 675 1033 711 Et
1049 675 1099 711 al-

23 725 135 780 {fixit
149 746 195 773 ex
209 736 289 773 Seir
304 736 420 779 nobis,
441 749 454 770 ι
473 746 553 773 eum
572 735 653 772 Seir
671 746 776 772 mons
788 735 952 772 Idumaeae
966 736 1026 779 sit,
1036 736 1098 772 ubi

23 798 206 844 {agnavit
226 797 343 834 Esau?
360 797 498 834 Deinde
513 797 653 843 Moyses
667 797 763 834 filios
779 797 890 833 Israel
909 797 1098 832 benedicat

28 852 101 900 this
116 859 250 902 verbis,
273 859 366 896 sieut
393 859 578 904 Scriptura
594 859 773 905 praedixit,
807 858 986 903 quomodo
1003 857 1096 893 idem

19 918 144 959 adicit.
182 931 195 953 ‹
217 919 264 955 Et
298 919 437 965 accepit
466 920 510 955 de
531 919 651 955 verbis
685 918 798 964 ipsius
830 917 959 963 legem,
991 927 1096 962 quam

28 978 226 1016 »mandavit
241 979 346 1015 nobis
365 978 517 1024 Moyses.
542 991 556 1012 ›
593 977 770 1012 Nimirum
795 986 881 1021 ergo
910 977 1097 1022 prophetia

40 1045 112 1082 est,
132 1044 174 1074 ut
187 1039 357 1083 diximus,
375 1039 547 1084 populum
573 1049 705 1074 novum
720 1038 854 1074 Christi
879 1039 993 1084 gratia
1017 1049 1098 1075 san-

24 1099 240 1140 tntificatum
261 1099 523 1145 praenuntians,
561 1099 641 1135 ideo
664 1099 731 1135 sub
766 1099 913 1135 nomine
942 1100 1097 1135 filiorum

26 1221 304 1268 'promissioniffi
326 1226 363 1257 et
388 1221 639 1267 interpretatio
652 1219 729 1266 ejus
742 1226 810 1265 est,
831 1222 956 1257 videns
971 1222 1095 1257 Deum.

24 1283 215 1321 {Dominus
234 1294 332 1331 ergo,
360 1284 443 1330 quia
467 1294 510 1320 ex
533 1283 619 1319 Sina
639 1285 750 1328 venit,
777 1285 942 1321 Christus
970 1286 1099 1321 intelli-

20 1347 180 1394 ffiendus
210 1351 269 1383 est
291 1374 301 1390 ,
331 1347 503 1393 quoniam
522 1346 607 1382 Sina
646 1347 903 1393 interpretatur
928 1348 1094 1384 tentatio.

43 1406 151 1443 Venit
172 1416 259 1453 ergo
288 1417 332 1443 ex
353 1406 554 1443 tentatione
576 1407 769 1452 passionis,
805 1407 936 1451 crucis,
958 1408 1095 1443 mortis.

39 1475 57 1500 a
81 1465 126 1501 Et
154 1465 279 1501 alluxit
310 1475 355 1501 ex
382 1466 475 1502 Seir.
500 1479 512 1500 ι»
545 1466 626 1502 Scir
654 1467 912 1513 interpretatur
945 1468 1095 1513 pilosus,

26 1525 135 1570 ·quod
157 1524 335 1570 signifieat
354 1530 591 1570 peccatorem.
623 1525 683 1562 Sic
697 1527 792 1562 enim
812 1532 916 1563 natus
930 1533 985 1563 est
1003 1527 1098 1563 Esau

26 1583 123 1621 :odio
146 1583 305 1621 habitus.
349 1584 420 1621 Sed
450 1586 635 1631 quoniam,
658 1587 718 1632 qui
738 1587 912 1623 sedebant
946 1588 981 1622 in
999 1593 1098 1623 tene-

27 1642 115 1680 bris
134 1648 170 1679 et
186 1643 222 1679 in
241 1645 367 1680 umbra
385 1646 525 1689 mortis,
543 1645 604 1681 lux
622 1652 701 1682 orta
721 1652 776 1683 est
790 1647 858 1690 eis,
874 1648 955 1683 ideo
973 1647 1098 1684 alluxit

41 1715 87 1741 ex
112 1704 204 1742 Seir.
246 1705 362 1743 Simul
381 1708 490 1743 etiam
514 1719 585 1744 non
606 1708 760 1745 absurde
783 1709 992 1755 intelligitur
1017 1719 1097 1747 esse

37 1766 253 1812 praedictum
273 1776 318 1802 ex
332 1768 514 1814 gentibus,
527 1779 606 1815 quse
623 1769 871 1816 significantur
886 1780 951 1816 per
966 1780 1097 1806 nomen

38 1823 137 1868 Scir,
154 1825 239 1870 quia
254 1828 618 1873 monsestpertinens
636 1829 679 1864 ad
699 1828 805 1871 Esau,
817 1833 1004 1863 venturam
1016 1838 1098 1874 gra-

41 1883 129 1920 tiam
157 1884 293 1924 Christi
316 1887 446 1932 popule
474 1888 595 1924 lsrael.
620 1888 721 1925 Unde
753 1889 839 1924 dicit
873 1888 1063 1935 Apostolus
1086 1900 1094 1923 z

43 1954 60 1976 ι
81 1943 132 1979 lta
149 1945 238 1981 ethi
258 1957 353 1983 nunc
367 1959 439 1984 non
458 1949 691 1986 crediderunt
707 1949 744 1984 in
755 1956 874 1985 vestra
892 1950 1097 1985 inisericor-

39 2004 116 2048 dIa,
146 2011 245 2042 utet
277 2007 345 2053 ipsi
364 2009 648 2045 misericordiam
679 2014 958 2054 consequantur.
984 2022 996 2043 ›
1026 2010 1096 2054 ipsi

36 2075 127 2113 ergo
150 2066 287 2111 dicunt,
335 2080 349 2102 ι
367 2068 504 2105 Alluxit
521 2081 565 2106 ex
594 2070 675 2106 Seir
694 2071 811 2113 nobis,
850 2076 885 2107 et
913 2069 1097 2107 festinavit
1115 2060 1144 2102 C

35 2135 87 2164 ex
107 2132 230 2164 monte
263 2127 423 2173 Pharan,
449 2143 461 2164 i
502 2130 538 2166 id
558 2135 626 2174 est,
656 2139 702 2166 ex
721 2135 843 2166 monte
877 2131 1064 2168 fructifero
1087 2145 1095 2167 ε

36 2187 77 2224 id
96 2188 194 2224 enim
214 2189 474 2234 interpretatur
499 2190 658 2235 Pharan,
695 2191 791 2237 quod
822 2190 1003 2237 signifieat
1032 2192 1099 2228 Ec-

35 2251 164 2287 clesia.
203 2250 294 2288 Cum
312 2251 434 2288 multis
469 2252 625 2289 millibus
642 2253 770 2289 Cades.
812 2253 857 2288 Et
885 2259 1022 2289 mutata
1039 2254 1098 2289 in-

35 2316 261 2358 terpretatur
277 2312 392 2351 Gades
410 2318 446 2350 et
477 2314 694 2351 sanctitudo.
749 2314 883 2350 Mutata
914 2319 997 2350 sunt
1014 2324 1100 2361 ergo

39 2373 154 2414 multa
169 2373 282 2411 millia
302 2381 339 2411 et
355 2375 578 2413 sanctificata
596 2384 660 2422 per
679 2375 846 2422 gratiam,
868 2386 950 2412 cum
971 2376 1100 2422 quibus

42 2435 141 2472 venit
159 2435 327 2474 Christus
343 2437 389 2474 ad
406 2437 586 2474 Israelitas
613 2443 740 2484 postea
760 2437 992 2484 colligendos.
1033 2437 1099 2475 Se-

0 2503 2 2526 f
39 2496 166 2542 quitur
181 2502 219 2534 et
233 2497 342 2534 dicit:
366 2510 379 2532 ‹
392 2498 447 2534 Ad
464 2499 652 2535 >dexteram
663 2499 740 2545 ejus
761 2499 876 2544 angeli
896 2509 977 2534 eum
993 2509 1059 2534 eo:
1082 2512 1094 2533 ι

41 2557 191 2595 hocnon
202 2559 339 2606 indiget
353 2560 589 2606 expositione.
616 2573 627 2594 ‹
643 2560 686 2595 Et
698 2560 872 2605 pepercit,
897 2560 1099 2605 inquit,po-

36 2619 124 2665 ,pulo
143 2631 222 2663 suo,
240 2633 251 2654 ι
275 2620 412 2656 donans
427 2620 676 2656 remissionem
695 2624 935 2665 peccatorum.
955 2619 1038 2655 lude
1056 2620 1099 2655 ad

40 2680 161 2726 ipsum
175 2681 356 2718 convertit
373 2690 592 2723 sermonem,
606 2685 642 2716 et
660 2680 710 2715 ait
730 2692 742 2713 ι
763 2679 807 2715 Et
825 2691 951 2716 omnes
969 2679 1100 2715 saneti-

36 2739 140 2778 ficati
159 2741 226 2778 sub
243 2751 370 2779 manus
381 2746 471 2783 tuas,
486 2746 523 2777 et
541 2740 578 2776 hi
593 2741 659 2776 sub
679 2746 713 2776 te
723 2745 821 2775 sunt.
841 2752 855 2775 ι
883 2739 960 2775 Non
976 2739 1098 2785 utique

38 2801 292 2848 superbientes
310 2806 347 2839 et
366 2812 470 2838 suam
487 2801 664 2848 justitiam
684 2800 844 2837 volentes
864 2801 1096 2843 constituere,

39 2868 278 2910 agnoscentes
308 2863 474 2910 gratiam,
510 2867 546 2898 et
568 2861 717 2907 justitiae
749 2861 812 2897 Dei
845 2860 1095 2907 subjiciuntur.

46 2935 60 2957 ι
82 2923 128 2960 Et
143 2923 299 2970 ,accepim
332 2923 472 2970 inquit,
499 2923 543 2958 de
563 2923 682 2959 verbis
711 2922 788 2968 ejus
814 2936 826 2956 »
850 2931 860 2957 τ
881 2923 1018 2967 accepit
1049 2921 1097 2957 le-

38 2994 124 3034 gem
144 2993 253 3032 quam
268 2983 467 3027 mandavit,
488 2983 619 3029 inquit,
640 2982 742 3018 nobis
773 2982 925 3028 Moyses,
957 2983 1025 3019 hoc
1043 2988 1098 3018 est

38 3046 195 3095 populus
215 3045 307 3092 ejus.
327 3046 380 3083 De
397 3044 516 3081 verbis
535 3042 611 3088 ejus
636 3042 775 3088 aceepit
794 3042 923 3089 legem,
946 3042 1028 3087 quia
1052 3043 1096 3078 de

38 3106 208 3148 doctrina
220 3105 298 3153 ejus
313 3105 567 3143 intellexerunt
580 3104 695 3150 legem
714 3113 843 3147 meam,
860 3103 976 3148 ipsam
989 3112 1085 3147 quau

32 3167 228 3209 mandavit
255 3167 360 3210 nobis
385 3166 539 3214 Moy-ses.
562 3166 640 3212 lpse
662 3174 804 3210 quoque
835 3163 886 3199 ait
917 3163 954 3198 in
983 3162 1083 3199 Evan

11 3266 14 3267 γ
30 3229 138 3280 aelio
153 3242 167 3267 ;
197 3242 211 3266 ι
233 3228 279 3268 si
296 3229 491 3267 crederetis
510 3227 636 3275 Moysi,
657 3226 854 3264 crederetis
872 3230 910 3262 et
925 3225 1033 3268 mihi;
1053 3224 1096 3260 de

32 3299 104 3340 m
132 3289 232 3333 Μή
256 3290 320 3330 ille
337 3289 487 3337 scripsit
507 3290 630 3338 (loun.
652 3288 689 3335 v)
711 3302 722 3323 ι
745 3287 824 3325 Non
842 3287 939 3324 enim
959 3285 1097 3332 aceepit

10 3345 161 3400 Mem
181 3350 250 3393 iile
277 3351 445 3398 pontibus,
461 3360 574 3397 <quam
599 3359 670 3390 uon
691 3348 885 3391 intellexit;
918 3347 983 3384 sed
1011 3352 1096 3383 tunc

42 3412 199 3460 impii,
214 3413 364 3460 ⁴11an
385 3411 591 3455 intabuit,
623 3412 669 3448 de
701 3409 822 3447 verbis
851 3408 941 3454 ejus,
971 3416 1098 3444 carens

10 3516 13 3517 ⁷
32 3470 221 3516 uelamine
242 3471 371 3511 veteri.
393 3470 605 3513 ‚Cmversus
622 3470 671 3507 ad
690 3469 896 3511 Dominum,
916 3468 1014 3504 bane
1043 3466 1097 3501 di-

12 3529 97 3584 =ffll
115 3530 366 3572 hereditatam
382 3530 676 3578 maetenni-imis
695 3528 827 3570 Jacob.
854 3535 934 3573 quae
959 3523 1096 3561 intelli-

6 3593 11 3596 “
28 3591 312 3642 ‘UWM
323 3595 488 3634 terrm.
499 3591 570 3633 fiad
579 3589 764 3632 aeoelestis;
786 3597 857 3624 non
874 3583 1093 3630 temporalis,

38 3650 113 3699 ‚sed
124 3655 279 3699 m
297 3663 317 3690 ι
335 3651 385 3690 Et
398 3650 487 3695 erit,
507 3650 643 3697 inquit,
661 3650 707 3698 tin
724 3649 855 3686 dilecto
874 3646 1052 3693 princeps
1076 3655 1090 3678 ι

46 3711 128 3762 1958
145 3710 332 3761 Ιῖῐψρη
349 3711 481 3752 dileat)
493 3710 634 3758 populo
648 3710 720 3746 erit
742 3709 908 3755 princeps
925 3705 1096 3743 Dominus

8 3769 173 3863 μωυι
192 3771 425 3822 mua
445 3769 679 3821 ⁸pt'flwipibtttt
691 3767 925 3824 populeum.
956 3765 992 3805 id
1025 3770 1093 3808 ost,

531 172 803 210 mfflsslo
825 173 979 212 surm
999 177 1416 219 mrmottofflmt.
1443 203 1491 212 —-
1513 184 1598 222 mn.
1618 183 1683 226 W.
2128 201 2200 239 ως)

51 249 444 300 wib-nummu!
464 249 578 285 trihus
591 247 714 285 lsrael.
745 262 758 283 ι
785 248 863 285 Non
880 250 1093 298 negligenda
1107 254 1147 295 A
1160 255 1323 300 gentium
1353 257 1459 293 simul
1487 269 1580 295 cum
1595 262 1765 299 *tribubus
1782 263 1910 310 isaei,
1936 278 1978 308 ut
2007 274 2200 322 tumtu-

1163 317 1258 361 quod
1281 327 1392 364 supra
1407 318 1545 356 dietum
1565 325 1621 356 est
1645 333 1654 356 ε
1681 332 1702 355 ‹-
1717 322 2069 378 Laetamini,3onmg‚
2097 337 2202 375 ml

1161 383 1246 411 eum
1268 377 1405 423 populo
1422 377 1513 423 ejus.
1539 392 1553 414 ι
1585 378 1676 423 Quia
1694 380 1841 418 eaeoitas
1856 391 1902 418 ex
1922 390 2024 428 parte
2038 389 2077 427 ᾗ,
2094 391 2202 433 13„ss

1162 434 1258 471 facta
1285 442 1353 480 est,
1374 437 1488 474 donec
1515 438 1699 484 ptenitudo
1727 440 1886 486 gentiam
1902 441 2078 490 intraret,
2096 453 2203 490 aaa

1165 495 1284 531 omnis
1311 496 1424 533 lsrael
1452 498 1577 534 salvus
1606 497 1710 534 fleret
1729 509 1737 532 ε
1756 510 1775 532 Ἰ-ι
1796 499 1901 535 Vivat
1917 500 2046 539 Ruben
2074 504 2110 541 et
2135 517 2205 546 non

1162 556 1354 599 moriatur,
1387 561 1424 592 et
1453 557 1502 592 sit
1522 567 1657 602 parvus
1682 558 1717 593 in
1743 568 1906 595 numero.
1947 573 1960 595 ι
1992 562 2208 603 Praecedenti

1164 624 1331 652 sermone
1350 615 1502 652 salutem
1515 617 1706 662 primitivae
1722 618 1903 663 Ecclesiae,
1923 630 2003 666 quoe
2019 632 2063 658 ex
2076 622 2209 662 Judaeis

1167 676 1283 713 electa
1303 683 1369 720 est,
1396 678 1601 724 specialiter
1624 679 1923 725 prophetavemt;
1946 690 2041 718 nunc
2064 683 2211 730 singulis

1165 738 1331 774 tribubus
1367 739 1533 784 proprias
1573 740 1840 777 benedictiones
1873 741 2035 779 tribuens
2052 770 2062 787 ‚
2106 755 2211 782 veros

1163 796 1346 833 Israelitas
1378 807 1422 833 ex
1455 803 1608 843 utroque
1627 798 1757 844 populo
1777 799 1938 846 designat
1963 812 1972 836 :
1994 806 2031 837 et
2051 812 2152 839 vnunc
2169 805 2213 840 dc

1165 856 1322 901 Christe,
1342 868 1437 894 nune
1455 858 1499 894 de
1515 858 1697 903 apostolis,
1720 869 1815 894 nune
1831 859 1874 895 de
1887 861 2070 905 primitiva
2089 863 2213 899 Eccle-

1164 917 1218 953 sia
1237 928 1281 954 ex
1301 917 1446 962 Judaeis,
1466 929 1561 955 nune
1579 919 1795 965 generaliter
1814 921 1858 956 de
1872 927 2000 957 cuneta
2019 923 2125 959 simul
2139 925 2213 961 Ἐο-

1165 977 1274 1013 elesia
1306 979 1533 1014 vaticinatur.
1564 979 1667 1022 Quod
1696 985 1816 1016 autem
1840 982 1989 1026 populus
2016 982 2211 1020 electorum

1165 1047 1210 1072 ex
1231 1038 1418 1074 duodecim
1438 1039 1660 1084 spiritalibus
1687 1045 1826 1075 constet
1850 1042 2027 1084 tribubus,
2056 1043 2211 1080 ,ioannes

1167 1097 1317 1133 dilectus
1348 1099 1489 1134 Domini
1519 1099 1554 1133 in
1586 1099 1737 1144 mystica
1765 1098 1978 1146 Apocalypsi
2010 1102 2208 1138 describit:

27 1159 167 1204 tlsrael,
186 1160 271 1206 quia
289 1170 413 1196 semen
440 1165 496 1195 est
508 1158 707 1203 Abraham,
738 1160 808 1196 hoc
829 1166 897 1202 est,
916 1160 979 1195 filii
1016 1166 1099 1196 sunt
1115 1148 1148 1187 Β
1171 1169 1183 1190 ‹
1207 1157 1323 1200 Vivat,
1350 1158 1478 1203 inquit,
1499 1158 1639 1200 Ruben,
1661 1163 1697 1193 et
1727 1168 1798 1193 non
1825 1159 2013 1195 moriatur.
2038 1173 2050 1194 »
2082 1161 2209 1198 Ruben

1168 1219 1427 1264 interpretatur
1447 1218 1595 1254 visionis
1615 1218 1708 1254 filius
1721 1245 1730 1261 ‚
1757 1219 1897 1254 dicente
1914 1224 2052 1255 matre:
2076 1231 2088 1253 ι
2118 1221 2214 1257 Vidit

1167 1278 1261 1314 Deus
1289 1279 1526 1315 humilitatem
1552 1289 1683 1314 meam.
1708 1292 1721 1314 ι
1742 1279 1786 1315 Et
1803 1285 1858 1315 est
1876 1280 2134 1326 primogenitus
2150 1291 2213 1327 pa-

1168 1339 1334 1374 triarchae
1354 1339 1476 1375 Jacob.
1511 1339 1695 1386 Significat
1725 1340 1844 1385 itaque
1864 1340 2018 1376 electum
2042 1342 2212 1387 populum

1166 1408 1209 1434 ex
1228 1400 1372 1442 balteis,
1390 1401 1447 1436 cui
1465 1401 1585 1435 divina
1603 1401 1787 1437 miseratio
1803 1402 1952 1437 eontulit
1967 1403 2082 1448 utqui
2101 1404 2213 1439 Deum

1165 1460 1328 1504 negando
1355 1465 1390 1495 et
1412 1460 1650 1505 crucifigendo
1677 1466 1819 1496 aeternae
1839 1463 1945 1497 morti
1971 1463 2129 1508 seipsum
2150 1463 2212 1498 ad-

1166 1520 1326 1563 dixerat,
1358 1528 1594 1567 compunctus
1624 1523 1668 1558 ad
1690 1523 1982 1569 praedicationem
2009 1530 2212 1561 sanctorum

1166 1585 1424 1629 apostolorum,
1457 1585 1591 1620 erroris
1623 1585 1678 1620 sui
1711 1585 1959 1631 poenitentiam
1989 1592 2111 1633 ageret
2141 1598 2150 1622 ι
2175 1591 2212 1622 et

1165 1647 1314 1682 eredens
1336 1647 1371 1681 in
1392 1645 1576 1682 Christum
1601 1656 1646 1682 ex
1674 1645 1743 1681 fide
1767 1647 1916 1690 viveret,
1937 1646 1996 1692 qui
2030 1647 2109 1692 ipsa
2138 1646 2211 1692 iam

1165 1706 1374 1742 infidelitate
1389 1711 1551 1742 mortuus
1565 1711 1656 1742 erat.
1682 1704 1782 1742 Unde
1800 1710 1835 1741 et
1848 1705 1995 1741 visionis
2010 1705 2102 1741 iilius
2116 1711 2213 1740 reete

1166 1765 1311 1809 dicitur,
1334 1766 1415 1811 quia
1435 1771 1600 1812 respectu
1619 1765 1874 1802 misericordiae
1893 1766 2020 1801 divinae
2041 1764 2210 1801 salvatur.

1166 1826 1215 1862 De
1246 1836 1317 1872 qua
1342 1826 1533 1862 Psalmista
1563 1830 1714 1862 exorat:
1741 1838 1753 1859 ι
1790 1825 1878 1862 Vide
1903 1825 2141 1861 humilitatem
2175 1830 2213 1862 et

1164 1885 1327 1921 laborem
1342 1896 1473 1927 meum,
1496 1891 1534 1922 et
1547 1886 1685 1922 dimitte
1698 1886 1817 1921 onmia
1835 1891 1980 1930 peccata
1996 1895 2075 1921 mea
2095 1883 2209 1932 (Psal.

1166 1947 1270 1993 xm).
1291 1946 1335 1982 Et
1361 1947 1405 1982 ad
1425 1947 1615 1982 Ezechiam
1636 1948 1806 1983 Dominus
1828 1947 1985 1993 loquitur
2009 1958 2017 1982 t
2047 1958 2060 1980 ‹
2083 1945 2212 1982 Audivi

1165 2009 1366 2045 orationem
1392 2014 1502 2051 tuam,
1528 2009 1602 2045 vidi
1633 2009 1811 2055 lacrymas
1838 2014 1931 2044 tuas.
1959 2021 1972 2042 ι
1999 2008 2065 2044 Hic
2093 2013 2211 2043 autem

1165 2070 1329 2117 populus,
1349 2075 1521 2115 quantum
1538 2069 1581 2105 ad
1597 2069 1902 2114 comparationem
1919 2067 2112 2103 infidelium
2128 2076 2213 2113 gen-

1166 2131 1212 2166 tis
1235 2141 1329 2174 suae,
1351 2130 1491 2166 exstitit
1515 2139 1648 2175 parvus
1664 2139 1824 2170 numero,
1848 2132 1989 2163 tantum
2008 2127 2077 2162 lide
2098 2126 2212 2161 maxi-

1166 2202 1246 2228 mus
1272 2197 1307 2227 et
1330 2191 1507 2236 gloriosus
1535 2190 1613 2225 fuit.
1643 2189 1745 2233 Quod
1771 2190 1949 2235 Propheta
1976 2198 2048 2224 non
2069 2186 2214 2222 maledi-

1166 2253 1281 2289 centis
1300 2258 1396 2295 voto,
1413 2250 1476 2288 sed
1493 2250 1649 2286 suturam
1662 2250 1781 2296 populi
1796 2250 1891 2285 illius
1904 2249 2101 2286 caecitatein
2122 2257 2211 2292 prae-

1165 2314 1304 2355 videns,
1324 2323 1405 2347 eum
1419 2312 1598 2348 sententia
1615 2311 1723 2346 divini
1739 2310 1865 2356 Judieii
1882 2308 2043 2355 praedicit
2064 2316 2074 2341 ε
2097 2318 2109 2340 ‹
2130 2306 2212 2342 Haee

1165 2378 1221 2409 est
1239 2371 1339 2408 Judae
1358 2371 1575 2407 benedictio.
1595 2370 1700 2412 Audi,
1723 2370 1886 2410 Domine,
1907 2375 2031 2402 vocem
2046 2363 2159 2406 Judae,
2173 2369 2210 2399 et

1166 2434 1212 2470 ad
1239 2432 1407 2478 populum
1426 2441 1528 2466 suum
1549 2430 1711 2466 introduc
1736 2437 1830 2464 eum.
1855 2440 1867 2460 »
1889 2426 1957 2461 Per
1983 2424 2123 2467 sudam,
2149 2422 2210 2468 qui

1165 2494 1423 2537 interpretatur
1440 2490 1632 2533 consessio,
1647 2487 1860 2524 universalis
1873 2484 2032 2521 Ecclesia
2049 2483 2211 2529 designa-

1167 2559 1238 2596 tur,
1260 2553 1294 2587 in
1326 2562 1397 2597 qua
1416 2561 1511 2586 verae
1542 2550 1623 2585 fidei
1646 2555 1684 2586 et
1702 2549 1816 2584 laudis
1847 2547 1910 2583 Dei
1943 2543 2120 2581 consessio
2139 2548 2207 2579 est.

1166 2613 1351 2651 Confessio
1381 2611 1476 2647 enim
1496 2610 1554 2646 hie
1574 2619 1639 2656 pro
1667 2609 1771 2644 laude
1796 2613 1832 2644 et
1852 2606 2047 2653 gratiarum
2068 2604 2210 2640 actione

1165 2675 1351 2720 accipitur,
1379 2673 1519 2709 dicente
1542 2678 1683 2707 matre:
1705 2683 1717 2703 ‹
1743 2669 1846 2705 Medo
1872 2666 2069 2704 confitebor
2091 2665 2208 2701 Domi-

1164 2746 1224 2772 ιιο.
1247 2749 1259 2769 2
1277 2734 1338 2769 llla
1356 2744 1442 2780 ergo
1459 2739 1513 2769 est
1528 2742 1611 2767 vera
1630 2730 1762 2767 Christi
1776 2738 1905 2775 sponsa
1923 2736 2002 2772 quae
2012 2725 2055 2761 de
2069 2723 2208 2760 eunetis

1164 2797 1357 2833 virtutihus
1376 2795 1506 2841 quihus
1521 2794 1716 2829 adornatur
1733 2791 1770 2826 in
1789 2789 1954 2826 omnibus
1966 2814 1975 2830 ,
1998 2796 2069 2822 non
2090 2795 2128 2822 se
2147 2795 2212 2820 ex-

1165 2858 1271 2899 tollit,
1298 2856 1360 2892 scd
1381 2864 1512 2901 sponso
1528 2863 1592 2890 suo
1609 2852 1733 2888 laudes
1753 2855 1789 2886 et
1805 2850 1939 2896 gratias
1959 2847 2042 2893 agit.
2057 2845 2127 2881 Pro
2142 2845 2212 2880 hac

1166 2917 1344 2963 Propheta
1364 2921 1489 2950 exorat
1505 2920 1544 2949 ut
1563 2924 1633 2950 vox
1652 2911 1736 2948 fidei
1753 2915 1789 2946 et
1806 2909 1921 2946 sancti
1945 2905 2113 2943 desiderii
2133 2903 2211 2948 eius

1167 2989 1187 3014 a
1207 2978 1358 3014 Domino
1378 2976 1611 3016 exaudiatur;
1634 2974 1678 3009 de
1690 2981 1759 3017 qna
1781 2970 1866 3006 alibi
1882 2968 2006 3004 eadem
2022 2965 2180 3010 loquitur
2199 2974 2207 2997 ε

1169 3051 1183 3073 ‹
1212 3038 1308 3074 Voce
1334 3047 1416 3073 inea
1442 3036 1487 3071 ad
1517 3034 1706 3070 Dominum
1725 3029 1877 3067 clamavi
1895 3034 1930 3065 et
1947 3025 2130 3063 exaudivit
2154 3033 2211 3058 me

1167 3100 1211 3135 de
1229 3103 1349 3134 monte
1373 3103 1499 3133 saneto
1530 3106 1595 3133 suo
1615 3094 1730 3142 (Psat.
1758 3094 1827 3139 ιιι).
1852 3103 1867 3126 ο
1887 3091 1931 3126 Et
1947 3094 1992 3124 ut-
2003 3089 2047 3123 ad
2065 3092 2209 3132 aposto-

1165 3158 1239 3194 lum
1258 3168 1362 3194 suum
1378 3159 1404 3201 ,ξ
1418 3157 1454 3192 id
1472 3162 1529 3193 est
1555 3156 1599 3191 ad
1618 3152 1858 3201 patriarchas,
1885 3154 1921 3184 et
1936 3146 2126 3192 prophetas
2143 3168 2151 3184 ‚
2170 3147 2207 3177 et

1166 3218 1347 3265 apostolos
1363 3244 1372 3261 ,
1391 3227 1458 3264 per
1475 3226 1571 3262 -quos
1594 3215 1629 3249 in
1648 3211 1789 3248 Christo
1808 3207 1926 3254 genita
1945 3209 2019 3245 est,
2041 3200 2205 3237 introdu-

1163 3282 1268 3314 catur
1286 3278 1323 3312 in
1335 3286 1488 3323 regnum
1505 3273 1662 3312 eoeleste,
1683 3268 1826 3312 impleto
1844 3266 1911 3300 hoe
1928 3261 2022 3307 quod
2031 3260 2072 3295 in
2086 3258 2183 3293 ΕΜ
2200 3280 2204 3284 «

1164 3339 1257 3385 gelio
1269 3338 1481 3384 praedictum
1497 3338 1552 3369 est
1573 3343 1582 3365 :
1602 3342 1617 3364 ‹
1640 3327 1812 3372 Quoniam
1826 3322 1928 3359 multi
1945 3322 1989 3357 ab
2004 3319 2150 3356 Oriente
2160 3322 2204 3353 et

1159 3399 1210 3436 ·ab
1229 3396 1422 3435 Occidente
1438 3391 1595 3432 venient,
1615 3393 1652 3423 et
1669 3384 1877 3422 recumbent
1903 3390 1984 3417 eum
2002 3378 2198 3420 Abraham,

1159 3458 1263 3495 Isaac
1281 3461 1317 3492 et
1332 3453 1443 3489 Jacob
1458 3451 1494 3486 in
1515 3458 1624 3494 regno
1643 3444 1819 3482 emiorum
1837 3439 1978 3489 (Mutila.
1999 3436 2096 3485 vm).
2116 3448 2131 3471 »
2148 3435 2201 3471 ·De

1164 3520 1231 3554 bac
1258 3512 1520 3552 introductione
1549 3506 1646 3544 fideli
1671 3513 1776 3542 servo
1804 3501 1941 3539 dieitur
1962 3511 1974 3536 ς
2000 3510 2020 3534 ι
2046 3497 2147 3536 lntn
2163 3505 2201 3533 ιιι

1158 3576 1330 3626 gaudium
1345 3571 1485 3610 Domini
1499 3570 1562 3606 tui.
1587 3581 1599 3604 ι

1211 3647 1225 3670 ‹
1247 3635 1372 3671 Manus
1393 3630 1470 3677 ejus
1493 3628 1701 3676 pugnabunt
1718 3633 1785 3672 pr·
1807 3632 1865 3666 eo,
1891 3619 2088 3666 “adjutor
2104 3615 2200 3655 iilius

1160 3711 1180 3734 vc
1208 3702 1333 3735 contra
1352 3691 1578 3731 adversarios
1596 3687 1674 3734 eius
1686 3687 1767 3723 erit.
1792 3696 1804 3719 ι
1819 3683 1936 3730 Supra
1950 3679 1995 3718 ad
2010 3679 2199 3716 Dominu-

1157 3768 1303 3810 preeem
1330 3755 1495 3799 fuderat,
1524 3760 1620 3791 mne
1638 3748 1709 3798 §poi
1736 3745 1841 3786 ludu
1858 3741 2002 3784 Domini
2025 3738 2199 3780 num
