2540 4016
68 356 222 393 charitas
239 354 428 394 multorum
440 353 583 402 (Matth.
602 353 716 401 xxiv),
734 363 806 391 non
820 362 1033 405 paucorum.
1053 352 1126 388 Sed

69 418 102 455 in
124 428 208 454 arca
225 427 305 467 quae
322 428 342 454 a
360 416 435 454 Noe
451 421 660 454 constructa
677 420 734 453 est
745 443 755 463 ‚
774 415 838 455 ubi
854 425 1036 453 mensurae
1053 425 1127 452 coe-

68 481 154 518 titus
172 482 306 519 dantur
329 481 366 517 in
393 479 624 517 inferioribus
649 483 897 522 trecentorum
923 477 1125 514 cubitorum

68 542 215 589 ponitur
250 542 436 588 longitudo
450 569 460 586 ,
493 546 531 578 et
563 540 827 588 quinquaginta
858 540 1024 582 latitudo.
1058 539 1126 576 Ubi

68 612 155 638 vero
184 607 304 639 textus
323 599 400 646 ejus
428 602 473 639 ad
491 602 620 645 altiora
642 601 852 648 consurgit,
878 601 916 644 in
934 605 1127 647 angustum

69 663 227 709 cogitur,
250 666 286 698 et
313 672 512 707 paucorum
536 664 745 706 cubitorum
774 663 1006 702 conclusione
1030 661 1129 699 colli·

0 768 2 770 v
68 723 180 770 gitur,
201 723 252 759 ita
278 728 320 758 ut
344 724 536 760 summitas
563 725 642 771 ejus
659 725 696 763 in
713 725 821 760 unius
839 724 951 766 cubiti
970 723 1128 769 spatium

69 790 355 825 consummetur.
381 785 579 832 Propterea
603 787 700 833 quod
726 787 763 824 in
789 785 1021 827 inferioribus
1049 786 1128 830 qui-

70 846 151 888 dem
169 846 231 883 ubi
249 846 322 889 iata
342 853 378 883 et
396 849 556 895 spatiosa
576 850 805 891 habebantur
819 848 913 890 loca,
931 845 988 886 vel
1004 846 1128 883 bestiae

68 908 127 945 vel
143 909 300 954 pecudes
314 915 420 953 erant
436 910 583 955 locatum
603 912 639 949 in
657 909 902 957 superioribus
918 918 1005 946 vero
1022 919 1125 953 aves;

70 969 106 1006 in
123 971 275 1014 summis
294 977 412 1013 autem
424 1000 433 1014 ,
451 982 532 1018 quae
549 972 758 1018 angustiora
776 976 814 1010 et
830 969 989 1010 arctiora
1006 974 1126 1013 erant,

69 1029 120 1067 ibi
141 1031 250 1068 homo
267 1032 494 1068 rationabilis
511 1032 723 1069 collocatur.
743 1030 823 1076 Ipse
842 1040 926 1067 vero
944 1035 1069 1066 vertex
1092 1030 1127 1066 in

69 1102 179 1131 unum
206 1091 389 1138 colligitur
413 1091 588 1133 cubitum.
614 1091 743 1128 Omnia
762 1091 858 1127 enim
876 1093 920 1130 ad
937 1092 1127 1128 monadem

68 1152 295 1198 rediguntur.
337 1152 423 1196 Quae
469 1157 591 1188 tamen
629 1152 821 1189 Trinitatis
859 1158 1126 1188 sacramentum

493 222 503 230 ⁸
544 205 902 256 natanti-iones
925 209 974 252 m
995 179 1171 254 mentm
1192 181 1506 255 samonum.
1522 212 1575 244 ·-
1597 201 1684 253 tia.
1707 199 1769 258 iii.

46 294 50 306 “
68 297 154 334 item
176 293 212 331 in
231 293 338 332 aliis:
361 291 428 330 Ubi
446 291 701 342 multiplicatur
718 292 886 340 iniquitas
900 317 911 336 ,
932 291 1127 338 refrigescit
1142 292 1180 334 A
1195 291 1280 336 dine
1298 290 1532 341 multiplicari
1553 290 1771 338 haereditas,
1795 294 1834 328 et
1850 291 1992 343 exiguis
2006 296 2077 343 ung
2089 325 2099 343 ‚
2117 300 2244 344 viden.

2171 213 2241 262 ’ττι

1194 359 1275 399 cet.
1302 354 1363 401 qui
1391 354 1501 391 etiam
1528 352 1560 391 si
1584 361 1738 392 numero
1760 352 1866 395 multi
1891 359 1994 399 snat,
2017 357 2100 399 vitaz
2124 365 2247 405 tamen

1194 424 1270 454 suae
1295 415 1510 462 indignitate
1532 418 1569 450 et
1592 412 1734 451 vilitate
1758 412 1880 459 exigui
1902 413 2094 459 habentur,
2118 419 2247 469 exigua

1194 476 1390 516 haereditas
1407 476 1507 522 poni.
1528 473 1602 511 Per
1618 480 1769 519 sortem,
1790 473 1927 520 inquit,
1947 474 2013 510 erit
2038 474 2248 518 haereditatie

1195 534 1409 576 distributio.
1439 535 1517 572 Hoc
1539 534 1683 581 quidem
1707 533 1946 580 praeeipitur„
1960 533 2031 574 Sed
2050 544 2132 572 eum
2146 536 2252 573 venio

1195 597 1243 634 ad
1261 595 1471 645 Scripturas
1484 624 1494 642 ,
1513 596 1620 634 video
1639 596 1758 643 ipsum
1786 595 1932 645 Moysen
1947 622 1957 640 ,
1980 595 2040 634 cui
2063 596 2256 639 mandatur

1195 663 1294 700 sorte
1312 669 1384 697 non
1403 658 1456 694 uti
1475 658 1512 695 in
1538 658 1717 694 divisione
1741 657 1966 698 haereditatis
1990 655 2118 697 Rubcn
2130 683 2140 703 ,
2158 656 2254 700 Gad,

1195 724 1232 756 et
1251 719 1410 757 dimidiae
1427 719 1543 755 tribus
1562 717 1741 757 Manasse.
1764 716 1835 753 Sed
1861 722 1898 754 et
1919 715 2025 763 lesus
2042 715 2140 752 Nave
2156 722 2258 757 extra

1197 786 1334 823 sortem
1355 781 1416 816 dat
1431 780 1683 817 haereditatem
1701 779 1811 817 tribui
1830 777 1950 826 Jndae,
1971 784 2008 820 et
2024 777 2133 817 Caleb
2155 784 2258 814 extra

1196 845 1334 881 sortem
1354 842 1414 877 dat
1432 842 1468 878 in
1488 841 1584 877 tribu
1602 840 1796 887 Ephraim,
1821 846 1858 876 et
1874 840 2032 881 dimidiae
2058 839 2166 881 tribui
2186 839 2260 875 Ma-

1196 912 1318 940 nasse.
1335 902 1375 940 In
1392 903 1535 939 caeteris
1552 913 1631 940 sors
1649 902 1818 945 mittitur.
1838 902 1883 938 Et
1898 902 2016 949 prima
2033 912 2115 940 sors
2131 900 2261 953 Benja-

1196 964 1271 999 min
1287 964 1471 1010 procedit,
1489 968 1526 1006 et
1540 963 1623 1003 inde
1634 962 1710 1008 jam
1727 963 1885 1000 tribuum
1902 963 2139 1010 reliquarum.
2158 962 2261 999 Unde

1194 1030 1283 1068 puto
1310 1025 1406 1069 quod
1433 1029 1469 1060 et
1495 1024 1555 1058 illa
1582 1025 1683 1069 regni
1711 1024 1885 1061 coelorum
1916 1025 2021 1060 beata
2049 1024 2261 1060 haereditate

1196 1089 1302 1118 erunt
1320 1083 1430 1129 aliqui
1443 1110 1452 1126 ‚
1471 1083 1533 1130 qui
1552 1093 1623 1119 non
1640 1083 1786 1119 venient
1804 1083 1849 1119 ad
1867 1088 2022 1127 sortem,
2045 1094 2163 1131 neque
2179 1093 2262 1119 cum

1197 1146 1338 1185 caetcris
1364 1146 1530 1192 quamvis
1560 1146 1633 1187 sint
1659 1146 1775 1182 sancti
1802 1151 2066 1191 numerantur;
2099 1145 2163 1182 sed
2191 1145 2262 1181 erit

68 1211 104 1248 in
127 1222 280 1250 numero
302 1217 550 1254 trecentorum
569 1212 775 1248 cubitorum
791 1213 966 1259 designat.
984 1212 1029 1252 Et
1043 1211 1127 1247 huie
1146 1203 1178 1242 B
1198 1209 1344 1256 egregia
1364 1209 1529 1254 quaedam
1555 1214 1591 1244 et
1613 1208 1748 1245 eximia
1771 1218 1898 1244 eorum
1922 1207 2136 1251 baereditas,
2165 1207 2259 1243 sicut

67 1278 297 1312 sacramento
313 1274 502 1322 proximus
523 1273 670 1320 ponitur
686 1274 808 1317 bomo,
838 1278 878 1308 ut
907 1279 990 1318 pote
1019 1272 1129 1308 ratio-

67 1335 200 1377 nabilis
216 1340 251 1371 et
270 1335 334 1372 Dei
353 1345 480 1381 capax.
501 1335 571 1371 Sed
590 1341 626 1371 et
643 1334 740 1378 inde,
761 1345 840 1380 quae
859 1333 906 1369 sit
926 1333 1128 1369 differentia

69 1395 163 1432 inter
180 1406 314 1442 paucos
333 1401 368 1432 et
385 1396 531 1439 multos,
548 1395 759 1442 colligamus
777 1394 922 1437 indicia.
939 1393 1036 1431 Pone
1053 1403 1129 1434 om-

69 1465 153 1497 nem
169 1456 318 1493 humani
337 1457 478 1502 generis
498 1467 688 1492 numerum
706 1460 744 1491 ct
759 1467 803 1491 ex
820 1455 1000 1490 universis
1017 1454 1132 1500 genti-

69 1516 138 1552 bus
166 1515 259 1562 elige
287 1516 424 1552 fideles.
456 1515 542 1552 Sine
559 1516 668 1552 dubio
685 1517 876 1562 pauciores
898 1521 999 1560 sunt,
1021 1526 1129 1562 quam

73 1582 157 1614 sunt
175 1578 349 1614 universi.
378 1578 467 1614 Tum
486 1578 615 1613 deinde
632 1589 676 1614 ex
693 1578 852 1614 fidelium
870 1588 1021 1614 numero
1040 1577 1130 1624 elige

68 1638 253 1675 meliores.
279 1638 428 1676 Certum
454 1645 510 1675 est
534 1641 629 1687 qnod
653 1640 765 1675 multo
789 1639 941 1675 inferior
958 1649 1132 1675 mnnerus

70 1700 284 1736 remanebit.
323 1700 367 1735 Et
401 1701 486 1736 item
519 1711 561 1736 ex
594 1701 682 1746 ipsis
712 1712 802 1747 quos
836 1700 1010 1747 elegeris,
1040 1700 1130 1746 elige

68 1771 212 1796 rursum
231 1761 480 1807 perfectiores.
501 1761 669 1798 Profecto
692 1762 871 1808 reperies,
894 1766 1029 1807 quanto
1055 1771 1131 1796 am-

68 1821 163 1867 plius
183 1821 348 1867 eligendo
367 1822 589 1867 processeris
602 1850 610 1865 ,
633 1827 735 1857 tanto
755 1822 904 1867 exiguos
928 1826 965 1856 et
989 1820 1131 1867 paucis-

69 1882 182 1918 simos
213 1881 397 1926 invenies,
427 1892 613 1928 usquequo
642 1882 770 1918 ultimo
796 1882 920 1921 venias
951 1882 995 1917 ad
1021 1892 1131 1917 unum

70 1942 226 1988 aliquem
254 1943 315 1989 qui
342 1943 568 1984 confidenter
592 1943 717 1978 dicat:
741 1943 823 1988 quia
850 1942 1000 1990 aniplius
1025 1954 1130 1989 quam

70 2014 189 2039 omnes
209 2002 262 2038 illi
282 2003 439 2038 laboravi
461 2003 503 2050 (Ι
522 2003 603 2039 Cor.
626 2002 705 2050 xv).
738 2003 781 2038 Hi
810 2014 895 2050 ergo
916 2004 977 2048 qui
1003 2004 1038 2041 in
1063 2004 1131 2039 hoc

69 2064 203 2099 mundo
220 2063 342 2110 plures
362 2068 464 2107 sunt,
483 2063 562 2109 plus
581 2068 689 2098 terrae
707 2068 743 2098 et
759 2062 840 2114 plus
860 2073 1042 2108 corporeae
1058 2063 1132 2098 bae-

69 2123 235 2159 reditatis
252 2122 445 2169 accipient.
475 2122 585 2158 Pauci
605 2128 726 2161 autem
744 2122 914 2167 exiguum
933 2122 1068 2168 aliquid
1087 2123 1129 2158 de
1149 2116 1178 2157 C

71 2190 168 2220 terra
197 2190 480 2230 consequentur,
512 2185 595 2230 quia
627 2184 709 2230 plus
738 2185 773 2220 in
803 2184 955 2220 Domino
981 2184 1127 2220 babent.

69 2245 140 2282 Alii
161 2252 282 2282 autem
299 2245 391 2281 nibil
413 2246 560 2282 omnino
579 2251 684 2282 terrae
708 2246 908 2292 accipient,
928 2246 958 2282 si
984 2246 1046 2292 qui
1074 2246 1130 2282 di-

69 2307 131 2355 gni
148 2306 284 2344 suerint
303 2307 513 2343 sacerdotes
531 2316 611 2346 esse
627 2311 664 2342 et
680 2306 885 2344 ministerio
899 2306 976 2341 Dei.
994 2305 1131 2341 llorum

69 2368 168 2405 enim
184 2378 230 2403 ex
246 2368 386 2414 integro
404 2368 481 2413 ipse
495 2367 670 2403 Dominus
684 2367 877 2404 haereditas
893 2367 974 2403 erit.
993 2366 1037 2401 Et
1051 2366 1132 2412 quis

70 2429 121 2467 ita
147 2431 273 2467 beatus
291 2435 367 2475 est,
387 2436 427 2465 ut
446 2430 542 2466 inter
557 2439 693 2482 paucos
717 2430 887 2476 exiguum
908 2434 1013 2464 terrae
1037 2427 1132 2464 acei-

70 2492 169 2538 piat,
188 2493 244 2528 vel
263 2493 357 2528 inter
375 2493 510 2529 electos
527 2493 738 2529 sacerdotes
757 2499 792 2528 et
810 2492 998 2528 ministros
1015 2491 1131 2526 solum

70 2553 183 2588 Deum
201 2563 330 2598 capere
347 2554 569 2589 licei-editatis
586 2558 682 2588 sorte
702 2553 905 2587 mereatur?
922 2551 1023 2586 Licet
1036 2551 1132 2586 enim

72 2614 141 2660 ipsi
158 2613 482 2660 propterjnmenta
500 2623 565 2649 sua
583 2613 765 2657 accipiunt
782 2612 915 2656 aliquid
936 2617 1053 2653 terrm,
1071 2611 1133 2647 sed

74 2676 171 2711 illins
191 2681 316 2717 terrae,
344 2686 424 2720 quse
444 2675 594 2709 urbibus
619 2674 787 2719 contigua
813 2680 888 2717 est,
917 2679 953 2710 et
976 2675 1133 2710 adiiceret

75 2736 295 2774 civitatibus.
318 2735 443 2770 Potest
460 2741 578 2770 tamen
598 2734 716 2770 adhuc
734 2739 769 2770 et
795 2734 864 2770 alio
892 2733 998 2770 modo
1024 2734 1131 2769 intel—-

72 2798 142 2846 ligi-
163 2808 283 2840 sermo
304 2798 391 2841 iste,
421 2797 482 2843 qui
510 2796 616 2839 dicit,
644 2802 680 2831 ut
702 2795 862 2842 pluribus
883 2794 1134 2842 multiplicetur

74 2842 275 2906 hoeredittis.
305 2859 405 2895 Unus
431 2858 527 2893 enim
553 2856 696 2902 justus,
721 2857 919 2892 secundnm
945 2856 1013 2891 boc
1037 2855 1134 2900 quod

76 2918 243 2970 aceeptus
263 2922 319 2956 est
344 2930 364 2954 a
392 2919 465 2955 Deo
479 2946 487 2962 ,
507 2928 572 2964 pro
599 2917 764 2963 pluribus
783 2917 951 2953 babetur.
972 2915 1134 2961 Denique

74 2987 111 3019 et
136 2977 309 3029 scriptum
329 2986 384 3018 est
403 2993 411 3016 ε
433 2980 502 3016 Per
520 2991 629 3015 unum
649 2979 836 3026 sapientem
856 2978 1070 3014 habitabitur
1088 2979 1134 3014 ci-

20 3026 186 3146 )dzs:
208 3044 318 3078 tribus
338 3048 455 3077 autem
474 3042 674 3088 iniquorum
696 3039 958 3076 desolabuntur.
980 3040 1024 3076 Et
1040 3051 1132 3077 unus

73 3103 192 3151 justus
227 3114 294 3150 pro
332 3107 407 3139 toto
442 3103 576 3139 mundo
612 3107 827 3149 reputatur;
863 3101 976 3150 iniqui
1013 3107 1131 3138 autem

75 3166 207 3210 etiam,
229 3165 259 3203 si
280 3164 383 3201 multi
405 3170 510 3208 sunt,
530 3164 650 3211 exigui
677 3170 713 3200 et
734 3175 800 3210 pro
823 3163 934 3200 nihilo
954 3164 1133 3200 ducuntur

76 3227 171 3274 apud
201 3226 408 3263 Dominum.
439 3226 503 3262 Est
527 3236 613 3272 ergo
637 3230 673 3261 et
699 3225 902 3274 multitudo·
918 3225 1131 3269 laudabilis,

75 3288 170 3325 sicut
193 3287 350 3323 vidimus
367 3286 477 3323 etiam
500 3286 544 3322 ad
562 3285 745 3322 Abraham
763 3285 900 3321 dictum
912 3312 920 3328 ‚
948 3295 1030 3322 cum
1047 3285 1133 3322 edu-

74 3349 190 3390 xisset
205 3358 288 3386 eum
305 3347 482 3387 Dominus
500 3347 596 3383 soras
611 3374 620 3391 ‚
639 3352 675 3383 et
690 3347 781 3383 dixit
798 3347 843 3383 ad
859 3357 942 3384 eum
961 3359 968 3383 ε
991 3347 1134 3394 Respice

77 3410 122 3447 ad
140 3409 263 3447 coetum
277 3421 290 3453 ;
310 3409 342 3445 si
356 3414 453 3460 potes
470 3408 694 3448 dinumerare
712 3407 831 3444 stellas
843 3434 853 3451 ,
869 3408 919 3443 ita
935 3409 1002 3444 erit
1019 3418 1134 3443 semen

75 3474 190 3508 tuum.
210 3469 251 3514 ln
269 3480 342 3518 quo
358 3474 396 3506 et
410 3469 480 3506 hoe
505 3468 668 3513 intuere,
692 3467 872 3515 quomodo
891 3466 1011 3513 justus
1037 3467 1134 3502 intus

58 3522 151 3589 ’,θεῖ,
175 3534 213 3568 et
233 3530 271 3569 in
296 3530 530 3575 interioribus
552 3539 701 3583 semper
719 3527 905 3571 consistit,
924 3527 1008 3574 quia
1035 3526 1133 3568 intus

58 3580 339 3638 ’Ἀώωοιιάἰιο
355 3595 439 3627 orat
450 3589 616 3636 Patrem;
637 3595 674 3627 et
690 3589 809 3627 omnis
825 3588 937 3636 gloria
954 3587 1037 3624 tiliae
1054 3586 1128 3625 Re-

79 3648 304 3702 sudden,
321 3652 451 3692 animae
465 3652 620 3700 regalis,
638 3652 857 3694 intrinsecus
883 3655 951 3687 est.
979 3648 1050 3687 Sed
1075 3654 1129 3686 ta-

78 3715 164 3749 me'n
185 3703 285 3756 Datis
307 3713 429 3754 educit
451 3723 536 3759 eum
556 3712 677 3759 toras,
702 3723 785 3761 cum
813 3723 872 3751 res
894 3711 1074 3759 postulat,
1093 3715 1131 3748 et

42 3805 70 3842 ,
79 3779 225 3808 rursm
238 3769 437 3824 visibilium
447 3773 548 3822 ratio
565 3772 742 3826 deposcit.
759 3772 884 3814 Potest
900 3783 987 3829 ergo
1002 3778 1039 3809 et
1059 3772 1128 3809 hoc

53 3821 187 3870 modo
203 3814 423 3871 mulianas
430 3813 502 3879 qui
511 3835 599 3871 sunt
611 3833 708 3871 sicut
722 3833 837 3871 stellae
851 3833 954 3878 eoeli,
970 3833 1128 3870 multitu-

4 3855 67 4016 qa

1198 1270 1268 1306 suit
1292 1269 1403 1306 Caleb
1421 1274 1456 1305 ct
1474 1270 1591 1306 tribus
1609 1268 1722 1314 Juda,
1749 1275 1786 1306 et
1810 1269 1895 1306 Jesu
1922 1269 2035 1316 ipsius
2059 1269 2123 1305 filii
2147 1269 2257 1305 Nave.

1201 1331 1304 1368 Sicut
1330 1331 1370 1366 fit
1389 1331 1509 1374 enim,
1527 1331 1629 1367 verbi
1657 1341 1766 1367 causa
1781 1358 1790 1374 ,
1811 1341 1892 1366 cum
1920 1335 2004 1376 post
2027 1331 2192 1376 praelium
2209 1330 2264 1368 vi-

1200 1390 1363 1429 ctoribus
1391 1391 1588 1438 provinciae
1614 1392 1824 1437 partiuntur
1848 1397 1884 1426 et
1906 1391 2042 1437 spolia,
2070 1398 2106 1427 et
2129 1392 2263 1438 egregii

1199 1453 1333 1500 quique
1357 1458 1392 1488 et
1416 1452 1539 1488 eximii
1563 1451 1759 1488 bellatores
1776 1461 1845 1487 non
1869 1461 1952 1488 cum
1979 1452 2120 1487 eaetcris
2140 1452 2264 1488 militi-

1198 1513 1265 1550 bus
1292 1514 1329 1550 in
1348 1513 1524 1549 divisione
1542 1513 1739 1559 spoliorum
1758 1514 1940 1550 ducuntur
1959 1514 2003 1549 ad
2023 1520 2177 1558 sortem,
2200 1514 2263 1553 sed

1199 1575 1338 1621 optima
1359 1585 1510 1620 quaeque
1528 1579 1563 1610 et
1580 1575 1760 1621 praecipue
1778 1574 1831 1611 eis
1849 1574 2023 1611 virtutum
2045 1575 2176 1616 merito
2196 1576 2260 1612 de-

1201 1643 1414 1680 cernuntur,
1434 1637 1556 1676 caeteri
1576 1647 1660 1672 vero
1680 1642 1831 1672 utuntur
1848 1642 1947 1672 sorte
1966 1635 2041 1678 solo
2058 1637 2137 1684 jure
2152 1637 2264 1673 victo-

1200 1699 1284 1743 rice,
1303 1699 1353 1735 ita
1381 1698 1469 1733 mihi
1488 1698 1628 1735 videtur
1658 1697 1831 1733 Dominus
1850 1707 1952 1737 meus
1969 1696 2074 1739 lesus
2092 1697 2259 1735 Christus

1200 1760 1377 1796 facturus.
1413 1758 1596 1803 Quosdam
1630 1758 1726 1794 enim
1745 1785 1753 1801 ‚
1791 1768 1884 1804 quos
1917 1758 1986 1795 scit
2020 1757 2261 1794 abundantius

1201 1832 1310 1869 quam
1329 1827 1483 1857 caeteros
1501 1820 1705 1865 laborasse,
1726 1825 1761 1860 et
1780 1829 1933 1866 quorum
1951 1824 2051 1865 gesta
2070 1818 2260 1865 magnilica

1201 1883 1447 1929 sublimesque
1464 1883 1619 1919 virtutes
1639 1883 1714 1930 ipse
1734 1882 1915 1929 cognoscit
1935 1909 1943 1926 ‚
1964 1881 2034 1918 illis
2059 1881 2262 1930 praecipuos

1201 1953 1364 1990 quosque
1381 1943 1534 1979 eximios
1553 1949 1660 1988 atque
1677 1970 1686 1986 ,
1707 1949 1746 1978 ut
1771 1944 1819 1979 ita
1845 1943 1997 1980 audeam
2024 1943 2144 1979 dicere
2161 1943 2261 1981 simi-

1201 2005 1253 2042 les
1269 2006 1335 2041 sibi
1355 2006 1511 2042 honores
1529 2006 1691 2042 decernit
1707 2013 1743 2041 et
1758 2005 1903 2052 glorias.
1923 2006 2064 2051 Annon
2084 2006 2147 2043 tibi
2166 2006 2262 2042 vide-

1203 2074 1259 2104 tur
1277 2069 1393 2105 simile
1415 2069 1547 2115 aliquid
1567 2079 1640 2105 suae
1668 2068 1907 2104 beatitudinis
1938 2068 2162 2113 cbarissimis
2186 2068 2261 2104 suis

1200 2128 1366 2165 conferre
1396 2128 1603 2175 discipulis,
1637 2138 1721 2168 cum
1751 2128 1866 2163 dicit?
1899 2126 2030 2170 Pater,
2052 2127 2127 2164 volo
2147 2135 2185 2163 ut
2203 2128 2262 2163 ubi

1199 2202 1275 2226 sum
1294 2201 1377 2236 eqo,
1401 2196 1431 2225 et
1457 2190 1515 2225 isti
1541 2190 1610 2228 sint
1638 2199 1773 2224 mecum
1806 2187 1935 2235 (Joan.
1955 2188 2078 2236 xv11);
2113 2195 2148 2225 et
2180 2200 2261 2225 cum

1200 2251 1333 2287 iterum
1357 2244 1444 2287 ‹li'cit
1465 2261 1473 2286 :
1497 2251 1589 2299 Quia
1617 2250 1777 2287 sedebitis
1804 2256 1835 2286 et
1861 2262 1917 2286 vos
1943 2262 2048 2297 snper
2077 2251 2260 2287 duodecim

1201 2313 1584 2358 itm-onos‚judicames
1615 2311 1799 2347 (luodcct'm
1831 2311 1940 2347 tribus
1970 2310 2083 2346 lsrael
2107 2310 2257 2357 (ΜατιΙι.

1202 2373 1300 2420 xix).
1323 2373 1368 2408 Et
1388 2374 1520 2410 iterum
1538 2385 1547 2409 ι
1564 2374 1662 2410 Sicut
1682 2381 1720 2409 tu
1740 2374 1777 2410 in
1795 2385 1859 2415 me,
1882 2373 2006 2416 Pater,
2026 2379 2057 2408 et
2078 2384 2138 2418 eqo
2158 2373 2192 2408 in
2213 2380 2258 2415 te,

1202 2439 1237 2467 ut
1256 2439 1286 2467 ct
1307 2434 1365 2467 isti
1384 2434 1420 2468 in
1439 2434 1537 2470 uobis
1568 2445 1677 2469 unum
1706 2435 1776 2469 sint
1806 2432 1933 2480 (Joan.
1954 2433 2001 2479 ι).
2030 2433 2114 2470 llaec
2136 2434 2258 2469 omnia

1200 2503 1271 2529 non
1297 2498 1393 2528 sorte
1427 2493 1683 2536 decernuntur,
1714 2493 1778 2528 sed
1806 2492 1996 2528 electionis
2019 2493 2258 2539 praerogativa

1201 2554 1380 2590 donantur
1399 2555 1444 2590 ab
1463 2565 1506 2590 eo
1524 2555 1585 2600 qui
1611 2555 1718 2590 corda
1745 2560 1781 2590 et
1797 2562 1937 2591 mentes
1956 2555 2144 2596 hominum
2163 2556 2260 2592 videt

1202 2617 1311 2652 solus.
1334 2616 1399 2660 Qui
1426 2627 1492 2653 nos
1522 2628 1688 2666 quoqne,
1717 2617 1827 2655 etiam
1847 2619 1876 2653 si
1895 2628 1964 2653 non
1996 2618 2089 2656 inter
2107 2620 2259 2657 eximios

1199 2686 1234 2716 et
1259 2680 1393 2717 electos
1409 2708 1419 2726 ,
1446 2689 1554 2727 atque
1581 2681 1684 2725 illos,
1710 2681 1772 2727 qni
1798 2691 1906 2726 snpra
1930 2687 2064 2721 sortem
2092 2687 2196 2725 sunt,
2222 2682 2260 2718 in

1201 2748 1334 2779 sortem
1352 2749 1567 2780 sanctorum
1588 2750 1709 2779 tamen
1726 2743 1894 2788 dignetur
1911 2743 2102 2781 adducere.

1618 2818 1770 2854 CAPUT
1798 2817 1858 2853 xt.

1249 2878 1361 2925 (CM).
1387 2878 1530 2925 xxvn.)
1556 2879 1784 2913 Accesserant
1809 2884 1923 2912 autem
1948 2877 2032 2923 filice
2058 2876 2259 2924 salphaad,

1200 2937 1266 2982 filii
1289 2938 1416 2980 Heber,
1437 2938 1502 2983 filii
1522 2938 1682 2981 Galaad,
1705 2937 1770 2983 filii
1791 2937 1949 2981 Maskir,
1979 2939 2043 2984 filii
2073 2939 2259 2983 Manasse,

1149 3020 1185 3059 D
1201 3002 1261 3046 qui
1280 3001 1346 3047 suit
1365 3000 1461 3046 filius
1480 3001 1630 3047 Joseph,
1651 3012 1802 3047 quarum
1818 3007 1897 3036 sunt
1919 3002 2060 3037 nomina
2078 3012 2089 3037 :
2110 3002 2260 3037 Maaclm

1204 3067 1237 3097 et
1259 3061 1360 3105 Noa,
1382 3069 1414 3097 et
1438 3062 1550 3108 Egla,
1571 3069 1603 3097 et
1627 3062 1780 3098 Molchia
1797 3091 1806 3106 ,
1833 3070 1866 3099 et
1891 3063 2035 3100 leersa.
2063 3065 2259 3100 Steterunt-

1204 3133 1270 3168 que
1300 3133 1417 3157 coram
1450 3122 1571 3168 Moyse
1599 3129 1630 3158 et
1660 3123 1834 3172 Eleazaro
1853 3125 2053 3166 sacerdote,
2075 3131 2106 3159 et
2125 3125 2258 3158 cunctis

1205 3182 1421 3229 principibus
1447 3184 1656 3230 ροριιῑὶῑαά
1687 3179 1813 3218 ostium
1839 3183 2055 3218 tabernaculi
2084 3189 2184 3229 atque
2203 3183 2257 3217 di-

1204 3251 1359 3280 xerunt:
1380 3242 1490 3279 Pater
1510 3243 1624 3279 noste?
1644 3249 1801 3278 mortuus
1820 3248 1869 3276 est
1888 3243 1924 3276 in
1942 3243 2090 3283 deserto,
2110 3252 2171 3276 nec
2190 3241 2254 3287 fuit

1205 3303 1243 3340 in
1271 3304 1441 3340 seditione
1466 3315 1544 3350 quoe
1571 3303 1743 3338 concitata
1765 3307 1814 3336 est
1834 3307 1955 3336 contra
1976 3300 2165 3336 Dominum
2190 3301 2254 3337 sub

1202 3364 1339 3408 Chore,
1367 3364 1427 3400 sed
1445 3365 1482 3399 in
1501 3368 1641 3409 peccato
1661 3372 1724 3396 suo
1744 3367 1902 3396 mortuus
1923 3367 1986 3396 est.
2010 3360 2078 3397 Hic
2099 3372 2167 3397 non
2193 3362 2255 3397 Ιια-

1202 3424 1276 3460 but‘t
1301 3434 1415 3461 mares
1442 3422 1548 3467 filios.
1570 3422 1642 3456 Cur
1661 3419 1797 3455 tollitur
1817 3430 1943 3456 nomen
1962 3420 2038 3467 ejus
2056 3421 2099 3457 de
2117 3420 2254 3467 familia

1201 3496 1290 3527 sua,
1310 3485 1394 3530 quia
1423 3493 1493 3517 non
1518 3481 1640 3516 habuit
1665 3481 1779 3526 filium
1794 3481 1812 3516 t
1829 3481 1919 3518 Bate
1947 3482 2045 3519 notis
2066 3483 2254 3531 possessio-

1201 3553 1279 3579 nem
1298 3543 1390 3579 inter
1412 3548 1576 3588 coymos
1603 3541 1714 3587 patris
1740 3542 1866 3578 nostri.
1897 3541 2098 3591 Retulitque
2115 3543 2252 3590 Moyses

1201 3613 1344 3644 samm
1374 3613 1494 3643 eorum
1522 3602 1570 3643 ad
1594 3601 1771 3647 judicium
1801 3602 1957 3638 Domini.
1986 3603 2058 3646 Qui
2085 3603 2175 3639 dixit
2206 3603 2252 3640 ad

1198 3675 1279 3701 eum
1293 3673 1307 3699 c
1323 3661 1464 3700 Iustum
1483 3673 1556 3698 rem
1574 3661 1754 3710 postulunt
1777 3662 1862 3708 filioe
1890 3662 2087 3711 salphaad.
2119 3663 2175 3701 Da
2201 3665 2253 3702 ets

1196 3723 1452 3773 possessiouem
1467 3723 1560 3759 imm·
1577 3729 1742 3770 cognatos
1759 3724 1870 3771 patris
1886 3724 1944 3760 sut
1960 3750 1970 3768 ,
1989 3729 2024 3761 et
2040 3725 2071 3760 ei
2085 3723 2125 3762 in
2142 3725 2253 3763 fiere-

1199 3786 1309 3826 ditate
1332 3783 1535 3824 succedam.
1558 3783 1645 3827 Haec
1662 3785 1864 3822 secundum
1884 3785 2075 3823 historiam
2092 3786 2180 3833 quid
2197 3786 2251 3823 vi-

1202 3846 1300 3895 goris
1315 3845 1495 3891 habeant,
1514 3845 1682 3886 omnibus
1703 3846 1824 3895 palam
1845 3852 1903 3888 cst
1924 3847 1987 3896 qui
2011 3847 2130 3888 sciunt
2153 3848 2253 3897 leges
