2540 4016
73 165 144 203 577

687 156 1022 195 EXPOSITIONES
1046 156 1092 193 IN
1114 155 1380 193 LEVITICUM.
1403 176 1452 184 --
1474 157 1560 194 LIB.
1587 160 1659 197 vn.

2165 170 2236 209 578

73 247 147 276 tum
180 237 376 285 septuplum
407 234 522 282 (Psal.
546 231 598 280 xl)
617 243 627 276 ;
658 237 694 267 et
722 230 917 267 Jeremiam
939 242 947 264 ε
970 229 1122 264 Frustra
1140 231 1174 270 A
1193 228 1231 264 Si
1254 234 1374 266 autem
1403 229 1504 266 deest
1526 230 1578 265 illi
1596 232 1642 266 de
1661 231 1755 268 dono
1774 235 1870 277 quod
1897 241 2068 285 percepit,
2086 243 2234 281 decidit-

73 299 237 344 conslavit
265 297 458 343 conflator,
489 293 605 329 scoria
637 291 712 338 ejus
741 302 811 326 non
843 295 892 325 est
919 293 1123 334 consumpta

73 357 164 404 (Jer.
183 356 249 403 vi).
272 356 323 392 De
335 354 468 392 ludaeis
493 352 593 395 dicit,
627 350 712 396 quia
736 348 825 384 nihil
854 348 907 384 eis
933 346 1046 383 verba
1062 356 1125 382 ex-

60 407 302 454 hortantium
332 415 540 463 proderant.
571 411 642 448 Sed
672 415 708 447 et
734 409 886 446 Paulum
906 406 988 443 audi
1008 406 1126 443 dicen-

74 483 146 514 tem
166 476 325 524 :Siquis
354 473 611 522 superaedificat
638 481 742 517 super
763 468 1031 515 fundamentum
1058 466 1124 501 hoc

71 549 211 580 aurum,
231 533 578 583 arpentum,‚lapides
597 532 764 579 pretiosos
782 529 817 577 (I
830 527 911 566 Cor.
930 527 1000 574 ιιι).
1021 526 1123 570 Quod

70 600 101 635 si
120 610 243 646 aqrum
262 596 487 644 possessionis
507 605 581 630 suoe
595 593 723 630 voverit
740 597 772 628 et
787 590 1035 627 consecraverit
1055 588 1124 623 Do-

70 661 180 702 mino,
193 659 299 704 juxta
315 667 516 692 mensuram
534 655 695 691 sementis
713 653 943 690 aestimatn'tur
959 651 1120 697 pretium.

69 719 204 766 Agrum
221 717 448 763 Scripturam
471 725 550 751 esse
568 715 726 751 divinam
747 722 855 749 nemo
875 711 1029 748 dubitat.
1051 709 1122 745 Cu-

65 778 125 825 jus
149 778 233 814 vitis
257 776 404 823 proprie
429 775 611 818 Christus,
631 779 667 810 et
684 772 842 818 agricola
861 771 969 806 Pater
987 773 1067 804 est:
1085 767 1121 803 in

71 849 142 886 quo
163 837 398 875 absconditus
424 837 633 878 thesaurus,
654 834 690 869 id
707 838 774 873 est,
797 830 964 867 salutaris
991 827 1122 873 praedi-

69 900 192 943 catio;
227 908 334 944 quem
368 897 429 943 qui
462 894 641 932 invenerit
668 897 836 939 operator
867 889 956 935 agri,
991 889 1121 924 vendet

68 959 191 996 omnia
230 968 310 1005 quae
349 957 460 993 habet
476 982 486 997 .
531 951 832 1000 quemadmodum
874 948 1047 985 Dominus
1084 948 1120 983 in

68 1018 272 1066 Evangeliis
289 1017 339 1052 ait
355 1015 500 1063 (Matth.
515 1013 610 1060 xm),
630 1017 672 1048 ut
687 1015 784 1048 emat
802 1019 930 1057 agrum
946 1009 1060 1045 illum.
1081 1008 1120 1044 In

68 1083 137 1119 hoc
153 1089 239 1126 agro
257 1078 398 1114 diversa
418 1080 474 1111 est
491 1071 774 1118 uniuscujusque
787 1071 982 1118 possessio,
999 1070 1034 1106 id
1048 1074 1118 1112 est,

65 1141 207 1184 modus,
239 1147 346 1185 quem
370 1136 440 1174 sibi
455 1146 499 1172 ex
516 1145 559 1172 ea
578 1135 624 1171 ad
642 1133 853 1181 sapiendum
875 1131 1039 1168 obtinere
1056 1140 1120 1177 po-
1138 1123 1170 1163 B

65 1202 187 1240 tuerit.

113 1263 151 1300 Si
184 1272 272 1310 ergo
296 1259 562 1298 consecraverit
589 1257 743 1294 Domino
763 1257 856 1292 hanc
887 1255 1009 1298 homo,
1038 1264 1119 1290 cum

64 1336 134 1363 non
148 1326 249 1372 prius
262 1330 387 1361 sancta
403 1322 525 1364 fuerit,
544 1322 607 1358 sed
622 1330 717 1356 nunc
734 1319 883 1365 incipiat
899 1317 1117 1359 consecrari,

63 1388 341 1434 gubernatorem
359 1381 648 1420 conversationis
670 1390 756 1422 suae,
784 1388 867 1414 cum
887 1378 964 1422 ipse
983 1386 1055 1411 non
1073 1375 1120 1410 sit

63 1447 212 1483 idoneus
236 1445 470 1490 semetipsum
491 1432 706 1489 gubernare,
735 1438 961 1475 sacerdotem
981 1436 1116 1482 eligat:

62 1507 278 1545 Consecrari
298 1506 395 1541 enim
414 1504 474 1539 hic
493 1512 535 1538 ea
550 1512 630 1548 quae
646 1501 814 1545 deputata
838 1503 921 1533 sunt
941 1495 1118 1532 sacerdoti

62 1568 247 1615 legislator
267 1565 472 1612 appellavit.
492 1563 605 1598 Juxta
623 1570 823 1596 mensuram
843 1557 1006 1594 sementis
1026 1555 1119 1592 testi-

63 1629 218 1664 mabitur
242 1628 405 1673 pretium,
425 1631 465 1661 ut
484 1629 658 1670 quantum
682 1621 882 1658 seminatus
902 1624 972 1662 est,
991 1617 1116 1653 videli-

62 1695 120 1726 cet
143 1689 306 1725 edoctus.
326 1686 504 1723 Doctrinae
527 1684 623 1720 enim
639 1684 789 1718 verbum
811 1681 847 1716 in
867 1680 1004 1716 semine
1021 1678 1118 1713 acci-

61 1761 149 1798 pere
171 1750 360 1796 Scriptura
380 1748 500 1784 divina
525 1746 640 1782 solet:
659 1749 800 1779 tantum
820 1742 853 1777 ei
874 1739 1042 1777 sacerdos
1063 1738 1118 1773 in-

63 1812 174 1854 dicat,
194 1816 230 1847 et
247 1814 421 1856 quantum
441 1807 551 1843 suerit
573 1805 735 1841 eruditus
758 1803 802 1838 de
822 1801 984 1837 doctrina
1008 1800 1114 1841 bona,

61 1871 222 1918 legitima
245 1876 280 1905 et
299 1867 466 1914 spiritali,
495 1872 531 1902 et
553 1875 625 1901 non
643 1873 750 1909 quam
769 1861 932 1897 homines
953 1860 1118 1895 seducto-

61 1941 120 1967 res
138 1929 286 1976 pagani,
315 1928 415 1964 verbi
444 1927 573 1974 gratia,
598 1924 655 1960 vel
672 1923 798 1965 Judaei,
831 1921 907 1957 sive
939 1919 1115 1962 haeretici,

62 1992 214 2035 doceut3
242 1996 390 2037 propter
414 1988 510 2036 quod
535 1992 727 2033 postquam
754 1984 867 2020 dixit:
884 1982 996 2017 Juxta
1015 1992 1115 2016 men-

60 2065 181 2090 suram
205 2052 381 2094 sementis,
414 2050 575 2086 addidit:
601 2047 644 2084 Si
671 2046 816 2092 triginta
838 2043 964 2079 modiis
991 2041 1112 2077 hordei
1132 2040 1162 2083 C
1186 2047 1370 2082 motheum
1418 2046 1600 2083 scribebat
1637 2057 1645 2081 :

60 2116 188 2151 seritur
201 2120 309 2156 terra,
331 2111 584 2159 quinquaqinta
599 2108 694 2144 siclis
710 2105 936 2143 venumdetur
954 2104 1114 2150 arqenti,·

60 2176 138 2213 sive
148 2180 188 2211 ut
197 2174 446 2220 Septuaginta,
460 2170 716 2218 quinquaqinta
727 2167 950 2203 didrachmas
964 2165 1113 2212 arqentt'.

60 2237 100 2274 ln
129 2237 259 2283 quibus
288 2236 399 2272 Vetus
428 2239 465 2269 et
491 2232 630 2268 Novum
649 2231 922 2266 Testamentum
942 2226 1114 2272 intellige.

60 2298 105 2334 Et
123 2306 188 2343 per
222 2296 367 2331 modum
399 2294 475 2330 sive
503 2293 654 2328 chorum
682 2290 821 2332 hordei,
854 2290 962 2325 Vetus
990 2287 1115 2322 Testa-

60 2363 222 2395 mentum
241 2357 412 2398 ostendit,
431 2355 515 2401 quia
535 2353 641 2399 hujus
665 2352 812 2389 seminis
827 2351 996 2398 pinguior
1014 2350 1116 2385 cibus

61 2425 135 2462 est;
158 2429 223 2465 per
242 2416 504 2464 quinquaginta
520 2419 639 2450 autem
660 2412 903 2453 didrachmas,
924 2416 996 2445 tam
1021 2409 1116 2455 quod

61 2478 222 2526 spiritale
252 2483 307 2514 est
338 2487 446 2522 quam
476 2475 572 2521 quod
604 2472 802 2519 perfectum
838 2470 945 2507 simul
975 2469 1113 2510 innuit;

59 2538 221 2585 perfecta
255 2538 351 2573 enim
382 2535 546 2572 doctrina
583 2534 691 2569 etiam
728 2530 903 2577 spiritalis
937 2534 1006 2565 est.
1045 2527 1116 2562 Sed

62 2599 207 2645 quando
239 2599 316 2633 haec
346 2596 471 2642 regula
501 2595 577 2630 sive
606 2592 766 2629 definitio
797 2592 935 2636 integre
964 2589 997 2625 ei
1026 2588 1118 2623 indi-

61 2662 189 2704 cenda,
220 2659 364 2706 quando
393 2656 586 2693 minuenda
607 2656 654 2691 sit
671 2664 734 2700 per
757 2651 1115 2693 condescensionem,

60 2731 126 2767 per
149 2719 337 2766 sequentia
363 2718 461 2754 disce
478 2727 487 2751 :
505 2715 543 2751 Si
572 2721 686 2750 autem
714 2713 832 2748 statim
853 2711 895 2747 ab
917 2722 1008 2746 anno
1028 2710 1117 2745 inci-

61 2781 185 2829 pientis
199 2778 339 2826 jabitaei
357 2778 483 2813 voverit
501 2786 636 2822 ayt-um,
658 2780 787 2820 quanto
811 2772 927 2808 valere
949 2771 1114 2817 potuerit,

63 2851 161 2881 tanto
181 2842 426 2880 aestimabitur.
453 2840 519 2876 Sin
546 2844 662 2873 autem
686 2843 762 2883 post
794 2835 1014 2881 aliquantum
1034 2840 1118 2868 tem-

62 2905 179 2952 poris,
205 2901 405 2950 supputabit
430 2899 592 2936 sacerdos
614 2897 795 2944 pecuniam
813 2896 918 2942 juxta
942 2905 1115 2929 annorum

62 2965 122 3015 qui
141 2964 266 3012 reliqui
291 2967 373 2999 sunt
392 2971 591 3003 numerum,
609 2969 719 3005 usque
738 2957 783 2992 ad
795 2957 983 3004 jubitoeum
1007 2962 1038 2990 et
1056 2954 1117 2991 de-

64 3026 221 3062 trahetur
233 3034 275 3060 ex
293 3023 418 3068 pretio.
435 3022 596 3057 Duorum
612 3019 672 3055 hic
690 3027 867 3053 annorum
889 3016 1115 3053 remissionis

64 3085 139 3122 sive
164 3083 300 3131 jubilaei
327 3081 537 3118 memoriam
562 3079 662 3122 facit,
690 3078 870 3124 baptisma
891 3083 1014 3123 aperte
1031 3077 1117 3113 insi-

63 3158 180 3184 nuans
212 3151 248 3183 et
274 3143 539 3192 poenitentiam.
564 3142 721 3186 Uterque
737 3140 836 3176 enim
854 3149 970 3175 annus
989 3139 1117 3175 remis-

64 3209 177 3246 sionis
190 3212 258 3250 est,
276 3206 360 3253 quia
375 3204 572 3251 perfectam
588 3200 852 3243 remissionem,
865 3210 958 3235 unus
969 3199 1114 3244 quidem

63 3280 130 3318 per
155 3269 288 3305 donum
318 3265 457 3314 gratiae,
484 3264 576 3299 alter
602 3267 750 3308 propter
767 3271 829 3297 eos
847 3260 909 3306 qui
930 3265 1060 3295 vacant
1078 3259 1114 3294 in

63 3329 226 3366 oratione
241 3333 278 3363 et
290 3325 437 3373 iejuniis
463 3323 615 3369 aliisque
636 3321 807 3368 operibus
823 3331 903 3367 quae
923 3320 1115 3366 perficiunt

65 3389 332 3436 poeniteutiam,
364 3385 536 3432 possidet.
567 3383 606 3420 Si
630 3393 718 3430 ergo
745 3382 851 3418 simul
879 3381 961 3427 quis
993 3381 1117 3427 gratiae

66 3450 173 3493 viam,
188 3460 296 3497 quam
313 3448 423 3494 elegit
443 3445 635 3494 gubernari
655 3455 722 3491 per
740 3443 965 3480 sacerdotem
982 3447 1018 3477 et
1034 3451 1117 3487 pro-

66 3511 148 3549 duci
166 3511 255 3556 vult,
277 3512 345 3548 hoc
367 3520 450 3546 eum
477 3509 648 3546 sacerdos
666 3507 802 3552 exigat,
835 3505 930 3551 quod
950 3514 1031 3539 cum
1053 3502 1117 3538 do-

67 3577 208 3608 oeretur
240 3582 286 3609 ex
318 3571 481 3619 perfecta
509 3575 545 3607 et
574 3567 727 3616 spiritali
757 3565 921 3602 doctrina
950 3562 1121 3609 praecepit

69 3629 167 3667 nulio
180 3632 289 3668 modo
304 3632 338 3668 ei
360 3629 667 3671 condescendens,
684 3637 802 3673 neque
818 3625 913 3662 enim
932 3625 1041 3660 habet
1059 3632 1121 3658 ne-

73 3697 189 3733 cesse,
213 3693 256 3726 ut
269 3696 355 3736 pote
383 3691 445 3737 qui
468 3699 535 3737 per
552 3689 684 3726 donum
703 3691 900 3723 renovatus
914 3689 983 3727 est,
1003 3684 1065 3720 sed
1085 3684 1122 3719 in

71 3748 236 3786 doctrina
262 3758 371 3796 quam
397 3750 539 3797 accepit
566 3750 674 3796 plene
692 3758 776 3786 eum
790 3755 1003 3794 permanere
1021 3744 1120 3783 facit.

1192 300 1262 335 que
1289 291 1335 327 ab
1364 300 1407 326 eo
1437 290 1475 326 in
1503 292 1793 335 conversatione,
1811 294 1880 330 hoc
1895 301 1951 331 est
1965 299 2062 335 enim
2080 303 2236 348 aliquan-

1190 355 1267 386 tum
1303 352 1476 398 temporis
1505 351 1642 397 jubilaei
1672 351 1748 388 sive
1777 354 2000 391 remissionis
2027 368 2237 401 consecrare

1190 421 1329 458 agrum,
1358 418 1456 449 recte
1468 412 1502 448 ei
1515 411 1697 458 reputabit
1721 413 1892 449 sacerdos
1914 420 2102 460 argentum
2124 418 2163 454 in
2179 430 2239 457 au-

1189 481 1256 508 nos
1278 471 1436 518 reliquos
1459 482 1574 519 usque
1591 472 1637 508 ad
1662 482 1799 508 annum
1829 472 2053 510 remissionis
2080 475 2156 512 sive
2182 476 2240 522 ju-

1189 531 1298 574 hikei,
1332 537 1373 567 ut
1397 532 1578 578 reliquum
1603 532 1638 568 ei
1662 537 1804 577 tempus
1832 531 1980 568 definiat
2004 532 2049 568 ad
2064 534 2241 579 poeniten-

1190 593 1299 646 tiam?
1334 592 1382 628 Et
1414 593 1618 628 detrahetur
1644 603 1687 628 ea:
1715 594 1827 639 pretio
1845 602 1858 627 .·
1875 594 1971 640 quod
1999 594 2097 631 enim
2122 596 2240 635 minus

1190 652 1290 696 fecit,
1309 657 1347 688 et
1362 652 1616 689 detrimentum
1635 652 1796 698 pertulit,
1815 658 1851 689 et.
1871 653 2031 690 deterius
2053 664 2242 692 conversa·

1191 719 1250 750 tus
1270 717 1339 756 est,
1359 713 1430 749 hoc
1450 713 1544 749 dono
1564 714 1741 750 minuitur
1758 719 1796 750 et
1811 714 1989 752 infirmior
2005 715 2152 754 effectus
2171 723 2240 761 est,

1189 781 1225 812 et
1250 780 1442 823 propterea
1473 775 1661 820 abjectior,
1693 782 1731 813 et
1757 787 1828 813 non
1851 775 1927 823 jam
1952 777 2034 814 talis
2052 784 2108 815 est
2126 779 2243 824 qualis

1189 848 1271 874 cum
1298 838 1479 884 acciperet
1504 838 1637 874 donum
1664 838 1756 874 suit:
1778 844 2028 876 verumtamen
2047 847 2084 876 et
2103 840 2162 876 hic
2180 850 2243 877 vo-

1188 896 1265 933 lens
1297 898 1475 934 redimere
1507 907 1636 944 agrum
1665 908 1770 934 suum
1796 899 1943 945 poterit,
1965 899 2003 935 id
2019 904 2087 943 est,
2110 906 2242 937 semet-

1188 956 1304 1001 ipsum
1320 959 1521 1004 gubernare
1539 962 1576 994 et
1589 958 1733 1002 docere,
1750 960 1921 1005 adjiciens
1936 961 2094 1007 quintam
2106 967 2242 1007 partem

1188 1018 1324 1063 arqenti
1341 1018 1387 1052 ad
1403 1020 1551 1063 pretium
1563 1029 1688 1062 suum;
1705 1019 1840 1055 addens
1855 1020 2027 1057 doctrinae
2044 1021 2241 1058 sacerdotis

1186 1077 1374 1123 proprium
1394 1077 1630 1121 intellectum,
1651 1083 1693 1113 ut
1711 1078 1915 1125 intelligens
1933 1079 2169 1126 eruditusque
2185 1081 2239 1117 sui

1188 1137 1407 1182 gubernator
1425 1137 1622 1183 doctorque
1639 1136 1829 1174 efficiatur.

1237 1198 1298 1234 Sic
1330 1199 1427 1234 enim
1462 1198 1699 1245 intelligibilis
1732 1208 1839 1245 ager,
1874 1209 1981 1246 quem
2018 1201 2242 1238 consecravit

1188 1258 1342 1295 offerens
1378 1259 1571 1302 sacerdoti,
1605 1259 1650 1295 ab
1683 1270 1726 1296 eo
1746 1261 2013 1306 possidebitur3
2045 1267 2081 1298 et
2099 1273 2170 1298 non
2197 1262 2241 1298 ab

1188 1320 1259 1355 alio
1275 1321 1503 1356 conversatio
1520 1326 1556 1355 et
1574 1322 1703 1364 virtus,
1723 1332 1830 1366 quam
1849 1323 1968 1358 studet
1994 1323 2068 1359 sive
2084 1334 2127 1359 ex
2150 1330 2239 1367 ῐοιο,

1188 1381 1263 1416 sive
1283 1391 1327 1416 ex
1348 1385 1478 1426 parte:
1502 1381 1565 1416 sed
1590 1381 1656 1426 ipsi
1678 1382 1738 1426 qui
1771 1382 1845 1428 agit
1876 1383 2114 1428 reputabitur.
2140 1383 2240 1419 Divi-

1189 1440 1279 1475 sioni
1304 1440 1400 1475 enim
1428 1439 1646 1486 legislatoris
1668 1441 1826 1484 intende,
1846 1443 2146 1487 quemadmodum
2160 1454 2242 1479 san-

1188 1499 1350 1535 ctificare
1369 1501 1445 1535 sive
1460 1510 1675 1536 consecrare
1690 1501 1835 1537 domum
1850 1503 1906 1538 vel
1923 1513 2048 1550 agrum
2063 1504 2241 1541 volentem

1188 1561 1500 1596 consecrationem
1527 1560 1627 1606 prius
1646 1560 1770 1596 facere
1788 1561 1880 1605 vult,
1902 1563 2026 1608 sicque
2066 1563 2098 1599 ei
2117 1564 2243 1610 praeci-

1186 1623 1238 1668 pit
1255 1623 1446 1665 redimere,
1464 1633 1544 1668 quae
1567 1622 1792 1658 sanctificata
1812 1627 1910 1666 sunt,
1930 1623 1975 1658 Et
1993 1630 2090 1667 tunc,
2111 1624 2240 1671 inquit,

1187 1682 1375 1728 possidebit
1405 1694 1508 1726 eum,
1546 1682 1615 1718 ltoc
1643 1682 1767 1729 procul
1804 1683 1912 1719 dubio
1938 1684 2124 1727 mandans,
2159 1685 2243 1730 quia

1186 1748 1329 1788 oportet
1351 1743 1495 1789 quidem
1516 1753 1582 1779 nos
1605 1753 1671 1790 per
1697 1744 1926 1780 sacerdotum
1958 1745 2175 1788 doctrinam,
2208 1750 2245 1781 et

1187 1804 1371 1849 regulam,
1406 1809 1442 1839 et
1477 1803 1602 1849 leges,
1637 1808 1799 1839 nostram
1836 1803 2150 1840 conversationem
2179 1814 2245 1850 gu-

1186 1864 1363 1907 bernare,
1404 1865 1547 1908 quando
1585 1875 1664 1901 eam
1702 1864 1803 1910 prius
1838 1863 2136 1908 sanctificamus;
2180 1864 2243 1900 sed

1186 1931 1328 1970 oportet
1357 1930 1393 1959 et
1415 1925 1614 1970 proficere,
1645 1931 1681 1960 et
1708 1925 1851 1961 illorum
1872 1925 2046 1961 doctrinae
2076 1929 2242 1962 nostrum

1187 1985 1342 2031 adjicere
1368 1986 1606 2022 intellectum.
1633 1985 1785 2032 Propter
1817 1987 1913 2032 quod
1932 1986 2066 2022 Paulus
2097 1987 2143 2022 ad
2178 1986 2241 2022 Ti-

1687 2045 1848 2091 Intelliqe
1889 2057 1967 2092 quce
2006 2046 2085 2081 dico
2126 2054 2139 2079 .·
2173 2046 2239 2081 da-

1187 2107 1234 2142 bit
1266 2108 1358 2142 enim
1391 2107 1454 2142 tibi
1482 2107 1655 2142 Dominus
1683 2107 1721 2141 in
1751 2105 1911 2141 omnibus
1943 2105 2156 2141 intellectum
2182 2105 2240 2152 (11

1187 2167 1277 2202 Tim.
1297 2167 1352 2214 ιι).
1385 2167 1430 2202 Ει
1457 2172 1542 2202 tunc
1570 2166 1836 2213 possidebimus
1859 2166 2005 2212 proprie
2027 2176 2107 2212 quae
2126 2166 2242 2213 egeri-

1185 2239 1266 2264 mus
1288 2228 1586 2265 sanctificationis
1605 2225 1790 2273 proxima}
1815 2228 1869 2263 sin
1895 2233 2015 2263 autem
2039 2228 2133 2265 hanc
2153 2229 2246 2265 divi-

1186 2290 1326 2325 sionem
1344 2300 1415 2325 non
1431 2289 1607 2324 fuerimus
1622 2289 1756 2331 intuiti,
1774 2289 1856 2324 vide
1872 2289 1956 2334 quid
1970 2290 2163 2334 patiemur.
2182 2289 2245 2326 Se-

1186 2351 1309 2396 quitur
1327 2349 1423 2385 enim
1444 2361 1451 2383 :

1237 2410 1277 2446 Si
1299 2415 1416 2444 autem
1437 2408 1588 2444 noluerit
1603 2408 1786 2451 redimere,
1813 2408 1872 2443 sed
1892 2408 1995 2444 alteri
2012 2408 2152 2444 cuilibet
2169 2409 2245 2454 lue-

1187 2472 1232 2505 rit
1250 2468 1484 2511 venundatus,
1502 2467 1596 2502 ultra
1615 2478 1709 2510 eum,
1729 2469 1788 2514 qui
1808 2473 1959 2510 voverat,
1988 2467 2155 2503 redimere
2175 2479 2244 2504 non

1185 2532 1324 2577 poterit,
1350 2531 1433 2576 quia
1461 2539 1540 2564 cum
1561 2528 1700 2574 jahitoei
1729 2529 1858 2563 venerit
1885 2527 1974 2571 dies,
2002 2527 2243 2573 sanctificatus

1186 2593 1252 2627 erit
1283 2591 1447 2632 Domino,
1470 2595 1501 2624 et
1522 2589 1692 2635 possessio
1712 2594 1913 2623 consecrata
1944 2588 1989 2622 ad
2009 2588 2071 2634 jus
2096 2588 2243 2634 pertinet

1186 2652 1418 2688 sacerdotum.
1448 2650 1542 2685 Ecce
1568 2650 1741 2684 damnum
1765 2647 1843 2693 ejus
1862 2648 1923 2693 qui
1949 2658 2092 2694 semper
2111 2648 2155 2683 ab
2172 2647 2243 2683 alio

1186 2724 1276 2759 opus
1308 2713 1417 2748 habet
1447 2711 1654 2758 gubernari,
1682 2715 1805 2746 etnon
1824 2709 1982 2755 proficit,
2011 2720 2078 2746 nee
2096 2709 2243 2754 juvatur

1187 2785 1231 2810 ex
1262 2773 1415 2808 aliorum
1442 2771 1620 2813 doctrina,
1650 2771 1713 2806 sed
1731 2780 1816 2806 suus
1836 2779 1978 2816 semper
2002 2770 2078 2816 ipse
2097 2771 2168 2806 dux
2188 2776 2244 2807 est

1187 2836 1231 2871 ad
1265 2835 1403 2880 agenda
1427 2833 1548 2873 utilia,
1584 2841 1651 2877 per
1680 2831 1869 2878 praesentia
1906 2835 2028 2877 aperte
2061 2830 2243 2878 legislator

1187 2896 1356 2933 ostendit.
1380 2895 1449 2939 Qui
1464 2893 1560 2929 enim
1586 2892 1812 2929 consecravit
1839 2902 1965 2939 agrum
1980 2898 2017 2928 et
2033 2898 2159 2939 postea
2182 2903 2241 2929 re·

1188 2958 1313 3001 demit,
1342 2957 1401 2993 ille
1422 2961 1477 2992 est
1498 2956 1560 3002 qui
1581 2965 1684 2992 suam
1707 2955 2018 2991 conversationem
2037 2955 2097 2991 alii
2114 2955 2244 3003 guber-

1186 3031 1275 3056 nare
1289 3019 1465 3066 permisit,
1501 3023 1700 3065 posteaque
1728 3019 1871 3065 adjutus
1896 3024 1952 3055 est
1972 3024 2008 3054 et
2026 3018 2244 3064 conquisivit

1186 3081 1423 3123 intellectum,
1458 3085 1498 3115 ut
1524 3078 1600 3124 jam
1626 3083 1735 3123 esset,
1759 3080 1853 3116 sicut
1870 3080 1921 3115 ait
1936 3080 2127 3125 propheta,
2147 3079 2243 3114 doci-

1187 3142 1264 3177 bilis
1288 3142 1368 3184 Dei,
1395 3147 1430 3177 et
1451 3141 1642 3186 disponere
1670 3140 1765 3187 apud
1797 3141 2030 3184 semetipsum
2059 3139 2174 3184 possit
2203 3138 2241 3173 in

1186 3203 1308 3238 futuro
1332 3212 1412 3248 quae
1436 3202 1646 3248 expediunt,
1675 3202 1733 3236 hic
1761 3210 1886 3246 agrum
1915 3209 2016 3235 suum
2047 3198 2114 3234 sibi
2145 3197 2240 3233 reci-

1188 3265 1290 3309 piens
1317 3263 1548 3309 conquisivit.
1569 3262 1636 3305 Qui
1659 3266 1778 3296 autem
1806 3259 1893 3294 nihil
1920 3258 2062 3304 proficit
2084 3267 2128 3293 ex
2155 3257 2242 3294 alte-

1189 3326 1265 3362 rius
1299 3324 1575 3369 gubernatione,
1611 3332 1677 3358 nec
1703 3320 1893 3366 acquisivit
1914 3306 2150 3362 intellectum,
2177 3319 2240 3356 sed

1189 3396 1332 3431 semper
1348 3395 1439 3430 opus
1461 3384 1598 3419 habens
1618 3382 1663 3417 ab
1678 3381 1749 3416 alio
1768 3379 1888 3415 doceri
1911 3383 1946 3413 ct
1976 3378 2058 3414 talis
2083 3379 2240 3416 existere

1188 3445 1312 3490 quales
1333 3444 1479 3479 suerunt
1503 3441 1647 3486 quidam
1677 3438 1896 3480 Judaeorum‚
1915 3437 2046 3482 quibus
2065 3437 2159 3474 Deus
2173 3447 2239 3485 per

1187 3502 1435 3548 propheticam
1459 3508 1581 3534 vocem
1609 3498 1832 3543 exprobrans
1855 3496 1940 3532 talia
1959 3496 2128 3534 dicebat:
2146 3497 2239 3541 Quia

1187 3561 1289 3597 electi
1309 3565 1390 3594 sunt
1407 3569 1451 3594 ex
1468 3564 1580 3600 utero,
1608 3557 1722 3592 edocti
1751 3557 1794 3592 ab
1822 3557 1975 3603 infantia
2001 3569 2111 3605 usque
2126 3558 2173 3594 ad
2186 3569 2240 3594 se-

1188 3626 1358 3657 nectutem
1377 3618 1461 3666 (Ose
1475 3617 1549 3660 x1);
1570 3623 1605 3652 ct
1622 3628 1747 3654 rursus
1764 3627 1774 3652 z
1791 3617 1961 3665 Ephraim
1975 3619 2064 3654 sicut
2078 3618 2238 3655 columba

1188 3684 1366 3718 insensata
1397 3690 1464 3714 non
1495 3679 1626 3714 hahens
1644 3689 1704 3714 cor
1721 3676 1872 3725 (Ibid.);
1897 3678 1981 3724 quia
1998 3678 2028 3715 si
2049 3678 2163 3716 malos
2177 3680 2239 3715 do-

1189 3749 1309 3780 ctores
1334 3737 1528 3782 invenerit,
1552 3738 1647 3775 mala
1667 3738 1784 3776 modis
1802 3738 1971 3776 omnibus
1986 3744 2182 3787 operatur:
2200 3743 2240 3776 ut
