2540 4016
311 169 380 206 925

306 314 379 347 μου
407 303 516 347 dehet
539 305 680 355 aliquid
701 306 900 350 femineum
925 309 980 346 vel
1002 308 1110 351 molle
1138 308 1177 344 in
1200 318 1271 349 sna
1298 308 1360 350 do-

306 362 426 402 ctrina
449 362 597 408 habere.
627 364 813 410 Moraliter
838 372 958 410 aul-em
987 367 1093 411 docet
1111 367 1208 418 quod
1227 378 1359 411 unum-

301 432 486 470 quemque
512 433 640 468 sexum
669 425 787 469 ,induit
805 431 935 469 natura
961 426 1181 471 indumentis
1201 427 1246 467 ad
1269 437 1358 470 usus

304 483 464 520 diversos
479 484 633 525 diversis
653 496 662 521 :
683 485 829 532 utrique
847 486 951 523 sexui
967 486 1131 526 diversus
1146 488 1261 533 color,
1281 499 1357 526 mo-

304 550 374 588 tus,
390 544 565 590 incessus,
585 545 682 583 vires
698 546 863 585 diversae.
883 559 896 582 ‹
916 547 1052 584 Docere
1071 554 1205 593 antem,
1224 549 1355 596 inquit,

302 606 446 644 mu'lieri
471 618 545 644 non
574 609 759 657 permitto,
786 619 903 656 neque
933 610 1110 653 dominari
1126 612 1164 647 in
1184 612 1316 652 virum.
1337 625 1350 647 ι

302 667 416 710 Quam
444 667 604 704 deforme
634 674 755 706 autem
786 669 904 710 virum
934 670 1054 708 facere
1085 683 1196 718 opera
1227 673 1356 709 mulie-

301 728 396 763 bria!
420 728 514 774 Ergo
535 733 571 764 et
586 729 744 776 pariant,
765 740 851 778 ergo
870 723 1087 777 parturiant,
1107 734 1168 780 qui
1193 734 1355 780 crispant

301 799 441 825 comam
474 790 567 826 sicut
602 796 638 827 et
663 790 885 830 feminoezet
915 799 1036 831 tamen
1072 796 1142 831 ill-,e
1175 796 1351 840 velantur,

301 848 361 885 isti
396 850 666 895 belligerantur,
707 851 838 889 Verum
869 854 1052 891 habebant
1082 857 1353 894 excusationem

301 911 362 956 qui
381 912 518 957 patrios
537 918 738 958 sequuntur
757 924 856 958 usus,
879 916 942 951 sed
963 921 1082 956 tamen
1107 916 1295 961 barbaros,
1315 922 1355 953 ut

299 971 431 1017 Persae,
453 980 491 1009 ut
508 973 631 1018 Gothi,
651 980 691 1010 ut
707 974 882 1012 Armenii.
907 976 1019 1022 Major
1039 978 1183 1023 quidem
1207 984 1262 1015 est
1288 990 1353 1015 na-

304 1039 386 1070 tura
422 1045 530 1080 quam
567 1036 698 1083 patria.
736 1036 829 1080 Quid
866 1038 909 1075 de
950 1038 1028 1074 aliis
1068 1040 1219 1076 dicimus
1237 1067 1246 1083 ,
1286 1041 1348 1086 qui

297 1093 366 1138 boc
406 1094 450 1129 ad
484 1094 666 1138 luxuriam
702 1095 936 1136 derivandum
974 1103 1129 1143 putant,
1178 1105 1217 1136 ut
1255 1101 1350 1136 cala-

735 167 775 205 Β·
800 169 971 216 ΒΑΒΑΝΙ
996 169 1145 217 mum
1172 169 1386 215 sanw-
1406 169 1618 220 HQGUNT·
1643 172 1837 220 ΟΡΕΒΗΜ
1859 174 1980 220 PARS
2003 175 2031 211 1·

309 254 389 283 nea.
406 243 477 292 Qui
496 252 595 289 emm
610 244 667 290 vir
679 251 788 291 estet
803 247 1045 296 principatum
1061 249 1156 297 gerit
1171 247 1357 291 Ecclesi&
1376 247 1411 293 A
1427 250 1514 284 ²⁴¹1·ss
1547 258 1562 289 t
1578 247 1716 291 Deinde
1740 249 1863 301 posuit
1887 249 2022 292 iterum
2050 258 2184 294 ‚mamm
2215 259 2324 299 Super
2350 262 2420 302 ow

1429 308 1521 357 eius·
1539 313 1578 354 ,et
1599 309 1712 356 coenit
1729 310 1877 354 videi-«³³
1896 315 1933 353 et
1953 310 2144 355 restitutus
2156 316 2230 365 est,
2249 311 2300 359 ita
2316 319 2360 354 ut
2376 314 2408 351 v·
2424 354 2430 360 „

1426 361 1491 412 ret,
1508 361 1612 415 'clare
1635 371 1770 415 omnia.
1788 384 1802 410 ι
1821 369 1933 418 ,Prius
1957 371 2079 426 itaque
2098 374 2374 427 per·speeuk1m
2389 376 2422 415 v·
2450 377 2460 386 “

1426 441 1473 470 ex
1487 432 1736 475 similitudine,
1755 436 1796 467 ut
1813 432 2042 483 postmodnm
2059 433 2198 479 videret
2216 434 2314 478 clare
2336 446 2381 480 ex
2398 447 2444 484 pe

1423 490 1593 535 rectione,
1615 491 1670 528 Ad
1686 491 2000 538 contemplativam
2025 503 2112 541 ergo
2128 495 2240 538 vitam
2258 496 2296 540 in
2315 497 2373 535 his
2390 509 2476 536 ver.-

1423 552 1480 589 bis
1498 559 1614 596 mater
1634 552 1712 590 ovis
1736 553 1895 598 incubat,
1913 554 1997 603 quia
2027 565 2132 598 sacra
2153 557 2305 602 historia
2322 560 2394 597 hoe
2418 560 2477 598 in.-

1424 611 1589 660 cipiendo
1604 612 1642 648 in
1660 612 1850 660 aenigmate
1873 613 2034 657 insinuat
2052 627 2118 666 per
2138 618 2234 664 quod
2251 618 2386 666 aliquid
2403 620 2477 657 for-

1424 670 1496 705 tius
1523 672 1754 716 postmodum
1778 672 2046 718 demonstrans,
2070 675 2185 722 pullos
2213 677 2375 718 viventes
2393 689 2477 726 pro-

1423 729 1542 765 ducat.
1558 730 1692 769 Paulus
1718 742 1860 779 quoque
1880 735 2078 780 apostolus,
2108 747 2191 777 cum
2222 739 2397 784 quosdam
2418 740 2475 776 in-

1422 789 1648 827 continenter
1679 791 1801 827 vivcre
1833 794 2075 840 cognovisset,
2106 797 2295 839 admonuit
2321 798 2472 839 dicens:

1426 864 1438 885 (
1458 851 1609 899 Propter
1634 853 1911 892 fornicationem
1942 856 2064 904 itaque
2097 860 2344 906 unusquisque
2373 870 2475 897 suam

1420 925 1571 951 uxorem
1599 916 1742 962 habeat,
1769 924 1805 954 et
1823 929 2047 965 unaquaeque
2073 929 2177 960 suum
2202 920 2320 961 virum
2344 920 2505 964 habear*

1421 976 1457 1023 (Ι
1473 976 1555 1012 Cor.
1573 978 1652 1025 vu).
1674 992 1686 1013 ι
1724 980 1768 1015 Ει.
1787 991 1868 1016 cum
1899 991 1989 1016 uxor
2018 981 2184 1016 habenda
2213 991 2285 1017 non
2314 981 2380 1026 sit,
2403 981 2474 1019 nisi
2496 991 2502 1003 ¹

1418 1036 1612 1075 liberorum
1627 1041 1932 1086 procreandorum
1955 1041 2084 1088 gratia,
2106 1051 2151 1077 ne
2169 1041 2250 1088 quis
2267 1042 2302 1084 iu
2321 1041 2476 1078 fornica-

1419 1097 1526 1134 tionis
1553 1099 1657 1145 culpa
1677 1099 1874 1146 laberetur,
1893 1102 2074 1138 concessit
2094 1102 2305 1148 conjugibus
2323 1103 2473 1148 aliquid,

296 1154 484 1191 mistretos
502 1161 538 1191 et
557 1160 745 1201 torquatos
774 1157 929 1194 habeant
957 1160 991 1194 in
1025 1161 1248 1206 ministerio,
1282 1162 1349 1208 ipsi
1368 1168 1400 1207 Β
1420 1159 1515 1195 unde
1534 1160 1649 1196 adhuc
1670 1171 1818 1207 Surgere
1834 1162 1879 1197 ad
1895 1162 2043 1202 meliora
2063 1163 2278 1208 potuissent.
2301 1163 2370 1208 Qui
2387 1174 2474 1211 ergo

294 1214 437 1260 prolixa
464 1215 591 1259 barba,
617 1216 697 1252 illos
721 1218 870 1254 remissa
886 1219 1013 1254 coma?
1037 1220 1164 1257 Merito
1185 1222 1258 1258 illic
1277 1234 1348 1258 non

290 1280 463 1310 servatur
489 1276 716 1318 castimonia,
746 1278 808 1314 ubi
831 1289 902 1314 non
924 1285 1066 1316 tenetur
1090 1291 1198 1322 sexus
1218 1284 1347 1319 distin-

293 1333 387 1377 cti03
422 1334 459 1368 in
485 1344 558 1380 quo
587 1336 770 1372 evidentia
788 1344 928 1374 naturae
958 1342 1165 1386 magisteria
1193 1349 1277 1379 sunt
1297 1345 1350 1379 di-

294 1399 400 1434 cente
427 1393 628 1439 Apostolo:
652 1409 664 1429 ι
684 1397 840 1433 Dedecet
871 1399 1058 1435 mulierem
1090 1412 1161 1436 non
1193 1402 1349 1439 velatam

291 1464 398 1490 orare
418 1455 531 1491 Deum
552 1468 560 1490 :
583 1467 676 1493 anne
694 1458 773 1504 ipsa
793 1464 923 1495 natura
940 1460 1008 1496 hoc
1025 1462 1129 1497 docet
1147 1473 1210 1499 vos
1223 1489 1232 1506 ‚
1255 1466 1350 1510 quod

291 1514 347 1550 vir
373 1515 519 1560 quidem
550 1517 582 1554 si
615 1528 759 1554 comam
793 1520 938 1563 babeat,
975 1521 1171 1567 ignominia
1193 1529 1248 1559 est
1275 1524 1350 1560 illi?

291 1576 421 1613 mulier
449 1588 538 1615 vero
564 1579 596 1619 si
625 1580 773 1627 capillos
794 1581 940 1626 habeat,
962 1582 1076 1630 gloria
1094 1589 1152 1620 est
1168 1584 1235 1630 illi,
1259 1595 1349 1631 quo-

293 1638 391 1676 niam
405 1641 551 1686 quidem
563 1652 631 1689 pro
646 1642 825 1680 velamine
844 1652 927 1681 sunt
944 1645 977 1692 (1
994 1645 1074 1682 Cor.
1093 1646 1149 1692 ιι).
1171 1659 1184 1682 ι

667 1761 820 1799 CAPUT
854 1763 966 1801 XXX.

383 1844 435 1881 De
455 1846 562 1893 pullis
577 1850 760 1895 clavibus,
778 1857 811 1887 et
826 1853 911 1898 ovis,
935 1852 971 1889 in
990 1854 1071 1891 nido
1089 1856 1249 1892 inventis.

334 1935 453 1984 (lam.)
489 1950 502 1972 ‹
524 1937 562 1975 Si
581 1941 771 1980 ambulans
791 1951 858 1989 per
876 1943 986 1987 viam,
1009 1945 1045 1980 in
1066 1945 1196 1987 arbore
1225 1945 1282 1984 vel
1306 1946 1344 1982 in

289 2008 303 2037 a
326 2002 421 2033 terra
451 1999 576 2036 nidum
608 2002 686 2038 avis
716 2002 909 2048 inveneris,
937 2010 972 2040 et
990 2010 1144 2041 matrem
1164 2006 1272 2052 pullis
1287 2007 1344 2043 vel

1419 1222 1599 1258 concessit
1627 1223 1722 1259 unde
1750 1225 1891 1261 animus
1917 1225 2107 1272 conjugum
2123 1237 2236 1272 usque
2254 1228 2300 1263 ad
2322 1227 2473 1274 legalem

1418 1281 1556 1326 copiam
1573 1282 1721 1326 perduci
1741 1283 1931 1328 potuisset,
1953 1285 2055 1331 quasi
2075 1291 2190 1321 mater
2209 1287 2286 1323 avis
2303 1287 2338 1322 in
2359 1295 2471 1332 terra,

1418 1341 1454 1378 id
1473 1347 1541 1385 est,
1569 1343 1735 1386 historia,
1756 1343 1793 1379 in
1813 1345 1930 1380 activa
1958 1346 2031 1381 vita
2052 1347 2178 1395 'posuit
2198 1358 2277 1383 ova.
2301 1347 2370 1395 Ipsi
2389 1359 2473 1395 quo-
2519 1335 2535 1367 ἶ·

1419 1411 1489 1446 que
1508 1403 1764 1448 praedicatores
1785 1405 1902 1440 sancti
1929 1405 2010 1451 plus
2042 1407 2166 1444 volunt
2190 1409 2303 1444 Deum
2323 1410 2473 1455 diligere
2525 1413 2536 1446 Ξ

1421 1471 1529 1507 quam
1562 1462 1708 1506 timere;
1744 1463 1807 1499 sed
1837 1464 1867 1499 si
1902 1465 2067 1507 timorem
2099 1477 2168 1504 non
2199 1468 2396 1513 insinuant,
2428 1470 2473 1506 ad
2526 1487 2535 1493 ¹

1420 1531 1581 1558 amorem
1608 1523 1756 1560 minime
1785 1524 1997 1569 perducunt.
2030 1525 2130 1562 Unde
2162 1526 2263 1572 prius
2293 1528 2470 1565 terribilia
2523 1530 2540 1579 ἦ]

1416 1587 1452 1618 et
1480 1585 1708 1628 postmodum
1737 1585 1857 1621 dulcia
1882 1585 1980 1633 loqui
2003 1588 2132 1632 solent,
2166 1590 2259 1626 sicut
2285 1601 2349 1637 per
2374 1591 2475 1628 Psal-
2525 1598 2540 1621 ἵ

1415 1644 1560 1682 mistam
1594 1646 1751 1682 dicitur:
1779 1660 1790 1680 a
1807 1644 1985 1685 Virtutem
2015 1650 2231 1687 terribilium
2255 1656 2400 1694 tuorum
2419 1652 2472 1690 ‹li-
2525 1685 2540 1703 z

1416 1710 1521 1748 cent,
1563 1711 1599 1741 ct
1639 1708 1923 1754 magnitudinem
1970 1714 2069 1753 tuam
2106 1711 2306 1753 narrabunt
2346 1710 2470 1760 (Psal.
2535 1728 2540 1752 :

1414 1767 1548 1813 cxuv).
1565 1779 1577 1802 ›
1604 1767 1656 1804 Ac
1674 1768 1802 1804 deinde
1821 1770 2051 1817 subjungitur
2069 1783 2076 1806 :
2104 1784 2116 1806 e
2137 1771 2346 1817 Memoriam
2361 1774 2458 1811 abun
2534 1813 2540 1816 ,

1415 1826 1547 1862 dantiae
1570 1828 1759 1866 suavitatis
1780 1835 1851 1866 tute
1868 1830 2099 1877 eructabunt,
2123 1838 2160 1868 et
2171 1832 2312 1880 justitia
2330 1839 2390 1874 tua
2408 1844 2471 1870 ex·.-
2536 1854 2540 1855 ν

1414 1878 1602 1924 sultabunt
1623 1888 1786 1937 (lbid.).›
1809 1890 1959 1934 Quando
1989 1902 2075 1939 ergo
2093 1892 2173 1929 ideo
2199 1898 2335 1933 terrent
2363 1899 2402 1937 ιιι
2426 1893 2471 1935 ad
2527 1883 2540 1901 ⁷

1415 1959 1577 1986 amorem
1615 1959 1836 1997 provocent,
1872 1964 1939 1989 ova
1972 1959 2123 2000 ponunt.
2165 1954 2356 1991 «Perfecta
2386 1965 2470 2001 ergo

1415 2012 1573 2048 charitas
1602 2011 1699 2050 foras
1723 2014 1834 2050 mittit
1854 2014 2018 2056 timorem
2036 2015 2067 2062 (1
2086 2015 2271 2061 Joan.1v).
2287 2028 2300 2049 ι
2322 2016 2367 2051 Et
2385 2020 2470 2051 tunc
2527 2029 2540 2032 ·

287 2069 304 2097 a
324 2059 401 2096 ovis
418 2059 573 2107 desuper
597 2063 843 2108 incubantem,
876 2076 948 2101 non
983 2067 1120 2106 tenebis
1147 2077 1227 2105 eam
1259 2078 1342 2104 cum
1362 2068 1391 2109 C
1412 2072 1498 2118 pulli
1531 2073 1652 2108 vivere
1686 2073 1878 2119 incipiunt,
1907 2075 2051 2119 quando
2079 2075 2152 2121 jam
2181 2075 2365 2111 formidini
2397 2085 2468 2111 non

287 2130 302 2159 1
322 2118 416 2162 filiis,
441 2121 504 2156 sed
536 2121 636 2158 abire
667 2124 830 2169 patieris,
859 2132 984 2171 captos
1015 2132 1142 2164 tenens
1166 2128 1273 2172 filios,
1301 2133 1341 2167 ut

289 2189 302 2212 ι
320 2179 412 2218 bene
433 2180 479 2221 sit
497 2181 574 2227 tibi,
600 2188 637 2219 et
659 2183 766 2231 longo
791 2186 893 2222 vivas
917 2191 1090 2234 tempore.
1110 2203 1122 2224 ι
1150 2189 1220 2226 Per
1246 2190 1340 2226 viam
1369 2230 1375 2243 ,

283 2237 378 2284 imus
396 2241 540 2286 quando
559 2252 626 2289 per
642 2250 859 2290 praesentem
876 2247 989 2284 vitam
1007 2250 1205 2298 pergimus,
1229 2256 1266 2287 et
1282 2253 1339 2287 ni-

282 2299 350 2336 dus
372 2301 449 2340 avis
476 2302 514 2341 in
541 2304 671 2342 arbore
699 2306 755 2342 vel
774 2307 809 2342 in
837 2314 934 2344 terra
961 2315 1029 2353 est,
1054 2312 1198 2356 quando
1227 2314 1338 2348 verba

282 2358 445 2402 historiae
480 2369 542 2400 aut
573 2364 611 2403 in
640 2368 917 2414 contemplativa
947 2377 1042 2413 sunt,
1073 2377 1135 2407 aut
1158 2373 1194 2409 in
1223 2374 1340 2410 activa

282 2422 355 2463 vita
375 2435 383 2458 :
404 2434 487 2460 nam
504 2433 683 2477 praecepta
698 2429 838 2474 activae,
859 2432 935 2467 avis
959 2432 1066 2469 nidus
1084 2434 1121 2470 in
1138 2441 1235 2470 terra
1252 2440 1309 2471 est
1327 2447 1336 2471 :

281 2489 461 2530 praecepta
494 2488 802 2535 contemplativae,
837 2491 942 2529 nidus
974 2493 1010 2537 in
1045 2494 1187 2538 arbore.
1226 2495 1339 2535 Mater

282 2554 368 2586 vero
386 2547 492 2592 pullis
515 2549 572 2585 vel
608 2551 686 2589 ovis
718 2553 881 2599 incubat,
916 2558 1060 2602 quando
1087 2557 1165 2603 ipsa
1185 2558 1338 2600 historia

282 2603 503 2650 intellectum
527 2609 726 2656 spiritalem
743 2612 843 2650 fovet
863 2626 872 2649 :
894 2619 930 2649 et
950 2616 1112 2661 quaedam
1133 2617 1240 2662 plano
1259 2618 1332 2654 elo-

281 2665 365 2711 quio
379 2667 481 2714 quasi
494 2668 611 2715 pullos
619 2671 770 2717 profert,
788 2675 950 2718 quaedam
966 2685 1052 2713 vero
1065 2675 1115 2711 ita
1131 2676 1332 2720 insinuans,

282 2729 323 2760 ut
339 2735 381 2767 cx
402 2726 455 2762 eis
475 2728 593 2775 adhuc
618 2730 771 2778 legentis
792 2734 951 2775 animum
978 2736 1022 2772 ad
1053 2736 1182 2775 altiora
1200 2739 1336 2785 perdu-

281 2790 354 2828 cat,
379 2787 483 2840 quasi
502 2788 618 2826 adhuc
635 2791 700 2833 snb
720 2802 759 2828 se
778 2803 846 2830 ova
865 2796 1023 2832 continet
1038 2807 1083 2834 ex
1101 2798 1232 2843 quibus
1256 2799 1335 2846 pul-

279 2842 333 2880 los
346 2847 537 2893 producat.
568 2848 643 2889 Ova
672 2852 767 2896 enim
797 2853 932 2893 idcirco
950 2857 1141 2902 pariuntur
1160 2865 1200 2894 ut
1216 2869 1263 2896 ex
1282 2860 1336 2896 eis

279 2906 364 2951 pulli
395 2909 547 2953 debeant
566 2910 662 2952 duci.
689 2913 734 2948 Et
760 2921 844 2957 sunt
862 2917 1027 2963 quaedam
1044 2921 1335 2966 contemplativae

278 2965 363 3001 vitae
382 2978 461 3012 quae
478 2979 544 3014 per
564 2972 739 3016 quasdam
757 2976 865 3017 modo
883 2977 1060 3023 imagines
1080 2979 1262 3024 videntur,
1290 2989 1331 3018 ut

277 3027 505 3073 postmodum
541 3030 636 3066 sicut
668 3038 752 3068 sunt
779 3034 857 3079 ipsa
887 3046 950 3071 sua
982 3037 1116 3074 virtute
1138 3046 1175 3075 et
1201 3047 1331 3079 natura

277 3085 480 3124 videantur.
521 3088 612 3125 Nam
647 3091 781 3132 Paulus
809 3095 884 3130 ait:
907 3108 918 3129 ι
936 3096 1108 3135 Videmus
1140 3111 1237 3138 nunc
1264 3113 1331 3149 per

276 3148 460 3193 speculum
474 3150 514 3186 in
527 3152 731 3199 aenigmate,
758 3160 843 3197 tunc
867 3165 989 3195 autem
1013 3159 1106 3198 facie
1130 3164 1175 3199 ad
1200 3163 1330 3202 taciem

276 3209 312 3256 (Ι
327 3210 408 3247 Cor.
426 3213 520 3261 xm),
535 3227 547 3249 ›
570 3214 617 3258 Et
635 3225 754 3263 ,emens
772 3229 853 3256 eum
878 3229 945 3269 per
964 3221 1231 3270 impositionem
1250 3237 1328 3264 ma-

274 3280 385 3315 nuum
417 3273 671 3323 Redemptoris
695 3278 772 3327 jam
802 3280 924 3319 lumen
945 3284 1107 3332 recipere
1137 3287 1308 3333 coepisset
1320 3316 1331 3333 ,

274 3333 470 3378 requisitus
487 3341 544 3378 est
559 3337 646 3384 qnid
658 3339 796 3380 videret
810 3346 848 3377 et
864 3342 979 3379 dixit:
1004 3356 1017 3381 ι
1037 3345 1149 3382 Video
1165 3347 1331 3389 homines

274 3393 372 3434 velut
380 3395 528 3439 arbores
537 3399 763 3445 ambulantes
773 3400 1039 3453 (Matth.xv1n).
1047 3417 1061 3440 ι
1074 3404 1190 3453 Home
1198 3407 1331 3459 quippe

273 3459 403 3498 natura
422 3458 607 3502 rationalis
628 3466 685 3502 est
695 3489 705 3507 ‚
722 3463 831 3508 amor
845 3469 966 3509 autem
982 3475 1050 3502 nee
1064 3466 1246 3510 sensibilis
1262 3477 1331 3505 nee

272 3514 411 3559 vivens.
427 3516 471 3558 Et
483 3518 568 3569 quid
584 3520 653 3558 iste
671 3522 894 3565 illuminatus
911 3534 1029 3565 caecus
1049 3525 1243 3572 signifieat,
1259 3526 1330 3570 nisi

273 3583 387 3622 genus
411 3577 632 3625 humanum?
651 3584 713 3623 eui
730 3594 813 3621 cum
825 3584 999 3630 Dominus
1014 3586 1332 3634 contemplationis

273 3636 399 3676 oculos
412 3641 549 3687 aperit,
566 3643 668 3696 prius
684 3646 848 3692 quaedam
866 3647 905 3689 in
924 3649 1116 3696 aenigmate
1132 3649 1329 3703 conspicit,

271 3701 316 3734 ιιι
327 3702 557 3746 postmodum
571 3704 632 3741 illa
645 3716 733 3744 vera
746 3712 782 3744 et
799 3708 1027 3754 rationabilia
1046 3711 1250 3755 eoelestium
1268 3722 1330 3766 ag·

273 3758 374 3808 mina
387 3762 483 3806 sieut
505 3771 590 3812 sunt
606 3767 725 3821 possit
742 3769 917 3816 aspicere.
941 3769 1043 3815 Unde
1058 3776 1098 3818 ,et
1110 3771 1186 3819 illic
1202 3772 1330 3820 subdi-

1413 2132 1663 2168 succumbunt.
1688 2132 1768 2179 Ipsa
1786 2143 1928 2180 quoque
1952 2134 2010 2170 lex
2027 2144 2094 2172 ova
2114 2135 2233 2180 posuit
2254 2144 2335 2169 eum
2354 2134 2464 2170 dicit:

1416 2205 1428 2227 ‹
1445 2192 1594 2229 Oculum
1608 2204 1673 2240 pro
1688 2194 1806 2237 oculo,
1824 2195 1964 2230 dentem
1982 2204 2047 2240 pro
2063 2195 2168 2230 dente
2189 2194 2312 2241 (Levit.
2328 2194 2464 2242 ΠΜ.»

1412 2253 1484 2289 Sed
1501 2253 1617 2299 pullos
1646 2254 1817 2299 produxit
1847 2255 2090 2301 postmodum,
2122 2265 2203 2291 cum
2230 2255 2342 2292 dicit:
2367 2268 2378 2288 ι
2394 2254 2468 2291 Nec

1411 2324 1551 2360 quaeras
1582 2314 1770 2359 ultionem,
1804 2326 1871 2352 nec
1904 2327 2043 2352 memor
2070 2317 2142 2352 eris
2168 2315 2307 2362 injuriae
2334 2316 2465 2352 civium

1410 2381 1567 2411 tuorum.
1590 2389 1600 2409 ι
1633 2375 1703 2412 Sed
1727 2378 1924 2413 notandum
1948 2377 2044 2424 quod
2064 2378 2108 2414 de
2130 2378 2198 2414 hac
2217 2384 2333 2414 matre
2352 2377 2466 2424 pullo-

1409 2446 1490 2472 rum
1506 2436 1640 2472 dicitur
1658 2446 1666 2472 ε
1691 2449 1703 2470 ι
1718 2436 1797 2473 Non
1816 2438 1954 2478 tenebis
1971 2448 2049 2475 cam
2065 2449 2147 2480 cum
2167 2438 2264 2481 filiis,
2283 2438 2345 2474 sed
2364 2438 2465 2474 abire

1408 2498 1572 2544 patieris,
1601 2504 1726 2546 captos
1755 2506 1882 2541 tenens
1901 2499 2009 2544 filios,
2034 2499 2118 2545 quia
2150 2498 2288 2535 scilicet
2315 2498 2352 2535 in
2380 2498 2463 2544 qui-

1407 2558 1559 2594 busdam
1589 2558 1678 2595 locis
1703 2559 2012 2607 praetermittenda
2041 2565 2098 2599 est
2123 2559 2290 2602 historia,
2322 2563 2362 2595 ut
2396 2557 2464 2595 soli
2531 2597 2540 2619 ·.

1407 2617 1514 2664 hujus
1545 2618 1672 2655 matris
1695 2619 1808 2666 pulli,
1839 2618 1875 2655 id
1907 2625 1977 2663 est,
2013 2619 2187 2667 spiritalis
2218 2618 2464 2665 intelligentiae
2528 2621 2540 2672 ἐ,

1407 2679 1511 2714 nobis
1537 2689 1666 2715 sensus
1686 2679 1721 2714 in
1748 2689 1850 2715 esum
1880 2679 2022 2724 veniat;
2057 2690 2124 2716 nec
2146 2690 2213 2722 nos
2239 2686 2368 2724 mater,
2400 2681 2462 2717 sed

1407 2739 1582 2785 spiritalis
1599 2739 1803 2776 intellectus
1827 2740 1995 2776 sensibus
2015 2740 2133 2776 satiet.
2154 2739 2243 2776 Cum
2256 2740 2351 2775 enim
2370 2739 2439 2785 legi
2450 2759 2464 2779 -,

1405 2810 1487 2835 mus
1515 2810 1643 2835 aurum
1663 2805 1700 2836 et
1723 2805 1912 2846 argentum
1942 2800 2196 2847 AEgyptiorum
2216 2800 2262 2844 ab
2280 2799 2460 2848 lerosoly-

1405 2862 1530 2900 mitico
1556 2863 1687 2910 populo
1713 2863 1886 2910 petitione
1910 2863 2116 2910 deceptoria
2146 2864 2382 2910 subreptum,
2423 2869 2459 2900 et

1406 2935 1551 2960 rursum
1574 2935 1655 2960 cum
1675 2925 1827 2972 legimus
1846 2925 2006 2961 carnalia
2025 2924 2201 2964 sacrificia
2223 2925 2459 2971 omnipotenti

1403 2985 1477 3022 Deo
1493 2985 1667 3033 subjecta,
1685 2987 1772 3033 quid
1789 2987 1827 3023 in
1841 2987 1910 3024 hoc
1925 2988 2119 3030 verborum
2135 2986 2235 3031 nido,
2253 2986 2324 3025 uisi
2343 2993 2459 3033 mater

1402 3045 1616 3082 dimittenda
1630 3052 1698 3090 est,
1715 3053 1751 3083 et
1771 3046 1835 3083 filii
1853 3047 2023 3083 tenendi?
2037 3046 2110 3084 Nos
2123 3047 2221 3083 enim
2241 3057 2324 3084 cum
2343 3057 2363 3083 a
2379 3048 2459 3103 qui-

1401 3106 1551 3142 busdam
1581 3107 1814 3146 szeeularibus
1843 3107 2067 3155 vigilantiam
2093 3107 2228 3154 ingenii
2265 3108 2303 3145 in
2334 3107 2458 3145 defen-

1401 3166 1503 3203 sione
1522 3167 1686 3211 veritatis
1700 3168 1888 3212 trahimus,
1900 3173 2072 3210 eteorum
2089 3168 2272 3218 eloquium
2297 3169 2334 3205 in
2351 3179 2457 3211 usum

1401 3227 1629 3270 rectitudinis
1641 3228 1830 3273 vertimus,
1855 3229 1941 3274 quid
1963 3228 2061 3272 aliud
2075 3238 2187 3273 quam
2202 3229 2250 3273 ab
2269 3227 2450 3282 AEgyptiis
2504 3227 2505 3230 ’

1401 3294 1531 3320 aurum
1551 3291 1588 3320 et
1614 3290 1805 3332 argentum
1824 3286 1995 3331 tollimus,
2013 3291 2054 3330 ut
2071 3296 2115 3332 ex
2133 3296 2177 3332 eo
2189 3290 2226 3323 et
2238 3296 2304 3332 nos
2323 3287 2454 3330 divites
2504 3287 2506 3291 ’

1400 3343 1508 3390 effici,
1543 3350 1579 3387 et
1596 3346 1647 3390 illi
1674 3346 1817 3391 valeant
1847 3355 2025 3403 pauperes
2047 3346 2211 3390 ostendi?
2237 3346 2332 3395 sicut
2360 3348 2451 3390 seri-

1397 3411 1499 3454 ptum
1517 3411 1590 3454 est:
1608 3406 1673 3450 v«In
1690 3405 1937 3453 captivitatem
1957 3406 2162 3453 redigentes
2184 3417 2328 3453 omnem
2348 3407 2454 3451 intel-

1397 3467 1547 3514 lectum,
1569 3468 1604 3511 ‚in
1629 3467 1842 3518 obsequium
1864 3465 1998 3514 Christi
2027 3465 2084 3514 (II
2101 3465 2184 3502 Gor.
2203 3466 2256 3519 x),
2272 3480 2285 3502 ι
2305 3466 2348 3504 Et
2368 3477 2452 3514 eum

1397 3533 1522 3572 nostra
1555 3537 1710 3578 corpora
1741 3527 1962 3571 abstinentia
1997 3526 2199 3571 domamus,
2229 3527 2320 3575 quid
2350 3525 2449 3571 aliud

1367 3619 1370 3621 >
1398 3602 1507 3640 <tuam
1535 3590 1696 3637 earnalia
1723 3588 1903 3635 sacrificia
1931 3589 2170 3637 omnipotenti
2195 3581 2273 3634 ,Deo
2297 3579 2448 3634 exhibe-

1397 3653 1502 3700 mus?
1522 3651 1624 3698 Sicut
1646 3660 1802 3688 rursum*
1817 3660 1882 3698 per
1898 3649 2052 3695 Paulum
2074 3648 2232 3695 dicitur:
2253 3659 2268 3683 ‹
2284 3646 2334 3686 Ut
2349 3648 2450 3693 exhi-

1396 3711 1513 3756 beatis
1526 3720 1680 3759 corpora
1694 3714 1817 3750 vestra
1833 3710 1992 3754 hostiam
2008 3710 2189 3754 viventem
2203 3706 2324 3756 (Rom.
2340 3707 2445 3759 μὴ.)

1396 3772 1550 3820 Matrem
1577 3770 1692 3821 igitur·
1716 3770 1953 3819 dimittentes,
1972 3768 2091 3827 putto*
2107 3768 2266 3821 etim-ta
2293 3778 2380 3820 Q
2391 3767 2457 3834 1337*
