2540 4016
2502 149 2511 181 ἃ

347 237 412 276 127
771 227 811 262 B.
838 221 1007 261 RABAm
1032 218 1179 257 MAurn
1204 212 1420 253 Ancurae.
1448 210 1656 251 MOGUNT.
1683 210 1876 251 ornauit
1899 212 2022 250 rans
2042 213 2070 249 1.

318 325 322 329 -
345 320 424 349 mse
444 317 514 344 non
533 307 713 342 vetantur.
742 301 809 338 Hic
826 308 970 346 quoque
1001 287 1228 332 interdicitur
1246 290 1396 329 omnino
1414 291 1449 332 A
1466 289 1612 336 quando
1638 289 1716 336 iam
1746 290 1887 327 fructus
1923 289 2037 326 totius
2068 285 2154 323 anni
2179 283 2322 323 collecti
2347 289 2446 323 sunt.
2477 281 2510 318 l<

343 384 411 409 wn
423 371 558 417 jurare,
579 375 685 412 neque
702 374 763 410 per
785 361 921 403 coelnm,
950 369 1057 405 neque
1070 367 1143 404 ·per
1171 362 1315 398 terram,
1333 365 1393 389 ne-
1464 351 1543 387 haec
1560 351 1686 388 eadem
1712 351 1891 388 festivitas
1910 351 1948 387 in
1977 349 2131 397 septimo
2156 355 2296 392 mense,
2315 346 2431 408 {quem
2470 352 2510 391 lt„

343 445 407 482 que
427 442 487 479 per
504 424 714 467 Jerusalem,
741 433 848 469 neque
873 431 935 467 per
958 417 1056 454 aliud
1087 415 1221 464 aliquid
1239 425 1251 450 .·
1280 421 1318 450 ut
1349 415 1396 451 sit
1464 412 1553 449 hraei
1571 410 1737 456 Theseri,
1755 411 1971 449 Macedones
1990 410 2255 462 ὑπερθερεταῖον
2267 414 2411 452 vocant,
2430 407 2473 446 L

345 502 455 530 sermo
475 495 588 526 noster
604 491 754 527 tantum,
772 483 853 526 Est,
874 488 938 525 est,
956 479 1055 523 Non,
1077 489 1161 514 non.
1179 475 1396 522 Evangelica
1464 471 1503 508 ni
1517 472 1732 516 Octobrem
1754 473 1792 508 in
1808 471 1910 518 cujus
1926 471 2118 519 principio,
2134 469 2247 507 Judaei
2264 468 2456 506 solemnita
2480 463 2506 502 ·.'.

346 559 462 590 autem
479 549 611 585 veritas
630 555 702 582 non
730 542 857 588 recipit
875 542 1121 588 juramentum
1138 551 1147 574 :
1179 548 1261 574 cum
1279 537 1397 573 omnis
1467 537 1627 578 agentes,
1649 532 1804 579 amplius
1824 533 1911 568 tuba
1931 533 2124 576 canebant,
2146 537 2184 568 et
2202 531 2307 578 plura
2332 527 2497 589 offereb'3

345 619 460 649 sermo
473 607 599 649 fidelis,
615 615 681 651 pro
699 602 935 649 jurejurando
951 601 1009 637 sit.
1033 598 1136 636 Sicut
1151 598 1246 635 enim
1267 597 1397 632 salsum
1467 592 1660 635 sacrificia,
1694 603 1804 638 quam
1839 603 1904 639 per
1931 592 2091 638 singulos
2111 602 2269 629 menses.
2303 591 2343 627 In
2366 601 2437 638 qno
2463 600 2494 624 w
2531 640 2533 642 q

344 671 439 718 loqui
454 651 524 706 non
539 673 668 714 potest,
688 666 831 712 quinon
847 664 1031 710 loquitur3
1053 662 1105 698 sic
1123 660 1312 707 perjurare
1326 669 1398 694 ¹¹0ss
1467 653 1715 699 expiationum
1742 659 1862 698 erant,
1883 659 1919 691 et
1938 655 2015 692 dies
2036 654 2268 702 scenopegiae
2288 655 2415 691 ‘³0de
2433 664 2483 690 m
2531 656 2533 659 ¹

343 735 460 779 potest
490 730 553 776 qui
586 738 658 764 non
683 725 795 772 jurat.
827 724 880 760 Ne
901 734 988 770 ergo
1016 721 1214 768 juramenti
1249 730 1335 755 usus
1354 718 1400 755 ad
1469 724 1519 757 se,
1544 714 1684 750 decimo
1715 714 1842 759 quinto
1867 714 1926 750 die
1959 714 2251 758 celebrabantur,
2288 713 2479 750 solemnit&
2503 711 2528 746 ²¹

345 792 439 829 idola
471 789 618 826 colenda
645 791 874 834 provocaret,
902 783 1085 820 veteribus
1111 781 1214 827 quasi
1239 780 1400 827 parvulis
1470 775 1609 811 seilicet
1628 774 1960 818 tabernaculorum,
1994 774 2031 810 5¹¹
2058 785 2129 820 (1¹10
2158 774 2314 820 Plurima
2334 779 2371 810 θῑ
2396 774 2477 811 dive
2502 772 2533 807 ³¹

347 850 510 896 sublege
552 859 615 895 per
643 856 777 884 nomen
807 851 1038 882 externorum
1078 843 1226 878 deorum
1261 840 1399 886 jurare,
1470 835 1716 872 offerebantur
1752 835 1944 871 sacrificia.
1984 833 2070 870 Haec
2101 834 2300 871 seeundum
2331 834 2530 872 historiam·

347 911 589 952 denuntiatur,
607 908 792 954 magisque
820 906 856 941 in
877 904 941 941 Dei
959 903 1104 939 nomine
1123 902 1151 938 si
1182 900 1327 944 vellent,
1345 899 1403 945 ju·
1471 895 1689 943 Spiritaliter
1714 905 1858 942 quoque
1880 895 1995 932 tribus
2019 895 2158 932 vicibus
2189 905 2255 942 per
2274 906 2388 933 annos
2417 896 2490 937 sin
2516 890 2524 895 ’

348 981 441 1014 rare,
462 969 706 1016 permittitur:
739 967 798 1003 eui
828 965 964 1002 cultum
999 964 1160 1000 debitum
1195 973 1261 1008 per
1280 961 1403 998 omnia
1470 958 1524 995 los
1549 957 1642 994 festa
1672 957 1912 1001 celebramus,
1935 967 2018 993 cum
2040 957 2138 993 omni
2160 962 2322 1003 tempore
2348 959 2523 1003 praesent·

347 1031 554 1079 impendere
579 1028 797 1076 praecipitur‚
832 1026 925 1062 sicut
945 1024 1176 1061 victimarum
1204 1021 1403 1058 carnalium
1470 1020 1567 1063 vitae,
1609 1020 1647 1054 in
1687 1024 1821 1055 sanetae
1851 1019 2024 1054 trinitatis
2060 1018 2290 1054 consessione
2322 1028 2389 1064 per
2414 1017 2500 1054 fide
2522 1021 2532 1026 “

349 1093 482 1130 oblatio
498 1099 669 1126 concessa
692 1093 746 1124 est
781 1086 909 1123 iisdem
939 1087 976 1122 in
1009 1084 1144 1131 templo
1174 1083 1317 1119 Domini
1341 1081 1404 1118 uni
1472 1090 1573 1126 spem
1590 1084 1626 1116 et
1641 1080 1873 1123 charitatem,
1894 1080 2073 1116 bonorum
2093 1089 2244 1126 operum
2275 1078 2448 1124 obsequia
2468 1088 2526 1117 s«,

352 1155 425 1190 Deo
441 1153 573 1195 oflerri,
592 1162 637 1188 ne
655 1150 760 1188 idolis
778 1150 1003 1193 exhiberent,
1022 1148 1124 1194 cujus
1143 1156 1247 1183 usum
1262 1144 1404 1192 penitus
1473 1144 1664 1188 ritualiter,
1701 1144 1898 1191 gaudentes
1933 1143 2008 1180 Deo
2027 1142 2206 1179 conditori
2238 1147 2363 1179 nostro
2394 1141 2518 1187 exhiofi

354 1217 517 1252 descrere
531 1212 739 1249 noluissent.
1424 1201 1456 1240 Β
1475 1219 1568 1246 mus.
1591 1208 1681 1244 Nam
1701 1207 1839 1244 Pascha
1861 1207 2084 1243 celebramus
2100 1216 2226 1242 mense
2247 1216 2438 1250 novorum,
2459 1216 2522 1253 cu⁴

777 1269 927 1308 CAPUT
946 1269 1002 1306 111.
1473 1281 1539 1317 per
1565 1270 1775 1317 sanguinem
1803 1268 1885 1315 agni
1908 1266 2131 1303 immaculati
2165 1267 2210 1303 ab
2227 1265 2399 1313 AEgyptia
2427 1275 2464 1302 se
2497 1280 2501 1287 *

357 1349 408 1385 De
428 1349 537 1384 ,ribus
566 1347 838 1384 solemnitatibus
865 1346 1063 1394 pum-puis,
1092 1344 1129 1380 f„
1154 1343 1276 1390 (lm-bus
1308 1352 1407 1378 omne
1476 1337 1551 1368 tute
1567 1331 1724 1375 liberati,
1743 1340 1809 1376 per
1834 1329 2040 1375 spirituales
2060 1338 2173 1375 aquas
2192 1328 2237 1364 de
2254 1334 2378 1364 vetere
2397 1325 2497 1362 homi
2522 1376 2528 1377 ἶ

404 1395 631 1431 masculinum
673 1395 819 1431 Domino
856 1391 1073 1440 praesentari,
1103 1392 1140 1426 in
1169 1391 1241 1437 (eye
1276 1400 1406 1436 prcece-
1476 1393 1514 1428 in
1533 1402 1665 1428 novum
1686 1390 1908 1426 transimus:
1946 1389 2174 1426 ambulantes
2193 1399 2266 1426 non
2297 1388 2333 1425 in
2362 1389 2531 1424 vetusta

405 1450 498 1488 ptum
517 1448 580 1477 2³2·
1476 1452 1618 1495 litterae,
1639 1451 1702 1488 sed
1720 1451 1757 1486 in
1786 1451 1950 1487 novitate
1980 1450 2154 1497 spiritus;
2174 1460 2246 1496 quo
2271 1449 2308 1485 in
2325 1454 2462 1485 terram
2519 1447 2536 1494 j

407 1521 529 1556 Tribus
543 1521 671 1557 vicibus
687 1531 747 1567 per
773 1519 928 1566 sinqulos
954 1529 1064 1554 annos
1083 1517 1171 1564 festa
1195 1514 1409 1551 celebrabitis
1477 1513 1746 1561 promissionis,
1760 1523 1826 1559 per
1838 1511 1975 1548 Christi
2002 1511 2157 1558 gratiam
2176 1510 2320 1547 Domini
2338 1515 2376 1546 et
2394 1509 2484 1546 Red
2518 1510 2523 1511 ’

359 1581 488 1628 (Exod.
506 1582 626 1628 xxm).
660 1581 749 1617 Tres
770 1581 983 1616 festivitates
1015 1579 1214 1624 praecipuas
1243 1576 1410 1613 hocloco
1477 1573 1592 1621 ptoris
1622 1572 1769 1615 nostri,
1805 1571 1998 1618 pervenire
2032 1571 2230 1608 valeamus.
2269 1569 2499 1607 Solemnitat

360 1643 603 1678 observandas
630 1652 704 1686 prae
732 1642 810 1676 aliis
841 1640 1107 1682 festivitatibus,
1134 1638 1290 1674 maxime
1315 1647 1412 1672 com-
1479 1644 1565 1680 ergo
1602 1633 1737 1669 mensis
1772 1632 2040 1678 primitivorum
2073 1631 2314 1675 celebramus,
2350 1641 2432 1667 cum
2469 1639 2491 1666 o
2516 1670 2526 1672 v

361 1702 519 1744 mendat,
543 1701 579 1736 id
596 1707 662 1743 est,
678 1701 836 1743 Pasctue,
852 1700 1085 1735 Pentecostes
1115 1704 1151 1734 et
1167 1698 1409 1744 Seenopegiae.
1481 1695 1581 1730 nium
1599 1706 1748 1741 operum
1769 1699 1990 1737 nostrorum,
2014 1694 2241 1730 voluntatum
2263 1703 2306 1730 ac
2337 1703 2482 1730 sermon

364 1759 431 1804 Qui
452 1766 708 1806 consequenter
733 1766 944 1796 enumerat:
974 1759 1250 1801 solemnitatem,
1283 1756 1410 1802 inquit,
1481 1756 1661 1803 primitias
1682 1756 1832 1792 Domino
1850 1765 2122 1792 consecramus,
2151 1754 2428 1791 solemnitatem
2465 1768 2471 1787 ι

363 1832 563 1867 azymorum
578 1822 760 1857 custodies.
790 1821 927 1867 Septem
951 1820 1069 1855 diebus
1087 1818 1242 1854 comedes
1271 1827 1413 1862 azymas
1482 1827 1553 1862 que
1574 1817 1611 1851 in
1630 1816 1728 1851 exitu
1749 1815 1849 1858 anni,
1877 1816 2021 1860 quando
2047 1816 2275 1862 congregatis
2293 1814 2455 1862 frugibus
2471 1813 2527 1851 (1

364 1881 611 1926 sicutproecepi
643 1881 703 1915 tibi
727 1887 875 1926 tempore
909 1880 1035 1915 mensis
1066 1888 1247 1920 novorum,
1275 1876 1414 1922 quando
1485 1874 1715 1919 Scenopegiae
1754 1874 1984 1910 celebrantur
2003 1901 2012 1917 ,
2056 1879 2144 1910 tunc
2182 1875 2360 1911 veraciter
2394 1875 2503 1921 agim

364 1951 517 1986 eyressus
537 1951 571 1975 es
591 1940 634 1976 de
665 1940 831 1986 AEqypto.
861 1938 943 1973 Non
978 1938 1158 1983 apparebis
1176 1938 1212 1971 in
1234 1940 1415 1981 conspectu
1486 1935 1628 1981 quando
1664 1936 1893 1982 congregatis
1925 1936 2101 1972 virtutum
2137 1935 2329 1980 fructibus,
2365 1946 2480 1983 usque
2503 1932 2526 1971 ιἶ

365 2012 439 2036 meo
458 2012 597 2036 vacuus.
617 2000 682 2035 Hie
700 2000 834 2036 mensis
856 1999 950 2044 apud
968 1998 1138 2034 Hebraeos
1158 1996 1268 2033 Nisan
1298 1996 1418 2042 appel·
1486 1995 1593 2033 finem
1625 1997 1721 2040 vitae,
1741 2002 1777 2032 et
1810 1997 1997 2033 introitum
2028 1996 2128 2043 regni
2157 1996 2327 2039 coelestis,
2363 1990 2521 2043 pervens

366 2059 475 2101 latur,
507 2060 600 2104 apud
631 2058 774 2094 Graecos
803 2068 888 2094 vero
919 2058 1106 2105 xanticus,
1141 2057 1235 2103 apud
1268 2056 1416 2092 Latinos
1487 2059 1749 2096 contendimus.
1782 2058 1821 2094 ln
1851 2058 2094 2094 tabernaculis
2111 2058 2236 2104 utique
2266 2064 2404 2105 septem
2423 2057 2497 2095 dial
2528 2097 2530 2099 ,

368 2120 501 2165 Aprilis
520 2121 663 2156 dicitur.
700 2120 767 2164 Qui
798 2120 877 2156 ideo
908 2119 1041 2156 mensis
1059 2129 1233 2155 novorum
1254 2119 1418 2155 nomina·
1436 2100 1466 2142 C
1489 2125 1780 2156 commorantes:
1802 2119 1885 2165 quia
1910 2130 1974 2166 per
2001 2130 2109 2157 omne
2126 2125 2269 2167 tempus
2291 2120 2374 2156 vitae
2393 2130 2481 2167 prae
2514 2166 2521 2170 .

371 2186 443 2223 tur,
463 2182 543 2227 quia
559 2192 659 2217 novae
678 2181 797 2228 fruges
819 2182 943 2217 eodem
974 2191 1097 2217 mense
1124 2180 1290 2226 primitus
1310 2184 1422 2215 mete·
1490 2181 1549 2224 tis,
1575 2181 1785 2227 peregrinos
1809 2190 1874 2217 nos
1893 2181 1930 2216 in
1951 2181 2081 2218 saeculo
2113 2191 2194 2218 esse
2225 2181 2468 2228 agnoscendo.

371 2241 514 2276 bantur.
533 2241 603 2288 (Ex
616 2241 796 2288 Josepho.)
815 2241 865 2277 De
884 2251 954 2286 quo
974 2241 1059 2287 quid
1077 2240 1251 2286 Joscphus
1267 2240 1302 2275 in
1318 2239 1422 2275 Anti·
1489 2240 1609 2286 quiem
1628 2251 1701 2276 non
1724 2240 1796 2284 hic,
1821 2241 1884 2277 sed
1908 2241 1944 2276 in
1964 2240 2083 2277 sutura
2102 2242 2177 2277 vita
2193 2241 2437 2288 requiramus.
2468 2244 2478 2274 Ι
2498 2254 2502 2273 ⁵
2530 2231 2531 2234 Ἰ

372 2302 546 2347 quitatum
566 2302 654 2338 libro
673 2302 777 2338 tertio
794 2302 939 2345 reserat,
964 2301 1319 2338 commemorandum
1338 2310 1423 2336 cen·
1490 2306 1576 2337 tunc
1590 2302 1695 2347 digne
1714 2300 1763 2343 tit,
1795 2301 1824 2337 si
1844 2301 1912 2337 boc
1933 2302 2055 2338 sedulo
2073 2307 2288 2346 tractantes,
2307 2302 2459 2348 implere
2476 2310 2495 2339 s
2514 2348 2522 2349 ἶ

370 2372 503 2400 semus.
541 2363 717 2406 Secunda,
752 2364 880 2409 inquit,
915 2372 1125 2410 azymorum
1163 2362 1219 2398 die
1252 2372 1331 2407 quae
1367 2366 1422 2397 est
1490 2361 1641 2408 agimus.
1679 2361 1781 2405 Quod
1807 2372 1916 2408 supra
1935 2362 2071 2399 dictum
2091 2368 2169 2398 est:
2197 2362 2281 2399 Non
2303 2362 2488 2409 apparebis

370 2429 472 2458 sexta
487 2428 523 2458 et
538 2423 685 2464 decima,
705 2423 847 2468 frugum
864 2422 1042 2468 primitias
1054 2432 1143 2467 quas
1158 2427 1311 2464 metunt,
1327 2426 1423 2457 ante·
1490 2429 1676 2468 conspectu
1699 2433 1774 2458 meo
1793 2434 1935 2458 vacuus.
1970 2423 2043 2471 (Ex
2067 2422 2266 2470 Greqorio.)
2293 2423 2333 2459 In
2353 2433 2441 2460 cons
2474 2436 2505 2454 ·.
2523 2422 2525 2424 ’

370 2491 477 2528 quam
512 2492 555 2517 ex
589 2483 640 2518 eis
672 2487 876 2525 vescantur,
910 2482 1023 2517 Deum
1052 2482 1255 2528 judicantes
1283 2480 1421 2526 justum
1490 2482 1632 2518 Domini
1651 2492 1786 2518 vacuus
1819 2488 1983 2528 apparet,
2014 2483 2075 2528 qui
2096 2481 2186 2518 nihil
2218 2492 2341 2519 secum
2366 2483 2411 2519 de
2429 2482 2503 2519 l'ru

372 2553 451 2579 csse
466 2543 635 2589 primitiis
652 2543 835 2586 honorari,
856 2553 926 2588 quo
949 2543 1021 2578 sint
1038 2543 1105 2578 hac
1135 2543 1300 2578 ubertate
1319 2552 1421 2578 com·
1489 2543 1543 2578 sui
1562 2542 1696 2578 laboris
1715 2547 1849 2588 portat.
1879 2542 1982 2579 Alius
2001 2552 2158 2589 namque
2177 2542 2418 2589 adipiscendis
2438 2543 2501 2580 ho

370 2604 470 2650 pleti,
490 2603 643 2640 offerunt
660 2603 728 2639 isto
747 2603 852 2639 modo
867 2615 874 2638 :
910 2602 1094 2639 Siccantes
1112 2603 1292 2648 spicarum
1308 2602 1423 2638 mani-
1490 2602 1590 2639 ribus
1601 2601 1762 2645 exsudat,
1775 2602 1867 2638 alius
1875 2603 2155 2649 multiplicandis
2164 2602 2396 2640 facultatibus
2406 2607 2496 2640 aestu
2514 2601 2520 2603 ⁴

370 2665 505 2710 pulum,
535 2670 571 2699 et
603 2665 874 2708 contundentes,
906 2669 942 2700 et
970 2664 1100 2700 munda
1119 2664 1164 2700 ad
1195 2664 1420 2710 coquendum
1490 2662 1581 2698 alius
1597 2662 1847 2708 promerendis
1866 2662 2033 2698 laudibus
2061 2662 2220 2699 anhelat.
2254 2662 2326 2700 Sed
2354 2662 2438 2710 quia

374 2724 507 2758 hordea
537 2722 722 2765 facientes,
763 2734 834 2759 arae
869 2724 933 2759 Dei
967 2725 1143 2760 assarium
1174 2724 1354 2760 offerunt:
1385 2730 1421 2760 et
1489 2730 1546 2761 cta
1561 2726 1639 2761 haec
1655 2725 1715 2761 hic
1732 2725 1895 2771 quisquis
1913 2725 2070 2761 moriens
2085 2725 2235 2768 deserit,
2254 2730 2339 2761 ante
2356 2724 2461 2762 Domi
2485 2738 2500 2760 υ

375 2793 480 2818 unam
499 2783 707 2819 drachmam
734 2794 779 2819 ex
797 2794 840 2819 eo
869 2785 1064 2828 mittentes,
1096 2786 1272 2831 reliquum
1302 2796 1421 2822 sacer·
1489 2795 1625 2821 vacuus
1646 2789 1805 2830 apparet,
1822 2785 1906 2829 quia
1921 2794 2044 2820 secum
2064 2788 2148 2819 ante
2158 2782 2322 2828 judicem
2340 2784 2433 2821 nihil
2449 2789 2492 2821 tt·

375 2845 497 2879 dotum
510 2845 588 2880 usui
603 2844 877 2890 derelinquunt:
907 2850 943 2880 et
972 2850 1055 2881 tunc
1076 2846 1149 2891 iam
1170 2846 1291 2883 licebit
1307 2848 1422 2882 omni·
1491 2845 1583 2880 Hinc
1604 2854 1689 2890 ergo
1714 2853 1779 2889 per
1796 2843 1911 2890 legem
1943 2843 2136 2880 salubriter
2163 2845 2401 2882 admonemur
2424 2846 2493 2882 di-

375 2905 441 2940 bus
463 2915 527 2950 pro
545 2915 607 2940 sua
641 2912 776 2941 metere
807 2905 1003 2941 voluntate.
1025 2905 1213 2942 lmmolant
1238 2913 1357 2943 autem
1384 2907 1422 2942 in
1492 2910 1589 2941 tem:
1614 2903 1697 2939 Non
1715 2903 1895 2950 apparebis
1911 2905 1948 2940 in
1961 2911 2145 2952 conspectu
2162 2905 2306 2942 Domini
2319 2917 2462 2943 vacuus.
2492 2910 2498 2936 t

376 2964 544 3008 primitiis
572 2965 726 3012 frugum,
755 2976 886 3012 agnum
911 2966 1158 3002 holocaustum
1190 2967 1355 3004 Domino.
1375 2967 1421 3003 Et
1493 2966 1587 3002 enim
1607 2965 1854 3011 promerendae
1878 2965 1960 3002 vitae
1977 2967 2196 3012 mercedem,
2214 2968 2307 3006 bene
2321 2970 2460 3017 agendo
2500 2995 2501 2998 =
2524 2956 2525 2959 Ἴ

377 3023 623 3061 solemnitatem
643 3027 767 3063 mensis
780 3028 1032 3074 primitivorum
1051 3029 1163 3081 operis
1183 3029 1247 3071 tui,
1260 3039 1423 3075 qua’cun-
1438 3015 1475 3054 D
1491 3027 1670 3074 providet,
1693 3028 1727 3063 in
1747 3034 1940 3074 conspectu
1962 3029 2106 3079 Domini
2122 3041 2259 3069 vacuus
2277 3038 2439 3080 apparet.
2470 3036 2503 3072 ·1'

377 3094 441 3128 que
458 3086 579 3120 severis
599 3087 633 3120 in
652 3099 746 3133 aqro.
777 3087 849 3134 (Ex
866 3087 1047 3135 Josepho.)
1078 3087 1169 3123 llinc
1197 3088 1291 3123 idem
1318 3087 1421 3124 Jose-
1492 3087 1536 3123 dc
1554 3087 1662 3133 justis
1690 3077 1756 3134 per
1778 3079 2002 3127 psalmistam
2030 3091 2203 3130 diciturz·
2219 3093 2404 3132 Venientes
2432 3106 2467 3132 a
2511 3084 2514 3085 ⁷

378 3144 494 3189 plius:
528 3144 684 3190 Septima
715 3158 816 3190 vcro,
846 3147 973 3193 inquit,
1007 3148 1206 3193 septimana
1239 3154 1422 3184 transacta
1491 3150 1623 3186 venient
1655 3152 1691 3187 in
1725 3151 1970 3196 exsultatione,
2015 3159 2192 3200 portantes
2229 3155 2429 3202 manipulos
2480 3176 2489 3195 ·,

377 3205 542 3250 posthoc
570 3207 798 3250 sacrificium,
827 3219 980 3254 quarum
1015 3214 1150 3254 septem
1179 3209 1420 3245 hebdomada·
1491 3209 1606 3258 (Psal.
1623 3211 1746 3258 cxxv).
1781 3211 1837 3247 Ad
1867 3222 2019 3249 examen
2051 3214 2184 3261 quippe
2215 3214 2411 3263 judiciipo
2454 3191 2502 3245 ν(

378 3273 457 3299 rum
489 3264 564 3301 dies
583 3271 665 3302 sunt
697 3268 933 3317 quadraginta
968 3273 1005 3304 ct
1034 3277 1174 3311 novem,
1210 3267 1422 3304 Pentecoste
1491 3271 1692 3317 manipulos
1726 3272 1886 3315 veniunt,
1923 3273 1984 3320 qui
2016 3274 2053 3310 in
2076 3275 2282 3322 semetipsis
2315 3275 2416 3313 recta
2447 3279 2497 3319 w(

379 3323 605 3361 celebratur:
624 3337 728 3373 quam
749 3327 886 3365 Hebraei
905 3328 1062 3365 Asai-tha
1087 3332 1230 3371 vocant,
1249 3328 1344 3374 quod
1373 3328 1421 3365 si·
1491 3332 1620 3377 quibus
1638 3332 1750 3368 vitam
1771 3339 1993 3378 mereantur,
2018 3335 2228 3372 ostendunt.
2245 3335 2470 3383 ,Sequitur-z.

379 3385 522 3430 gnificat
554 3386 798 3432 Pentecosten,
822 3389 858 3425 id
889 3395 958 3434 est,
991 3388 1348 3435 quinquagesimam
1383 3389 1419 3424 in
1491 3391 1528 3426 in
1545 3402 1638 3427 anno
1656 3392 1833 3439 apparebit
1851 3403 1951 3429 omne
1971 3392 2206 3430 masculinum
2222 3399 2458 3431 tuum-,coram

381 3454 450 3490 qua
467 3449 618 3500 offerunt
648 3450 723 3488 Deo
748 3462 860 3499 panes
882 3453 927 3490 de
959 3452 1091 3499 alphita
1125 3452 1258 3489 siccata
1292 3452 1418 3496 factos,
1491 3452 1586 3487 mino
1605 3451 1692 3488 Deo.
1715 3451 1807 3496 Quid
1825 3458 1883 3490 est
1901 3453 1997 3500 quod
2026 3452 2172 3491 feminis
2182 3453 2325 3499 tacitis,
2342 3453 2388 3493 de
2416 3470 2467 3487 ιι,

383 3513 466 3540 cum
486 3507 659 3547 termento
690 3513 910 3549 assariorum
927 3513 1080 3550 duorum
1099 3524 1108 3548 :
1138 3513 1239 3549 etad
1261 3517 1422 3549 mactan-
1490 3509 1535 3547 lis
1554 3510 1613 3547 lex
1639 3511 1846 3561 mandatlin
1877 3517 2074 3560 conspectu
2096 3513 2246 3555 Domini,
2266 3522 2356 3561 pta:
2372 3528 2411 3544 »ι
2456 3522 2471 3557 j

385 3566 469 3603 dum
483 3577 589 3614 agnas
606 3571 704 3608 duas.
723 3573 993 3612 solemnitatem
1006 3585 1150 3623 quoque
1166 3574 1204 3611 in
1222 3575 1322 3612 exitu
1335 3575 1422 3611 anni
1491 3569 1562 3606 nisi
1581 3570 1679 3618 quod
1695 3570 1857 3624 'Creator‘
1869 3577 1995 3611 noster
2019 3573 2194 3621 quidquid
2222 3573 2386 3621 molteffl
2408 3590 2411 3602 ·
2435 3585 2464 3616 ς,

384 3624 508 3670 facias,
527 3630 667 3687 quando
682 3636 953 3682 congregaveris
977 3645 1102 3674 omnes
1129 3634 1251 3683 fruges
1278 3640 1358 3672 tuas
1377 3635 1422 3671 de
1491 3630 1688 3679 tragum-et
1704 3631 1890 3670 infirmum
1906 3633 1944 3670 in
1966 3638 2092 3672 nostra
2106 3634 2417 3685 Ommm.g
2452 3673 2455 3675 ,

387 3694 483 3731 agro.
501 3686 663 3738 Ostendit
678 3701 818 3739 quoque
833 3694 891 3732 his
911 3694 1046 3742 verbis,
1065 3697 1162 3744 quod
1183 3695 1260 3742 jam
1278 3706 1324 3733 ex
1345 3704 1430 3740 ιιιιι-ι
1493 3690 1789 3743 proban'ffiiortia
1803 3691 1980 3730 virtutum
2005 3690 2449 3744 01201'8224232158423

389 3745 480 3810 Ψῑ*
575 3749 583 3798 ,”
761 3755 912 3799 ,oblano
934 3757 1097 3803 offertur,
1123 3769 1205 3796 mm
1228 3763 1315 3796 tuno.
1329 3755 1431 3803 adsit
1495 3750 1645 3794 enimin
1673 3749 1745 3788 ade
1774 3751 1950 3791 Panisos
1970 3754 2055 3793 run
2078 3753 2300 3804 namtas,
2407 3756 2450 3796 ·,··

391 3804 692 3869 mna-*its
794 3855 801 3860 .
854 3815 1433 3876 animuum-tanaus..
1496 3810 2386 3883 mentumis-aderume
2447 3823 2450 3825 ·

1259 3933 1264 3936 .
1283 3918 1329 3936 es

1370 3941 1376 3947 ’
1480 3955 1497 3972 e
