2540 4016
34 3793 62 3918 aeae-f'

297 179 365 216 διε
714 168 754 202 Β.
782 165 952 201 RABANl
985 163 1133 201 naum
1157 162 1372 200 ARCHIEP.
1396 161 1605 208 uocum.
1631 164 1822 213 ornauit
1843 167 1964 206 PARS
1987 170 2015 206 1.
2391 164 2463 218 51⁶

294 250 448 291 ritaliter
467 250 602 287 autem,
622 248 662 278 ιιι
686 240 977 282 reminiscamur,
996 238 1081 284 (1¹¹ia
1097 238 1141 272 (Ῐθ
1165 235 1338 282 intelligi·
1358 240 1395 279 A
1458 236 1549 281 Quia
1567 243 1687 281 autem
1706 251 1779 277 non
1799 247 1938 289 septem
1969 246 2110 278 tantum
2141 243 2269 287 diebus
2293 243 2463 283 habitare

292 311 354 349 hili
372 307 530 355 AEgypto
559 301 697 340 liberati
721 309 860 342 sumus,
875 299 911 334 id
937 303 1006 341 est,
1031 299 1076 334 ab
1103 295 1340 342 intelligibilis

291 367 492 408 Pharaonis
512 364 694 404 servitute,
727 369 806 404 quae
833 362 890 394 est
906 356 1109 393 secundum
1137 355 1340 401 corruptio-

290 439 374 466 nem
391 428 544 463 laterum
563 418 749 468 praesentis
772 416 907 459 saeculi,
924 426 994 461 qua
1009 415 1040 451 si
1054 415 1136 461 quis
1154 415 1259 461 plene
1278 425 1340 452 ca-

290 499 372 527 rere
390 487 478 529 vult,
503 485 540 520 in
560 477 799 518 tabernaculis
815 476 968 518 habitet,
990 475 1103 511 Deum
1125 485 1230 511 suum
1253 475 1336 511 imi-

288 556 371 588 tans
401 549 610 585 dicentem:
648 540 774 587 Vulpes
807 539 923 585 [oveas
935 537 1082 580 habent,
1122 543 1155 573 et
1183 535 1337 573 volucres

286 609 361 646 coeli
378 606 498 643 nidum
512 601 649 640 :Filius
665 606 782 636 autem
800 599 951 634 hominis
966 597 1151 634 nonhabet
1164 597 1222 632 ubi
1233 604 1337 644 caput

283 676 386 704 suum
399 664 539 701 reclinet
558 661 612 710 (M
615 661 702 696 atth.
728 669 812 703 vm;
834 658 920 694 Luc.
939 657 1007 705 ix).
1036 657 1194 694 Manebit
1214 662 1334 693 autem

285 725 402 762 omnis
426 724 487 771 qui
506 732 551 759 ex
577 730 705 768 genere
724 718 835 755 Israel
862 723 932 762 est,
958 717 1034 754 sive
1053 717 1250 754 secundum
1271 716 1337 752 Se-

284 787 485 834 ptuaginta,
520 783 696 828 indiqena,
738 780 773 815 id
812 784 879 821 cst,
913 789 999 814 vere
1042 778 1188 818 nobilis,
1227 787 1335 812 verus

284 846 460 889 Israelita,
480 843 633 879 Abrahae
663 842 796 883 haeres,
821 839 884 886 qui
915 839 1072 886 patriam
1092 843 1128 874 et
1154 847 1267 884 genus
1301 841 1338 872 et

288 908 412 944 domos
438 909 607 951 paternas
639 901 800 947 reliquit,
838 905 873 936 ct
913 900 950 935 in
983 898 1228 935 tabernaculis
1255 908 1338 934 cum

282 968 381 1004 Isaac
396 966 507 1003 Jacob
528 956 781 1000 cohaeredibus
795 961 1049 1009 promissionis
1069 961 1224 997 habitat.

1410 296 1448 332 in
1481 297 1724 336 tabernaculis
1763 311 1890 338 verum
1921 301 2124 338 Israelitam
2151 301 2339 350 legislator
2361 304 2463 349 vult,

1410 358 1474 395 sed
1505 369 1571 406 per
1597 361 1695 398 hunc
1723 371 1914 406 numerum
1945 373 2089 399 omnem
2118 362 2232 398 vitam
2265 362 2462 409 significat,

1406 415 1475 452 filii
1499 415 1677 463 lonadah,
1703 419 1768 455 filii
1797 415 1961 464 Rechab,
1986 426 2022 456 et
2053 430 2096 457 ea
2125 430 2205 467 quae
2233 420 2278 457 de
2294 421 2349 458 eis
2373 422 2465 459 scri-

1411 482 1475 525 pta
1517 483 1602 516 sunt
1631 490 1698 526 per
1726 479 1893 517 Jeremiae
1923 482 2151 528 prophetiam
2176 482 2321 520 docent.
2345 482 2463 519 Habet

1409 539 1506 575 enim
1529 539 1582 576 sic
1602 539 1678 575 :Et
1707 539 1920 576 obedivimus
1945 542 2023 577 voci
2049 541 2212 578 Jonadab
2237 540 2305 587 filii
2324 540 2466 578 Rechab
2504 542 2517 582 '2

1407 601 1520 645 patris
1544 600 1655 635 nostri
1681 601 1720 636 in
1737 600 1910 645 omnibus,
1932 612 2009 648 quoe
2027 601 2191 647 praecepit
2219 603 2332 646 nobis,
2351 603 2403 638 ita
2426 607 2466 639 ut

1406 671 1474 695 non
1509 659 1696 696 biberimus
1731 661 1847 696 vinum
1877 662 2012 697 eunctis
2031 662 2154 698 diebus
2178 664 2321 708 nostris,
2349 675 2412 701 nos
2433 669 2466 701 et

1405 719 1567 755 mulieres
1590 726 1731 764 nostrae,
1751 721 1817 766 filii
1833 726 1864 756 et
1879 721 1965 767 filice
1998 729 2146 768 nostrie,
2174 729 2205 760 et
2223 735 2292 760 non
2310 725 2467 772 oedifica-

1406 791 1521 815 remus
1549 780 1670 816 domos
1689 781 1734 816 ad
1762 781 1993 825 habitandum
2021 789 2053 818 et
2079 784 2214 820 vineam
2231 790 2264 820 et
2284 796 2409 832 aarum
2434 790 2467 822 et

1408 846 1594 875 sementem
1613 852 1682 876 non
1704 841 1904 885 habuimus,
1923 842 1983 878 sed
2003 843 2235 880 habitavimus
2253 845 2292 880 in
2305 845 2468 881 taberna-

1409 900 1497 936 culis
1523 907 1555 936 et
1569 901 1764 937 obedientes
1780 902 1926 948 [ecimus
1941 903 2050 951 juxta
2072 904 2190 939 omnia
2206 915 2285 950 quoe
2302 905 2467 951 praecepit

1410 961 1506 997 nobis
1524 961 1688 997 Jonadab
1705 968 1805 1009 pater
1824 970 1941 999 noster
1959 963 2104 1011 (Jerem.
2127 963 2253 1012 xxxv).

1080 1128 1280 1179 LIBER
1318 1127 1681 1182 SEPTIMUS.

626 1282 780 1320 CAPUT
805 1281 998 1318 PRIMUM.

354 1348 404 1384 De
420 1346 493 1384 oleo
511 1344 689 1391 offerendo
708 1343 754 1378 ad
773 1342 1037 1377 concinnandas
1053 1341 1213 1377 lucernas
1233 1342 1269 1376 in

608 1388 834 1426 tabernaculo
859 1388 1015 1423 Domini.

331 1469 428 1518 (Car.
455 1466 571 1513 xxiv.)
598 1465 752 1502 Locutus
778 1470 828 1500 esc
847 1463 1017 1500 Dominus
1043 1464 1088 1498 ad
1106 1463 1251 1509 Moysen
1287 1463 1341 1497 cti-

282 1541 385 1571 cens:
418 1530 576 1576 Proecipe
596 1528 679 1574 filiis
710 1526 835 1569 Israel,
863 1532 899 1561 ut
915 1526 1063 1572 offerant
1083 1525 1143 1560 tibi
1170 1524 1283 1560 oleum
1298 1524 1340 1559 de

285 1593 382 1633 olivis
396 1591 620 1638 purissimum
646 1600 686 1624 ac
703 1588 858 1623 lucidum
878 1587 922 1622 ad
945 1587 1205 1622 concinnandas
1224 1585 1338 1620 lucer-

282 1663 346 1689 nas
366 1653 498 1698 jugiter
524 1655 622 1685 extra
652 1647 763 1684 velum
789 1648 977 1682 testimonii
1004 1648 1041 1682 in
1075 1645 1338 1682 tabernaculum

283 1711 435 1760 soederis,
451 1715 617 1756 ponetque
631 1719 688 1743 eas
707 1707 826 1742 Aaron
843 1718 976 1753 vespere
993 1718 1098 1752 usque
1114 1707 1148 1741 in
1166 1717 1266 1741 inane
1282 1716 1339 1740 eo-

284 1782 359 1808 ram
374 1770 537 1810 Domino,
550 1768 645 1803 cultu
659 1768 795 1814 rituque
812 1774 988 1813 perpetuo,
1006 1768 1040 1802 in
1059 1765 1338 1813 yenerationibus

286 1832 407 1871 uestris
423 1840 434 1865 .·
457 1830 570 1876 Super
584 1827 794 1863 candelabro
814 1828 1042 1863 mundissimo
1058 1833 1229 1873 ponentur
1248 1836 1339 1860 sent-

282 1905 342 1940 μεν
359 1894 396 1929 in
416 1896 599 1938 conspectu
613 1890 768 1926 Domini.
789 1889 1055 1925 Candelabrum
1077 1889 1230 1924 dicimus
1258 1897 1339 1923 esse

286 1954 539 2001 Evangelicam
560 1951 875 1988 conversationem
893 1950 928 1984 in
946 1959 1017 1994 qua
1039 1948 1206 1984 Christus
1222 1948 1338 1983 lucer-

283 2024 337 2051 nae
356 2013 464 2049 modo
487 2012 676 2058 splendere
700 2010 854 2045 virtutes
887 2007 986 2043 fecit.
1019 2006 1132 2042 Nemo
1159 2008 1264 2051 enim,
1285 2007 1339 2042 in-

283 2074 375 2124 quit,
390 2072 581 2108 accendens
597 2070 776 2105 lucernarii
791 2074 890 2115 ponet
910 2080 987 2104 eam
1003 2068 1065 2104 sub
1087 2069 1255 2112 modium,
1278 2069 1350 2104 sed.

283 2145 386 2180 super
411 2131 672 2173 candelabrum,
704 2136 742 2164 ut
773 2129 884 2163 luceat
915 2130 1072 2164 omnibus
1088 2130 1147 2176 qui
1165 2131 1203 2165 in
1233 2130 1337 2165 domo

1359 1295 1391 1333 B
1409 1282 1525 1328 ginta,
1543 1288 1574 1318 et
1588 1282 1655 1328 filii
1677 1283 1754 1329 eJ'us
1772 1282 1966 1319 :Christus
1988 1282 2085 1318 enim
2106 1282 2168 1329 qui
2200 1287 2256 1319 est
2274 1292 2384 1321 verus
2409 1294 2465 1322 sa·
2526 1274 2540 1325 ἦ

1410 1343 1552 1387 eerd0s‚
1589 1353 1789 1390 pauperum
1825 1343 2112 1390 compassionem
2137 1343 2245 1392 cepit,
2280 1344 2468 1382 imitantur

1407 1410 1529 1441 autem
1550 1415 1646 1450 eum,
1670 1404 1875 1451 quicunque
1893 1405 1970 1450 eJus
1999 1405 2133 1441 lucrari
2152 1405 2384 1453 adoptionem
2404 1417 2468 1443 vo-

1409 1465 1500 1501 lunt.
1518 1466 1696 1512 Ponetque
1710 1477 1768 1502 eas
1787 1467 1922 1509 Aaron,
1941 1467 1997 1502 vel
2021 1467 2115 1502 sicut
2130 1465 2381 1514 Septuaginta,
2409 1468 2465 1503 in-

1409 1526 1553 1561 cendent
1569 1536 1627 1560 eas
1647 1526 1768 1560 Aaron
1787 1532 1818 1560 et
1836 1525 1902 1570 filii
1928 1526 2004 1570 ejus
2023 1537 2044 1560 a
2060 1535 2195 1570 vespere
2220 1536 2327 1571 usque
2347 1537 2464 1570 mane,

1409 1587 1445 1622 id
1472 1592 1550 1629 est,
1585 1586 1663 1622 siue
1690 1585 1906 1627 cessatione,
1924 1586 2008 1631 quia
2037 1590 2073 1620 et
2095 1583 2267 1620 Salomon
2295 1585 2466 1622 dicebat:
2531 1578 2535 1582 ’

1410 1645 1535 1682 Oleum
1552 1646 1593 1681 cte
1611 1647 1724 1692 capite
1740 1652 1798 1680 tuo
1817 1657 1886 1681 non
1906 1645 2046 1690 deficiat
2065 1645 2197 1692 (Eccle.
2215 1645 2283 1692 lx),
2305 1651 2345 1681 ut
2361 1656 2469 1692 opor-

1410 1712 1502 1742 teret
1547 1706 1789 1753 eleemosynae
1823 1706 2009 1742 lucernam
2054 1706 2248 1742 incendere
2298 1707 2467 1744 continue

1407 1767 1615 1803 ostendens.
1639 1767 1684 1803 Et
1702 1768 1771 1803 hoc
1790 1767 1906 1813 ipsum
1936 1777 2058 1803 coram
2088 1767 2255 1811 Domino,
2275 1767 2369 1803 sicut
2392 1767 2468 1814 ipse

1408 1828 1583 1864 Dominus
1601 1828 1692 1864 dixit
1710 1838 1719 1862 :
1740 1827 1786 1863 Te
1811 1834 1926 1863 autem
1945 1828 2095 1874 faciente
2113 1827 2382 1875 eleemosynam,
2402 1840 2464 1865 ne-

1407 1890 1495 1925 sciat
1519 1890 1664 1925 sinistra
1701 1895 1762 1924 tua
1778 1889 1862 1935 quid
1881 1889 1990 1935 [aciat
2007 1889 2150 1924 dextera
2166 1895 2240 1932 tua,
2269 1895 2308 1924 ut
2325 1889 2468 1925 eleemo-
2527 1922 2536 1924 -

1408 1963 1494 1998 syna
1514 1958 1575 1987 tua
1586 1952 1631 1987 sit
1658 1951 1695 1987 in
1717 1950 1936 1994 abscondito,
1969 1957 2000 1986 et
2021 1956 2120 1996 pater
2139 1955 2219 1986 tuus
2241 1950 2300 1996 qui
2323 1949 2413 1986 videt
2431 1950 2468 1985 in

1407 2013 1611 2048 abscondito
1632 2012 1751 2048 reddet
1773 2011 1835 2046 tibi
1853 2011 1996 2058 (Manli.
2020 2011 2086 2057 vi).

1455 2073 1555 2109 Hane
1572 2074 1687 2120 legem
1704 2073 1900 2108 habeamus
1924 2071 2036 2114 cultu,
2061 2071 2206 2118 rituque
2220 2077 2407 2118 perpetuo,
2428 2072 2467 2108 in

1407 2134 1701 2180 generationibus
1730 2134 1876 2170 nostris.
1914 2132 2031 2179 Super
2065 2132 2280 2169 candelabro
2305 2133 2469 2170 mundis-

284 2201 364 2232 sunt
390 2193 531 2241 (ΜαιιΙι.
547 2191 597 2238 v).
619 2190 683 2226 His
699 2190 856 2225 lucernis
878 2189 997 2225 oleum
1024 2190 1167 2226 additur
1185 2191 1337 2227 eleemo-
1355 2198 1384 2239 C
1407 2195 1512 2237 simo,
1534 2195 1569 2230 id
1593 2201 1661 2238 est,
1693 2194 1948 2241 Evangelicam
1984 2193 2311 2237 conversationem,
2338 2203 2468 2230 secun-

282 2266 387 2303 syna,
405 2255 489 2301 quia
500 2259 538 2290 et
550 2252 727 2299 jejunium
754 2257 790 2287 et
820 2251 1009 2298 virginitas
1029 2257 1065 2286 et
1089 2251 1206 2286 oratio
1225 2256 1261 2286 et
1274 2250 1332 2296 ju-

284 2315 385 2353 stitia
404 2320 440 2350 et
464 2313 582 2350 omnis
602 2313 695 2348 actio
722 2312 829 2354 bona,
853 2321 918 2356 per
941 2311 1229 2346 misericordiam
1252 2311 1336 2347 dile-

282 2373 414 2410 ctionis
448 2381 647 2418 pauperum
682 2370 899 2416 irrigantur,
924 2374 959 2404 et
993 2369 1251 2406 custodiuntur
1285 2370 1338 2405 in-

280 2430 556 2478 exstinguibiles
574 2442 582 2464 :
604 2429 699 2475 quod
719 2427 954 2464 manifestant
969 2428 1154 2475 lampades
1176 2429 1337 2476 qulnque

279 2492 462 2532 fatuarum
490 2490 686 2537 virginum,
707 2499 787 2534 quae
809 2489 893 2537 quia
914 2488 1119 2524 dilectionis
1136 2499 1336 2536 pauperum

281 2554 401 2591 minus
435 2551 641 2594 hahuerunt
674 2549 807 2593 oleum,
848 2559 870 2583 a
901 2559 1032 2596 sponso
1066 2549 1222 2586 exclusae
1253 2556 1336 2588 sunt

281 2612 425 2660 (Mattlt.
446 2611 546 2660 xxv).
567 2611 639 2648 Sed
660 2615 802 2656 oportet
821 2610 941 2646 oleum
966 2620 1046 2646 esse
1063 2610 1244 2648 olivarum
1266 2622 1334 2658 pu-

281 2674 478 2716 rissimum,
500 2679 542 2710 ut
571 2682 645 2708 non
664 2682 709 2708 ex
728 2670 904 2716 injustitia
931 2681 1051 2718 neque
1070 2681 1116 2707 ex
1133 2672 1335 2719 rapacitate

284 2733 469 2770 dilectioni
492 2743 692 2783 pauperum
719 2732 939 2776 serviamus,
955 2743 1073 2778 neque
1096 2733 1142 2769 ad
1174 2739 1334 2770 ostenta-

280 2795 433 2838 tionem;
453 2795 498 2830 de
515 2794 620 2830 olivis
637 2797 758 2828 autem
778 2799 848 2836 est,
864 2793 895 2829 si
915 2804 960 2829 ex
980 2794 1085 2829 honis
1098 2794 1285 2831 laboribus
1299 2800 1337 2831 et

280 2855 488 2901 exjustitiae
518 2852 682 2899 pecuniis
698 2851 753 2887 vel
773 2852 1001 2897 possessione
1028 2852 1251 2897 perficiatur,
1279 2854 1335 2890 11oe

281 2918 378 2956 enim
409 2917 514 2965 olivae
542 2915 722 2954 umbrosae
743 2919 779 2948 et
808 2911 1002 2950 {ructuosae
1021 2918 1121 2950 recte
1155 2914 1332 2960 appellan-

280 2975 638 3014 tuntucidissimum
653 2978 787 3016 autem,
804 2978 844 3016 ut
868 2982 941 3012 mn
965 2982 1031 3018 pro
1048 2972 1162 3019 gloria
1179 2973 1336 3011 humana

280 3039 548 3085 eleemosynam
565 3035 756 3084 iaciamus.
775 3033 928 3080 Oportet
943 3043 1029 3080 ergo
1043 3033 1228 3072 lucernam
1242 3035 1337 3073 hanc

280 3109 424 3146 semper
447 3096 595 3135 accendi
611 3099 715 3133 extra
732 3093 852 3130 velum
865 3093 1032 3130 videlicet
1051 3094 1212 3146 corporis
1229 3094 1335 3131 Chri·
1351 3094 1386 3132 D
1403 3096 1509 3135 hrum
1536 3096 1710 3132 mundum
1734 3097 1896 3142 quidem,
1915 3097 2002 3143 quia
2021 3102 2214 3144 peccatum⁴
2228 3107 2298 3133 non
2325 3096 2462 3140 habuit,
2519 3118 2521 3125 η

279 3160 342 3203 sti,
371 3160 445 3196 hoc
474 3157 571 3196 enim
606 3165 687 3193 esse
720 3153 946 3200 intelligibile
973 3153 1091 3195 velum
1124 3164 1190 3200 per
1221 3155 1335 3201 multa

279 3219 522 3268 praecedentia
546 3218 831 3256 demonstratum
855 3220 935 3251 est:
957 3214 1002 3249 In
1029 3214 1254 3251 tabernaculo
1276 3227 1336 3252 au-

279 3286 353 3318 tem
372 3279 519 3326 ,soederis
546 3278 626 3317 sive
645 3282 686 3315 ut
707 3275 956 3322 Septuaginta,
978 3275 1183 3319 testimonii,
1200 3275 1236 3312 id
1267 3282 1332 3319 est,

276 3343 318 3380 in
341 3342 448 3386 coelo‚
483 3341 522 3378 in
552 3350 626 3386 quo
657 3339 822 3381 hahitare
854 3338 969 3375 Deum
1001 3337 1231 3374 manifestum
1261 3344 1331 3383 est,

280 3403 485 3449 Utrumque
512 3411 599 3448 ergo
625 3411 647 3438 a
672 3399 881 3445 legislatore
913 3398 1050 3436 dictum
1081 3403 1162 3435 est:
1186 3399 1333 3436 sienim

280 3471 505 3510 quaternaque
523 3455 932 3507 facimus'paunerihus,
965 3459 1042 3497 haec
1063 3464 1236 3506 tanquam
1262 3459 1334 3496 sibi

281 3523 379 3561 faeta
402 3523 448 3566 is,
476 3522 539 3568 qui
559 3527 711 3571 propter
735 3531 802 3562 aas
825 3520 946 3560 factus
965 3525 1189 3568 estpauper,
1223 3522 1335 3568 impu-

282 3589 351 3628 tat,
365 3589 471 3621 reete
486 3587 571 3622 ante
598 3593 729 3630 eorpus
744 3582 976 3622 Dominicum
994 3582 1153 3621 lucernae
1176 3581 1332 3633 eleemos

283 3655 383 3692 syme
407 3645 668 3688 incenduntun
690 3644 755 3682 sed
773 3649 895 3680 tamen
910 3649 948 3680 et
963 3643 1000 3680 in
1033 3642 1139 3687 coelo,
1158 3642 1210 3680 ihi
1238 3642 1336 3684 enirn

284 3718 372 3746 suos
399 3709 606 3752 thesauros,
638 3707 893 3744 misericordes
921 3706 1158 3752 praemittunt.
1184 3705 1338 3752 Propte-

281 3769 382 3829 Μ
408 3769 599 3816 amendat
610 3767 848 3820 eam-Mon,
878 3767 1174 3814 siveseeundttm
1189 3766 1342 3819 Smn-

1407 2254 1492 2291 dum
1507 2255 1601 2299 quod
1613 2254 1686 2301 jam
1705 2255 1876 2291 diximus.
1898 2253 1955 2290 Ah
1974 2254 2072 2290 omni
2092 2255 2190 2290 enim
2207 2254 2286 2290 haec
2300 2253 2418 2290 ironia
2432 2259 2469 2290 et

1405 2314 1590 2360 hypocrisi
1622 2315 1754 2350 munda
1775 2320 1845 2358 est,
1868 2320 1908 2350 ut
1927 2319 2009 2361 pote
2033 2314 2202 2350 lucernas
2228 2314 2468 2360 eleemosynae

1405 2379 1487 2410 ante
1513 2374 1705 2409 Dominum
1726 2401 1735 2417 ,
1771 2381 1806 2410 et
1828 2385 1900 2410 non
1931 2381 2014 2410 ante
2054 2375 2221 2410 homines
2251 2374 2468 2412 incendens.

1407 2433 1521 2480 Usque
1536 2445 1636 2469 mane
1658 2440 1779 2470 autem
1803 2435 2054 2478 incendamus,
2084 2436 2119 2470 in
2145 2437 2322 2481 praesenti
2347 2435 2471 2472 videli-

1405 2498 1464 2531 cet
1487 2493 1635 2537 saeculo,
1658 2493 1801 2540 quando
1825 2494 1922 2529 enim
1942 2504 2049 2529 mane
2077 2494 2239 2531 illuxerit
2256 2495 2370 2531 futuri
2396 2506 2462 2532 sae·
2527 2498 2535 2542 ζ

1404 2554 1488 2598 culi,
1505 2555 1583 2601 jam
1601 2564 1675 2590 non
1698 2560 1754 2591 est
1774 2560 1916 2600 tempus
1934 2554 2124 2598 orationis,
2146 2560 2182 2590 et
2210 2555 2462 2602 eleemosynae,

1404 2613 1501 2660 quod
1515 2618 1638 2660 aperte
1657 2613 1867 2661 significans
1883 2612 2054 2649 Salomon
2072 2613 2126 2649 ait
2141 2626 2150 2648 ;
2170 2613 2227 2650 Ne
2241 2614 2338 2651 dicas
2353 2616 2466 2652 amico

1404 2680 1477 2718 tuo,
1494 2675 1579 2710 vade
1594 2680 1626 2710 et
1642 2680 1823 2718 revertere,
1834 2681 1865 2710 et
1881 2675 2036 2711 crastino
2051 2675 2140 2711 dabo
2159 2676 2236 2720 tibi,
2250 2687 2331 2712 cum
2344 2678 2464 2714 statim

1402 2735 1513 2781 possis
1545 2733 1642 2777 dare,
1682 2734 1792 2769 nescis
1822 2735 1915 2770 enim
1943 2735 2027 2781 quid
2067 2742 2318 2782 superventura
2347 2737 2463 2783 pariat

1404 2794 1477 2831 dies
1498 2794 1620 2843 (Pi-ov.
1639 2794 1754 2840 xxvii)
1778 2806 1785 2828 :
1805 2794 1842 2830 id
1876 2799 1945 2838 est,
1966 2794 2109 2839 festina,
2143 2800 2179 2832 et
2205 2805 2279 2832 non
2298 2795 2459 2841 differas,

1403 2866 1449 2892 ne
1468 2855 1562 2892 forte
1578 2854 1767 2890 deducaris
1794 2855 1840 2890 ad
1857 2855 1935 2891 loca
1957 2856 1993 2892 in
2014 2856 2145 2902 quibus
2161 2855 2305 2903 operari
2323 2860 2464 2903 tempus

1403 2924 1477 2950 non
1501 2914 1628 2957 habes,
1666 2914 1729 2949 sed
1751 2914 1912 2951 rationes
1941 2915 2018 2952 illic
2036 2925 2187 2953 necesse
2209 2915 2257 2953 sit
2282 2915 2400 2960 reddi,
2420 2916 2466 2953 de
2514 2943 2523 2947 <

1404 2974 1463 3011 his
1479 2984 1559 3020 quoe
1586 2974 1646 3010 hic
1673 2976 1814 3021 operati
1839 2975 2030 3016 fuerimus.
2062 2976 2245 3018 Praeterea
2274 2976 2380 3017 nobis
2398 2976 2468 3014 sol-
2517 2998 2531 3021 ;

1405 3046 1492 3072 vere
1519 3042 1660 3082 tempus
1692 3041 1750 3072 est
1778 3036 1997 3084 legislatoris
2026 3036 2276 3083 intellectum:
2295 3036 2466 3076 caudela—
2508 3029 2531 3091 -J

1407 3168 1467 3194 nec
1489 3157 1590 3193 dolus
1607 3157 1764 3193 inventus
1789 3163 1841 3194 est
1870 3158 1909 3193 in
1937 3169 1996 3194 ore
2011 3157 2101 3204 ejus,
2117 3157 2375 3195 candelabrum
2401 3166 2466 3195 au·
2488 3180 2491 3182 -

1408 3222 1497 3262 tem,
1520 3218 1605 3264 quia
1625 3218 1698 3263 ipse
1723 3223 1773 3252 est
1800 3216 1863 3253 lux
1893 3228 1988 3262 vera,
2014 3229 2091 3265 quoe
2125 3217 2303 3255 illuminat
2328 3228 2465 3255 omnem

1408 3278 1582 3318 hominem
1598 3276 1786 3318 venientem
1799 3276 1837 3312 in
1851 3276 1943 3312 hunc
1960 3278 2131 3323 mundum
2143 3278 2266 3326 (Ioan.
2285 3278 2329 3327 ι).
2349 3277 2466 3325 Super

1408 3337 1478 3375 hoc
1512 3336 1718 3378 incenditur
1751 3335 1902 3373 lucerna
1938 3334 2096 3382 Spiritus
2128 3343 2276 3375 sanctus
2305 3339 2465 3385 :igneus
2493 3331 2498 3335 ’

1406 3399 1505 3436 enim
1533 3402 1589 3434 est
1609 3395 1812 3436 substantia
1836 3401 1874 3438 et
1901 3397 2126 3442 operatione,
2148 3398 2246 3440 unde
2270 3397 2309 3433 in
2341 3397 2464 3444 specie

1405 3460 1596 3508 ignearum
1637 3457 1845 3503 linguarum
1889 3466 1999 3503 super
2031 3454 2230 3504 discipulos
2262 3458 2463 3498 descendit.

1407 3519 1501 3557 Huic
1515 3517 1752 3566 purissimum
1770 3515 1892 3558 oleum
1909 3515 2055 3562 offerre,
2070 3516 2110 3555 id
2124 3523 2196 3563 est,
2220 3518 2332 3556 vitam
2354 3529 2469 3565 muna

1402 3580 1502 3624 dam.
1529 3578 1718 3623 «lehem.
1740 3575 1902 3620 scientes
1921 3579 2111 3630 quod-uon
2136 3580 2300 3621 omnium
2329 3585 2386 3625 qt
2402 3579 2468 3625 i!-

1404 3639 1561 3679 uendere
1586 3638 1706 3683 illum,
1726 3637 1793 3675 sed
1814 3637 1928 3681 solius
1952 3638 2190 3688 intelligibilis
2210 3639 2334 3686 Aaron
2360 3645 2402 3684 et
2416 3638 2463 3688 α·-

1399 3690 1541 3741 ilorum
1553 3698 1632 3746 ejus
1650 3711 1659 3735 :
1675 3697 1846 3742 Christus
1863 3698 1961 3741 enim
1975 3699 2058 3746 ipse
2078 3700 2207 3748 plenus
2226 3706 2306 3747 erat
2321 3698 2421 3748 spiri

1403 3763 1539 3816 &ms
1553 3773 1563 3800 ε
1582 3759 1888 3815 δμᾶνίικεῦῳιὲηᾶ
1901 3771 2086 3818 turam,
2099 3769 2242 3812 morter-
2250 3761 2344 3812 qued
