2540 4016
77 111 90 129 Ι

0 216 73 272 153

518 191 780 256 manuario
806 218 956 256 snpra
982 219 1396 262 nnurnaoaonmm.
1423 216 1469 251 -’
1491 220 1585 262 Lm.
1601 225 1662 262 m.

2070 236 2152 277 ‚954

0 300 153 353 §dunati
169 299 215 336 ad
230 297 431 334 nocendum
450 300 640 338 venerant,
672 294 804 338 territi,
823 304 889 340 per
907 294 1048 332 diversa
1066 306 1102 345 A
1121 311 1133 332 ι
1158 299 1222 335 tibi
1255 300 1374 343 hodie,
1394 299 1538 335 venient
1567 309 1675 344 super
1690 303 1727 335 te
1740 309 1866 337 omnes
1887 306 2151 349 maledictiones

0 360 126 411 §igere
151 362 303 410 tentant.
336 369 348 390 ‹
381 355 530 391 Emittet
549 355 725 391 Dominus
760 354 1047 391 benedictionem

0 438 18 462 r
43 430 151 468 super
170 418 315 456 cellaria
335 421 410 459 tua,
425 421 462 452 et
478 425 585 461 super
601 415 725 451 omnia
748 424 857 460 opera
878 424 1048 450 manuum

0 499 13 523 1
44 489 186 521 tuarum
219 491 228 514 :
254 478 514 523 benedicetque
542 476 607 513 tibi
624 477 661 511 in
689 481 788 512 terra
817 485 925 520 quam
948 485 1050 511 acce-

0 559 13 580 ι
42 542 156 591 peris.
182 553 195 575 ι
218 537 371 576 Cellaria
389 537 592 581 benedicet,
616 536 752 573 cumin
772 535 890 572 cordis
910 539 1049 572 secreta

0 603 154 653 gratiam
172 599 327 646 Spiritus
345 598 399 634 sui
432 597 599 633 infundit.
619 597 813 634 Benedicet
830 607 941 643 opera
965 606 1047 632 ma-

0 675 129 707 nuum,
162 672 245 698 cum
263 660 392 696 studiis
411 660 515 695 bonis
546 659 752 695 facultatem
782 659 910 694 tribuit
934 658 1050 694 virtu-

0 732 94 764 !um.
113 722 306 758 Benedicct
332 721 368 756 in
398 726 511 763 terra,
528 725 564 755 et
583 720 770 755 suscitabit
787 719 962 755 Dominus
981 717 1050 754 sibi

0 783 183 833 populum,
225 781 368 827 quando
402 785 544 816 sanctos
571 789 654 815 suos
686 779 722 814 in
749 784 846 815 terra
881 777 1049 813 Ecclesiae

0 845 184 880 ilbundare
204 842 313 877 faciet
331 841 445 887 gratia
462 840 661 876 coelestium
689 839 876 875 donorum.
896 837 998 873 Undc
1013 842 1049 872 et

0 903 166 948 nequitur
185 914 192 936 :
221 915 232 935 ‹
257 901 295 937 Si
320 901 532 937 custodieris
550 900 720 935 mandata
736 899 878 933 Domini
902 898 965 933 Dci
984 898 1047 941 tui,

0 980 5 995 ·
39 970 74 1000 et
88 963 327 999 ambulaveris
345 962 381 997 in
403 961 472 997 viis
492 960 579 1005 ejus,
599 961 773 996 videbunt
787 969 911 995 omnes
932 964 1048 994 terra-

0 1041 4 1056 ·
40 1035 118 1060 rum
141 1024 265 1069 populi
285 1023 380 1068 quod
394 1031 525 1056 nomen
543 1021 686 1056 Domini
707 1020 911 1055 invocatum
929 1021 973 1055 sit
992 1030 1051 1056 su-

0 1101 4 1118 ·
38 1095 102 1131 per
120 1089 168 1125 te,
189 1090 224 1118 et
242 1083 419 1117 timebunt
439 1086 487 1123 te,
500 1086 536 1116 et
552 1080 735 1115 abundare
753 1085 788 1115 te
803 1080 910 1115 saciet
931 1082 1051 1117 Domi-

0 1161 4 1177 ,ι
37 1154 106 1180 1105
127 1143 294 1179 omnibus
313 1141 430 1176 bonis.
457 1141 633 1181 ›,Ti1nent
655 1141 777 1176 hostes
794 1142 964 1186 populum
984 1142 1050 1177 Ec-

1119 370 1131 392 «
1159 359 1253 404 istae,
1277 373 1290 395 1
1312 366 1382 397 etc.
1402 359 1492 396 Cum
1519 358 1667 395 dextera
1704 358 1743 394 111
1761 359 1866 395 laude
1881 369 2050 409 ponatur,
2077 378 2151 407 non

1114 418 1163 454 ibi
1181 429 1223 455 ea
1241 421 1555 466 reprehenduntur
1571 429 1650 465 quae
1669 419 1797 455 dextra
1815 425 1911 464 sunt,
1930 423 1994 458 sed
2012 424 2072 460 1110
2090 429 2154 472 qul

1116 478 1272 514 declinat
1303 480 1341 514 in
1372 489 1428 523 ea,
1461 480 1498 515 id
1519 484 1586 522 est,
1619 479 1682 524 qui
1714 478 1782 514 sibi
1818 485 1963 526 arrogat
1993 491 2072 526 quae
2091 484 2156 522 Dei

1117 548 1212 579 sunt.
1227 542 1310 579 Ideo
1326 544 1458 579 dicitur
1476 544 1514 579 in
1529 543 1754 579 Proverbiis:
1770 555 1782 576 (
1796 542 1849 578 Νο
1858 543 2012 580 declines
2022 545 2060 580 in
2073 547 2159 581 dex-

1116 609 1194 640 tera
1213 609 1275 639 aut
1297 604 1458 640 sinistra.
1475 604 1561 640 vias
1577 604 1674 639 enim
1691 613 1769 649 quse
1789 613 1810 638 a
1839 603 1977 639 dextris
1993 609 2077 640 sunt
2093 615 2157 641 no-

1115 664 1168 699 vit
1186 664 1371 700 Dominus.
1392 664 1575 699 Perversae
1595 668 1713 699 autem
1745 668 1828 698 sunt
1854 673 1934 708 (10εο
1964 673 1985 698 a
2006 664 2161 702 sinistris

1118 729 1202 760 sunt
1222 737 1233 758 ›
1254 724 1374 771 (Prov.
1393 724 1456 770 ιν).
1473 722 1568 770 Ergo
1589 724 1690 759 bonae
1707 728 1789 759 sunt
1798 723 1933 759 dextrae
1958 733 2048 769 quas
2065 725 2163 761 novit

1117 775 1302 820 Dominus.
1329 797 1341 817 ‹
1365 783 1471 819 Novit
1502 797 1513 818 ›
1541 794 1627 830 ergo
1649 796 1660 816 (
1683 783 1855 820 Dominus
1874 783 2158 830 viasjustorum,

1118 851 1154 881 et
1173 846 1242 881 iter
1274 844 1466 890 impiorum
1497 845 1641 890 peribit,
1670 858 1681 878 ›
1702 845 1793 880 sicut
1817 845 1853 879 in
1870 844 2009 890 psalmo
2034 845 2163 890 legitur

1118 903 1232 952 (Psal.
1253 903 1293 951 ι).
1312 904 1385 940 Cur
1412 915 1496 950 ergo
1519 905 1652 940 dictum
1667 905 1727 946 sit,
1750 917 1762 937 ‹
1789 915 1834 940 ne
1849 904 2004 940 declines
2023 904 2059 939 in
2074 905 2161 939 dcx-

1118 970 1245 1007 teram‚
1273 977 1284 997 1
1313 969 1574 1009 consequenter
1598 964 1756 999 ostendit
1795 963 1956 998 addendo
1989 974 1997 996 ;
2035 974 2046 994 ‹
2083 962 2163 1007 lpse

1118 1027 1213 1062 enim
1234 1031 1354 1062 rectos
1391 1026 1499 1061 faciet
1530 1036 1657 1061 cursus
1680 1031 1773 1060 tuos.
1810 1038 1822 1058 ›
1847 1024 1947 1060 Absit
1979 1028 2096 1059 autem
2122 1028 2162 1058 ut

1119 1086 1266 1121 dextras
1297 1095 1386 1130 quas
1406 1085 1504 1120 novit
1524 1085 1695 1120 Dominus
1721 1094 1892 1130 negemus
1911 1094 1991 1119 esse
2011 1091 2127 1119 rectas
2150 1094 2160 1119 :

1119 1146 1195 1188 sed,
1216 1151 1255 1180 ut
1275 1146 1358 1186 dixi,
1392 1145 1570 1180 declinare
1590 1145 1625 1179 in
1642 1155 1717 1186 eas,
1739 1149 1793 1179 cst
1812 1153 1883 1178 non
1903 1143 1998 1177 illius
2022 1143 2159 1188 gratiae,

6 1206 138 1248 ’1168ἰῶ
159 1214 241 1240 cum
260 1202 408 1249 maligni
428 1202 590 1248 spiritu&
612 1202 755 1247 quando
772 1212 901 1237 nomen
918 1202 1050 1238 Christi
1068 1199 1100 1237 Β
1119 1205 1181 1241 5οᾱ
1202 1205 1270 1240 sibi
1288 1205 1444 1240 tribuere
1464 1204 1555 1239 velle
1571 1203 1665 1249 quod
1686 1208 1822 1239 rectum
1841 1206 1908 1237 cst.
1931 1201 2104 1246 Denique,
2126 1206 2165 1236 ut

0 1278 40 1303 nn
57 1267 179 1303 electis
211 1265 275 1301 Dei
297 1265 393 1300 intus
414 1264 449 1299 in
467 1263 537 1299 fide
569 1269 604 1299 et
622 1263 709 1299 soris
734 1264 770 1298 in
802 1264 968 1309 operibus
989 1274 1050 1299 co-

0 1337 148 1363 rruscare
177 1325 419 1371 conspiciunt,
451 1324 608 1369 verendo
642 1322 783 1369 fugiunt
803 1335 810 1357 ε
834 1334 899 1358 1100
922 1324 973 1358 cis
993 1333 1050 1358 re-

0 1388 129 1424 11151010
157 1386 316 1431 nequitia
350 1394 413 1420 sua
442 1388 624 1429 poterunt.
650 1383 751 1419 Unde
772 1383 945 1427 scriptum
964 1387 1018 1416 cst
1041 1393 1049 1416 ε

0 1460 20 1473 w
45 1446 214 1482 Resistite
249 1443 405 1485 diabolo,
436 1448 471 1477 et
497 1442 607 1488 fugiet
625 1453 644 1477 a
668 1442 770 1478 vobis
795 1455 806 1475 »
831 1440 967 1486 (Jacob.
987 1439 1050 1486 iv).

0 1507 48 1542 131
80 1506 209 1542 Petrus
234 1505 271 1540 in
303 1503 460 1548 Epistola
483 1512 546 1538 sua
575 1502 623 1537 ait
646 1512 653 1535 :
693 1514 704 1534 <1
742 1501 860 1536 Sobrii
881 1506 997 1536 estote
1017 1503 1054 1534 et

0 1566 147 1612 vigilate
166 1593 174 1608 ,
210 1565 294 1610 quia
331 1563 558 1599 adversarius
603 1567 720 1598 vester
759 1562 933 1604 diabolus,
974 1566 1053 1596 tan-

0 1626 188 1673 ,1103111100
219 1625 378 1671 rugiens,
412 1625 554 1666 circuit,
575 1634 740 1669 quaerens
760 1634 865 1668 quem
892 1623 1049 1658 devoret.

0 1687 70 1723 1301
90 1686 247 1722 resistite
268 1685 378 1720 fortes
399 1685 432 1719 in
453 1684 520 1719 fide
538 1696 545 1718 ε
563 1684 716 1719 50100105
731 1683 895 1718 eamdem
918 1682 1054 1728 passio-

0 1758 87 1784 mem
106 1747 152 1790 01,
171 1756 250 1792 quae
266 1746 300 1781 in
320 1745 453 1781 mundo
473 1751 541 1787 est,
558 1751 686 1780 vestrae
701 1744 919 1779 fraternitati
939 1743 1018 1778 fieri
1037 1756 1048 1776 ι

18 1808 42 1855 >Ι
62 1807 158 1843 Petr.
178 1807 227 1854 v).
263 1807 456 1843 Abundarc
482 1806 590 1842 faciet
609 1806 782 1841 Dominus
806 1809 948 1841 sanctos
969 1813 1054 1840 suos

0 1869 173 1904 ominibus
191 1868 310 1910 bonis,
330 1867 472 1912 quando
492 1867 551 1902 hic
573 1866 675 1902 bonis
706 1872 812 1911 auget
835 1865 989 1906 meritis,
1019 1870 1055 1900 et

0 1939 43 1963 nn
64 1927 183 1962 futuro
200 1926 406 1962 coelestibus
421 1926 663 1962 remunerabit
682 1926 851 1971 praemiis.
877 1937 888 1958 ‹
908 1924 1055 1970 Aperict

3 2002 21 2023 ιι
43 1989 217 2024 Dominus
248 1989 458 2023 thesaurum
477 1997 579 2022 suum
601 1987 788 2031 optimum,
809 1985 939 2020 coelum
973 1996 980 2019 :
1016 1988 1056 2018 ut

3 2062 22 2082 ιι
45 2049 186 2084 tribuat
204 2047 362 2093 pluviam
380 2052 486 2081 terrae
507 2051 575 2080 tuae
592 2046 628 2080 in
651 2051 809 2090 tempore
828 2054 905 2080 500.
937 2057 948 2077 1
971 2040 1054 2079 Coe-

0 2120 78 2144 rium
104 2109 163 2144 1110
179 2108 389 2154 prophetas,
415 2106 468 2142 vcl
493 2106 684 2152 apostolos,
708 2106 782 2141 sive
800 2105 1055 2151 praedicatores

0 2170 105 2205 verbi
127 2170 204 2211 Dei,
222 2178 411 2214 possumus
432 2166 643 2212 intelligere,
666 2167 709 2202 de
729 2166 860 2211 quibus
880 2165 1054 2210 scriptum

0 2235 60 2266 vest
78 2241 85 2264 :
112 2241 124 2262 ‹
150 2228 238 2264 Coeli
258 2226 590 2272 enarrantgloriam
611 2226 690 2268 Dei,
710 2231 745 2260 et
758 2235 866 2270 opera
884 2233 1055 2259 manuum

0 2290 81 2336 &ejus
101 2289 288 2325 annuntiat
319 2287 598 2323 firmamentum.
625 2299 636 2320 ›
663 2286 760 2330 Quos
781 2291 865 2321 tnnc
883 2285 1056 2321 Dominus

0 2353 123 2398 >aperit
156 2355 195 2386 ut
216 2350 350 2385 tribuat
379 2349 549 2395 pluviam,
584 2348 727 2393 quando
746 2357 808 2382 005
827 2356 891 2391 per
925 2346 1057 2381 donum

4 2412 164 2459 Spiritus
200 2410 317 2446 sancti
350 2408 515 2444 concedit
551 2407 752 2443 doctrinam
787 2405 948 2451 proferre
971 2404 1057 2440 divi-

0 2483 106 2516 mam,
124 2476 164 2506 ut
190 2470 387 2506 carnalium
419 2468 541 2511 corda,
563 2468 632 2503 hoc
661 2466 774 2501 imbre
795 2465 959 2511 irrigata,
979 2474 1058 2510 ger-

0 2545 91 2572 men
106 2535 284 2570 bonorum
303 2540 452 2576 operum
474 2529 614 2575 possint
629 2527 805 2573 proferre.
828 2539 839 2558 ‹
861 2524 1057 2560 Fenerabis

1 2608 26 2631 u
56 2596 220 2642 gentibus
244 2592 367 2628 multis
395 2596 430 2627 et
459 2591 534 2635 ipse
553 2600 573 2624 a
598 2589 692 2623 nullo
713 2587 818 2623 fenus
845 2586 1014 2630 accipies.
1040 2597 1053 2619 ›

0 2655 200 2693 ffl'enerabit
235 2651 396 2688 Ecclesia
427 2650 593 2696 gentibus
623 2648 758 2691 multis,
793 2647 936 2692 quando
974 2646 1059 2680 cha-

4 2716 163 2751 rrismata
184 2710 465 2748 divinationibus
482 2707 651 2753 expendit
670 2706 832 2751 singulis.
863 2704 936 2740 Nec
956 2703 1059 2739 fenus

4 2775 56 2812 ab
86 2774 160 2809 ulla
181 2772 325 2808 illarum
355 2770 499 2815 accipit,
519 2769 602 2814 quia
631 2778 701 2802 non
733 2773 963 2813 praescntem,
997 2765 1060 2800 sed

3 2834 169 2870 *futuram
185 2830 513 2867 renumerationem
545 2827 706 2873 inquirit.
725 2826 877 2862 Excellit
895 2826 1059 2861 omnibus

0 2894 108 2930 ‹enim
127 2893 220 2928 dono
249 2890 326 2934 Dei,
353 2895 389 2925 et
409 2894 515 2934 caput
534 2893 589 2924 est
620 2889 730 2923 totius
749 2887 861 2930 orbis,
884 2896 956 2922 non
977 2897 1061 2922 cau-

2 2954 79 2996 tfla;
103 2957 139 2988 ct
170 2960 312 2997 semper
345 2958 467 2995 supra,
502 2958 567 2983 nec
598 2956 757 2991 unquam
793 2947 918 2982 subter
946 2945 1060 2991 :quia

2 3013 95 3050 ilicet
108 3021 299 3058 pressuras
322 3014 359 3046 et
385 3008 654 3054 persecutiones
674 3006 850 3042 malorum
870 3005 907 3040 111
931 3005 1063 3040 mundo

2 3073 184 3119 ipatiatur,
221 3075 343 3106 tamen
369 3068 496 3104 fortior
531 3072 587 3103 est
618 3066 850 3108 adversariis,
867 3076 909 3102 ac
929 3066 999 3102 fide
1030 3070 1066 3101 et

4 3132 145 3169 wirtute
165 3131 298 3167 eminet
314 3129 504 3165 universis.
527 3126 701 3172 Sequitur
721 3138 729 3161 :

65 3203 76 3225 (
102 3191 306 3228 Constituet
326 3195 359 3225 te
380 3188 554 3225 Dominus
575 3188 609 3222 in
629 3191 738 3232 caput
763 3191 800 3222 et
829 3196 900 3221 non
929 3186 964 3221 in
981 3196 1066 3222 cau-

8 3262 35 3284 o«
57 3250 140 3286 dam
171 3262 179 3286 :
203 3255 240 3286 et
258 3249 330 3285 eris
349 3257 491 3293 semper
509 3256 616 3292 supra
634 3251 670 3281 01
691 3255 762 3281 11011
793 3246 926 3287 subter,
951 3246 979 3280 si
1004 3255 1067 3280 au-

7 3322 40 3347 1(
57 3313 168 3349 (110115
192 3310 364 3347 mandata
378 3308 521 3345 Domini
539 3308 604 3343 Dei
624 3307 690 3349 tui,
707 3316 786 3351 quae
806 3316 872 3352 ego
894 3306 1064 3351 praecipio

9 3382 37 3410 1(
58 3373 125 3409 tibi
141 3372 262 3414 hodie,
283 3376 320 3406 et
339 3369 554 3407 custodieris
571 3373 608 3403 01
636 3366 777 3409 feceris,
805 3377 847 3402 ac
866 3376 937 3401 non
954 3365 1063 3401 decli-

9 3443 39 3467 u
60 3431 204 3468 navet-is
220 3431 266 3467 ab
279 3430 347 3473 eis,
363 3438 430 3464 ncc
443 3428 489 3464 ad
512 3427 699 3463 dexteram
714 3435 783 3461 nec
799 3425 844 3460 ad
854 3425 1038 3460 sinistram
1054 3436 1063 3459 :

9 3502 41 3529 u
59 3502 128 3529 nec
150 3496 294 3529 secutus
321 3490 434 3527 fueris
452 3491 539 3527 deos
555 3490 708 3531 alienos,
728 3498 795 3525 nec
817 3487 970 3523 colueris
987 3496 1063 3521 eos.

10 3562 46 3597 nc
58 3550 138 3588 Non
155 3551 362 3598 praeteribis
379 3551 426 3587 ab
452 3550 619 3587 omnibus
637 3548 756 3585 verbis
775 3557 855 3592 quae
880 3556 946 3592 ego
966 3554 1067 3580 man-

10 3622 42 3646 (σ
63 3611 109 3648 (10
138 3612 204 3649 11111
234 3612 342 3648 hodie
360 3611 488 3647 dextra
515 3614 577 3645 aut
596 3609 758 3651 sinistra,
782 3607 835 3642 ire
869 3610 949 3652 post
983 3603 1069 3639 deos

13 3684 43 3706 ·‹
65 3670 215 3715 alienos,
251 3672 389 3709 servire
408 3670 492 3707 illis.
513 3669 615 3714 Quod
632 3669 662 3705 si
682 3669 809 3705 audire
829 3667 987 3703 nolueris
1006 3674 1071 3702 vo-

13 3745 46 3781 ιᾳ
69 3741 150 3768 cem
165 3730 308 3768 Domini
322 3731 387 3768 Dei
403 3731 456 3768 tui
486 3735 522 3767 et
538 3730 721 3767 custodias
746 3734 782 3766 et
809 3728 921 3765 facias
951 3726 1072 3763 omnia

12 3789 53 3860 n}
68 3791 236 3830 mandata
265 3790 343 3838 eius
372 3797 411 3828 et
440 3790 665 3828 ceremonias
691 3799 781 3836 quas
808 3798 876 3834 ego
902 3786 1072 3834 praecipio

1120 1266 1208 1308 dixi,
1241 1264 1401 1311 adjungit
1423 1266 1472 1300 'et
1502 1264 1588 1299 dicit
1626 1275 1633 1298 z
1669 1276 1680 1295 ‹
1703 1262 1781 1308 Ipse
1799 1262 1894 1296 enim
1924 1267 2040 1297 rectos
2059 1261 2165 1296 faciet

1120 1338 1246 1363 cursus
1260 1332 1352 1368 tuos,
1375 1332 1410 1361 et
1425 1326 1543 1361 omnia
1562 1325 1691 1360 itinera
1711 1330 1769 1358 tua
1788 1323 1822 1357 in
1841 1332 1928 1367 pace
1946 1322 2129 1366 producet.
2147 1335 2159 1356 1

1166 1386 1391 1431 Quapropter
1411 1385 1505 1430 quod
1538 1385 1607 1420 isto
1627 1384 1704 1419 1000
1731 1382 1995 1418 Deuteronomii
2029 1381 2164 1417 dictum

1119 1452 1184 1490 est,
1217 1460 1228 1480 ‹
1265 1447 1343 1482 Non
1372 1446 1571 1492 praeteribis
1605 1445 1647 1480 al)
1665 1444 1829 1480 omnibus
1864 1443 1983 1477 verbis
2000 1453 2078 1487 quae
2096 1452 2161 1488 ego

1119 1508 1249 1543 mando
1268 1508 1332 1543 tibi
1353 1507 1472 1550 hodie,
1495 1507 1622 1542 dextra
1643 1510 1704 1540 aut
1725 1505 1884 1545 sinistra,
1904 1503 1955 1538 ire
1980 1507 2061 1548 post
2078 1502 2164 1538 deos

1121 1570 1268 1611 alienos,
1299 1568 1434 1604 servire
1454 1567 1539 1609 illis,
1564 1580 1576 1600 »
1597 1576 1668 1602 non
1688 1566 1768 1601 ideo
1790 1565 1924 1600 dictum
1941 1568 1996 1599 est
2013 1563 2095 1608 quia
2116 1562 2164 1598 dii

1119 1631 1257 1676 possint
1290 1630 1398 1665 etiam
1431 1629 1467 1663 in
1489 1628 1623 1663 dextris
1656 1626 1799 1670 accipi:
1828 1625 1891 1660 sed
1926 1629 1987 1659 aut
2023 1628 2167 1659 terrena

1121 1691 1198 1726 loca
1216 1689 1417 1735 significata
1451 1695 1548 1730 sunt,
1573 1687 1657 1732 quia
1675 1686 1710 1721 in
1733 1685 1858 1720 dextra
1883 1683 1993 1717 autin
2021 1682 2166 1717 sinistra

1121 1750 1298 1785 habebant
1317 1754 1439 1794 gentes
1456 1747 1545 1782 alios
1565 1747 1649 1782 deos
1671 1745 1842 1786 colentes,
1874 1747 1934 1777 aut
1954 1742 2022 1777 11οο
2041 1741 2085 1776 (10
2102 1740 2169 1776 (1115

1122 1810 1200 1846 aliis
1217 1809 1409 1854 separatim
1428 1806 1732 1854 pronuntiandum
1761 1810 1828 1846 est,
1848 1809 1887 1839 ut
1905 1803 1974 1839 duo
1996 1802 2067 1838 sint
2085 1811 2168 1836 sen-

1123 1880 1212 1907 sus:
1233 1880 1325 1905 unus
1355 1868 1520 1904 videlicet
1555 1879 1562 1901 z
1589 1866 1666 1901 Non
1685 1864 1886 1911 praeteribis
1923 1863 1967 1898 ab
2004 1860 2170 1897 omnibus

1122 1932 1241 1967 verbis
1274 1940 1352 1976 quae
1373 1940 1438 1975 ego
1469 1929 1533 1963 tibi
1563 1927 1708 1969 mando,
1744 1926 1882 1961 dextra.
1904 1928 1965 1959 aut
2007 1922 2167 1964 sinistra,

1125 1991 1319 2027 secundum
1352 1989 1487 2024 50111001
1519 1987 1619 2022 illum
1659 1986 1876 2022 intellectum
1917 1993 2023 2030 quem
2059 1992 2168 2028 supra

1125 2051 1294 2097 exposui,
1316 2050 1407 2085 alius
1425 2053 1544 2084 autem
1561 2047 1608 2082 sit
1624 2056 1751 2082 5011505
1772 2058 1780 2080 :
1803 2045 1854 2079 ire
1871 2048 1952 2089 post
1965 2043 2049 2078 deos
2066 2043 2168 2084 alios,

1127 2113 1263 2148 servire
1290 2111 1374 2153 illis,
1393 2115 1432 2144 ut
1452 2114 1488 2145 et
1518 2108 1576 2143 hic
1598 2106 1844 2142 subaudiatur.
1874 2104 1950 2139 Non
1973 2103 2173 2149 praeteribis

1129 2174 1172 2209 ab
1193 2171 1359 2208 omnibus
1379 2169 1499 2206 verbis
1522 2177 1600 2213 quae
1617 2177 1683 2212 ego
1698 2164 1828 2201 mando
1848 2163 1910 2198 tibi
1930 2163 2046 2198 hodie.
2063 2162 2174 2204 Quem

1129 2238 1242 2268 totum
1268 2240 1412 2267 sensum
1446 2229 1475 2264 si
1513 2228 1630 2263 dicere
1648 2226 1810 2267 velimus,
1838 2223 2022 2269 superiora
2047 2224 2170 2263 verba,

1129 2302 1207 2337 quae
1225 2291 1346 2334 utique
1362 2289 1482 2324 sensui
1494 2292 1577 2323 sunt
1595 2286 1813 2327 communia,
1831 2284 2017 2330 repetituri
2034 2293 2170 2325 sumus,

1129 2357 1168 2387 ut
1190 2350 1370 2395 quomodo
1390 2348 1463 2382 illic
1497 2347 1639 2382 (1101101.
1659 2345 1736 2380 Non
1767 2344 1967 2389 praeteribis
1989 2342 2033 2377 ab
2059 2342 2173 2377 omni-

1129 2411 1194 2446 bus
1215 2419 1293 2454 quae
1311 2418 1376 2453 ego
1392 2407 1520 2441 mando
1557 2406 1620 2440 tibi
1647 2405 1752 2439 hodie
1771 2404 1894 2439 dextra
1920 2407 1981 2437 aut
2010 2402 2169 2445 sinistra,

1130 2471 1181 2506 sic
1209 2474 1245 2504 ct
1277 2468 1357 2503 istic
1384 2470 1566 2511 repe-tatur
1588 2464 1689 2499 :Non
1709 2463 1906 2509 praeteribis
1942 2462 1986 2497 ab
2002 2462 2168 2497 omnibus

1130 2542 1207 2577 quae
1237 2540 1304 2576 ego
1323 2527 1452 2563 mando
1479 2525 1542 2561 tibi
1566 2525 1684 2566 hodie,
1707 2524 1759 2559 irc
1785 2527 1865 2569 post
1898 2523 1984 2558 deos
2019 2522 2170 2565 alienos,

1130 2591 1266 2628 servire
1284 2588 1364 2624 illis.
1383 2585 1638 2621 Praetereundo
1666 2583 1761 2618 enim
1783 2593 1802 2617 a
1822 2582 1941 2617 verbis
1964 2591 2042 2626 quae
2067 2590 2173 2615 man-

1131 2651 1212 2685 data
1245 2653 1340 2690 sunt,
1373 2646 1481 2681 ctiam
1510 2645 1578 2679 hoc
1600 2643 1639 2678 fit
1663 2648 1703 2678 ut
1721 2648 1822 2678 eatur
1842 2648 1922 2687 post
1944 2642 2030 2677 deos
2055 2641 2168 2677 alios:

1131 2721 1201 2746 non
1221 2710 1317 2744 enim
1337 2709 1405 2743 1100
1424 2706 1539 2742 solum
1567 2705 1775 2740 mandatum
1793 2708 1859 2739 est.
1881 2702 1951 2737 Aut
1974 2702 2090 2738 solum
2104 2702 2172 2737 hoc

1130 2769 1312 2816 praeterirc
1344 2766 1437 2801 Deus
1466 2775 1535 2800 non
1578 2763 1653 2799 vult
1687 2763 1780 2808 quod
1810 2762 1990 2797 mandavit
2023 2771 2067 2797 ne
2093 2767 2173 2807 post

1132 2830 1216 2865 deos
1247 2828 1382 2862 alienos
1411 2830 1526 2867 eatur,
1545 2825 1607 2860 scd
1622 2823 1742 2859 omnia
1774 2833 1852 2868 quac
1876 2822 2072 2858 mandavit.
2096 2821 2170 2856 Hoc

1132 2894 1252 2924 tamen
1264 2888 1312 2922 ita
1325 2886 1519 2931 praecipue,
1538 2889 1578 2919 ut
1603 2889 1683 2929 post
1697 2883 1963 2930 generalitatem
1981 2882 2170 2927 praecepti,

1133 2959 1202 2996 quo
1235 2947 1420 2984 admonuit
1452 2956 1523 2981 non
1539 2954 1619 2981 esse
1635 2944 1919 2990 praetereundum
1950 2943 1994 2979 ab
2011 2942 2175 2978 omnibus

1131 3009 1248 3046 verbis
1287 3007 1538 3043 mandatorum
1575 3015 1736 3048 suorum,
1775 3005 1883 3039 etiam
1916 3004 1984 3039 hoc
2017 3012 2175 3038 seorsum

1133 3069 1384 3108 commendare
1403 3067 1568 3102 voluerit..
1592 3067 1713 3102 Potest
1733 3067 1801 3101 hoc
1820 3065 1913 3111 quod
1931 3066 1995 3107 ait,
2019 3077 2030 3097 (
2055 3065 2176 3099 dexte-

1134 3141 1174 3166 ra
1197 3135 1259 3165 aut
1290 3129 1452 3171 sinistra,
1481 3141 1492 3162 ›
1519 3127 1630 3163 etiam
1658 3126 1709 3162 sic
1739 3125 1899 3170 intelligi.
1937 3123 2018 3158 Haec
2052 3132 2174 3158 eorum

1135 3201 1244 3228 causa
1257 3200 1336 3236 quae
1351 3194 1498 3234 propter
1513 3187 1719 3224 felicitatem
1728 3188 1954 3229 appetuntur,
1967 3191 2031 3216 ncc
2050 3191 2172 3215 eorum

1137 3261 1216 3297 quae
1225 3247 1627 3296 propterinfelicitatem
1642 3243 1838 3288 fugiuntur,
1850 3241 1902 3275 ire
1917 3238 2174 3274 mandaverunt

1134 3314 1215 3355 post
1247 3310 1331 3345 deos
1364 3308 1511 3347 alienos,
1542 3305 1576 3338 id
1603 3307 1668 3342 cst,
1693 3310 1758 3336 nec
1781 3299 1921 3345 probis
1939 3309 2018 3344 quae
2047 3308 2172 3334 aman-

1136 3375 1208 3412 tur,
1243 3377 1311 3404 nec
1348 3370 1470 3401 contra
1507 3372 1549 3397 ea
1588 3370 1667 3405 quac
1704 3358 1784 3394 odio
1823 3357 2012 3401 habentur,
2049 3368 2070 3393 a
2104 3358 2173 3394 diis

1136 3431 1215 3466 aliis
1258 3427 1427 3464 auxilium
1466 3421 1684 3468 poscendum
1722 3428 1825 3462 esse;
1872 3423 1934 3454 aut
1979 3425 2076 3455 certe
2112 3419 2173 3455 illo

1135 3488 1242 3524 modo
1275 3490 1314 3520 ut
1353 3482 1588 3519 concilientur
1615 3489 1685 3525 quo
1720 3478 1871 3524 prosint,
1902 3478 1958 3514 vel
1988 3478 2174 3524 placentur

1138 3557 1182 3582 ne
1225 3547 1389 3580 noceant.
1436 3540 1525 3576 Nam
1571 3543 1606 3574 et
1652 3538 1696 3574 de
1740 3537 1951 3582 quibusdam
2002 3537 2172 3582 scriptum

1137 3611 1192 3643 est
1207 3605 1242 3640 in
1257 3602 1394 3648 psalmo
1414 3612 1422 3636 ε
1447 3612 1458 3633 ι
1475 3599 1632 3643 Quorum
1647 3607 1688 3634 os
1714 3597 1870 3632 locutum
1885 3601 1941 3631 est
1963 3596 2170 3640 vanitatem,

1139 3669 1174 3701 et
1186 3663 1332 3699 dextera
1348 3669 1472 3696 eorum
1499 3658 1645 3693 dextera
1656 3655 1853 3702 iniquitatis
1872 3654 2012 3702 ursae.
2032 3654 2171 3702 0111111).

1138 3725 1218 3762 ldeo
1235 3722 1318 3769 quia
1329 3721 1386 3757 his
1403 3720 1509 3756 rebus
1521 3717 1712 3764 opinantur
1728 3716 1805 3753 fleri
1821 3715 1999 3752 bominem
2016 3716 2172 3760 beatum,

1140 3792 1230 3830 quas
1248 3787 1285 3818 et
1300 3780 1433 3819 boniet
1450 3778 1535 3816 mali
1550 3782 1699 3825 possunt
1711 3777 1857 3822 habere,
1872 3780 1908 3813 et
1929 3776 2009 3813 ideo
2026 3775 2173 3813 dextera
