2540 4016
294 147 394 211 1127⁴
745 165 788 202 B.
811 163 984 202 RABANI
1009 162 1159 202 MAURI
1184 160 1398 199 ARCHIEP.

1425 159 1633 201 Mocuur.
1661 162 1854 202 opnnuu
1876 161 1998 200 PARS
2021 163 2050 200 1.
2380 167 2435 207 ῃ
2491 151 2493 155 ’

293 253 388 289 Deus
402 252 439 285 et
455 244 675 290 misericors,
693 244 754 291 qui
766 243 963 280 vindictam
977 247 1153 289 temperet
1166 241 1212 276 ab
1228 250 1272 276 eo
1287 238 1350 284 qui
1366 238 1403 279 A
1417 249 1504 288 ergo
1528 247 1566 279 et
1597 243 1704 279 hodie
1725 243 1961 280 eeclesiarum
1993 242 2167 289 omnium,
2185 253 2267 292 quae
2296 225 2441 290 sun'tJ
2461 253 2466 277 7

292 311 388 349 illam
416 306 624 355 poenitendo
653 303 828 351 praevenit
859 302 893 350 (Ι
915 301 996 338 Cor.
1018 301 1073 349 ιι).
1106 301 1178 338 Sed
1205 306 1241 338 et
1261 300 1351 337 illud

292 368 572 410 consideremus,
592 365 676 411 quia
703 364 818 400 donec
850 362 1029 399 servirent
1060 361 1207 398 Chusan
1235 361 1351 397 Rasa-

291 431 404 470 thaim
425 429 463 465 hi
480 428 543 474 qui
565 425 685 462 traditi
703 426 849 461 fuerant
868 434 935 471 pro
954 423 1104 466 delictis,
1125 429 1162 459 et
1179 432 1253 459 non
1272 421 1349 459 cla-

290 496 432 530 marent
446 489 491 525 ad
504 487 708 530 Dominum,
721 496 828 522 nemo
846 486 1041 522 suscitatus
1061 485 1191 531 estqui
1210 493 1350 521 saivare

290 562 352 589 eos
374 553 509 598 posset.
544 547 636 585 Cum
668 556 754 583 vero
789 545 1036 582 clamaverunt
1062 544 1108 580 ad
1141 543 1347 587 Dominum,

290 618 377 649 tunc
397 609 586 647 suscitavit
601 607 775 644 Dominus
794 607 1014 643 salvatorem
1027 605 1152 648 Israel,
1175 610 1211 640 et
1232 604 1349 640 salva-

289 672 340 708 vit
359 682 433 708 eos.
455 669 679 706 Salvatorem
700 672 821 704 autem
841 667 930 704 dicit
952 666 1134 711 othoniel,
1155 666 1217 712 qui
1236 666 1349 701 inter-

289 738 452 781 pretatur
469 738 601 779 tempus
618 730 704 765 mihi
732 729 806 765 Dei.

337 794 382 829 Et
419 793 657 828 clamaverunt
693 790 739 826 ad
770 790 974 832 Dominum,
994 790 1054 836 qai
1086 789 1265 825 suscitavit
1299 788 1348 823 eis

289 853 512 895 salvatorem,
533 858 564 888 et
586 851 742 886 liberavit
761 861 818 886 eos
832 877 841 894 ‚
862 848 1026 885 Othoniel
1043 848 1216 892 videlicet,
1234 847 1349 893 filium

290 915 415 958 Cenez,
439 914 584 960 fratrem
601 911 705 948 Caleb
722 911 892 946 minorem
904 922 916 954 ;
934 910 1069 956 fuitque
1089 910 1126 944 in
1148 920 1186 944 eo
1204 908 1347 954 spiritus

289 975 446 1017 Domini,
467 979 498 1009 et
513 972 688 1019 judicavit
716 970 851 1014 Israel,·
871 981 1029 1017 egressus
1047 975 1095 1005 est
1117 969 1163 1005 ad
1179 980 1346 1016 puqnam,

289 1043 320 1074 et
339 1035 484 1071 tradidit
501 1034 673 1070 Dominus
687 1034 723 1068 in
738 1043 862 1067 triatrus
877 1032 954 1077 ejus
969 1031 1112 1067 Chusan
1127 1029 1344 1070 Rasathaim,

289 1108 402 1143 reqem
423 1095 551 1141 Syrioe,
574 1100 605 1129 et
628 1093 797 1139 oppressit
812 1102 889 1127 eum
901 1102 912 1133 ;
937 1091 1131 1136 quievitque
1151 1096 1244 1124 terra
1260 1099 1347 1134 qua-

289 1157 455 1203 draqinta
476 1155 591 1190 annis.
614 1153 684 1189 Per
701 1154 797 1188 hunc
816 1150 984 1188 Othoniel
1001 1150 1099 1195 prior
1119 1149 1179 1185 ille
1195 1149 1347 1196 populus
1367 1138 1398 1177 Β

289 1218 335 1255 de
364 1217 540 1254 servitute
571 1214 785 1252 humilitatis
804 1218 950 1258 ereptus
976 1219 1044 1254 est,
1078 1217 1114 1247 et
1137 1211 1275 1247 reddita
1295 1216 1350 1247 est

289 1289 360 1325 pax
377 1277 520 1324 populo,
540 1286 648 1322 quam
676 1274 843 1320 superbia
861 1274 992 1310 dudum
1018 1278 1054 1309 et
1073 1273 1215 1308 diversa
1234 1273 1349 1318 plebis

288 1338 452 1374 facinora
483 1336 664 1382 fugavere.
698 1334 831 1369 Verum
863 1333 1036 1379 quoniam
1056 1332 1214 1367 diximus
1244 1333 1350 1378 spiri—

289 1398 423 1435 tualem
442 1396 634 1443 quemdam
659 1404 764 1441 posse
792 1393 943 1440 intelligi
971 1392 1117 1429 Chusan
1136 1392 1349 1428 Rasathaim

289 1467 427 1504 regem,
446 1461 483 1492 et
506 1465 618 1491 unum
637 1455 680 1490 dc
699 1453 917 1490 adversariis
941 1458 978 1489 et
994 1452 1090 1488 aeris
1107 1452 1349 1499 potestatibus

286 1517 505 1565 principem,
520 1516 570 1551 ita
584 1524 810 1560 consequens
827 1514 915 1550 mihi
935 1514 1089 1557 videtur,
1108 1513 1218 1549 etiam
1238 1512 1349 1548 Otho-

287 1577 419 1614 nielem
438 1577 562 1621 istum,
584 1576 646 1623 qui
677 1577 722 1612 ad
742 1575 967 1611 liberandum
998 1574 1168 1620 populum
1196 1573 1348 1609 suscita-

288 1643 347 1674 tus
378 1641 455 1680 est,
474 1646 554 1672 esse
584 1645 695 1671 unum
728 1634 884 1680 aliquem
918 1634 962 1669 de
994 1633 1120 1668 militia
1144 1631 1283 1668 coelesti
1312 1636 1349 1667 ct

289 1698 551 1745 archangelicis
570 1698 710 1741 turmis,
733 1697 792 1743 qui
813 1697 857 1731 act
888 1695 1141 1731 adminiculum
1161 1696 1348 1730 mittuntur

288 1771 431 1804 eorum,
453 1761 513 1806 qui
537 1759 775 1795 hcereditatem
804 1759 945 1804 capiunt
974 1757 1099 1792 salutis
1122 1755 1227 1803 (IIeb.
1250 1756 1293 1803 1),
1311 1760 1348 1791 et

287 1826 370 1857 sunt
390 1820 508 1866 angeli
538 1819 736 1856 salvatores
754 1846 762 1862 ,
781 1819 843 1864 qui
863 1824 898 1854 ct
917 1818 953 1853 in
973 1817 1173 1854 othonielis
1197 1824 1233 1853 et
1252 1816 1348 1853 tht

287 1882 409 1929 specie
445 1881 699 1929 designantur;
721 1881 820 1926 quia,
853 1880 945 1916 sicut
975 1889 1069 1926 saepe
1105 1878 1343 1920 ostendimus,

288 1955 360 1981 non
392 1943 509 1980 solum
527 1953 547 1978 a
565 1942 757 1979 contrariis
776 1940 969 1977 virtutibus
994 1940 1260 1986 impugnamur,
1284 1939 1345 1974 sed

288 2011 323 2041 ct
343 2005 473 2041 divinae
503 2005 680 2051 honaeque
713 2003 866 2039 virtutes
901 2002 945 2038 ad
978 2001 1150 2037 auxilium
1182 2007 1346 2038 nostrum

289 2066 482 2101 mittuntur
503 2075 523 2099 a
541 2064 707 2100 Domino.
747 2064 940 2099 Videamus
976 2067 1096 2098 tamen
1127 2062 1208 2108 quis
1237 2061 1345 2097 suerit

289 2125 357 2160 iste
375 2124 558 2167 Othoniel,
571 2123 672 2168 cujus
689 2123 847 2166 familiae,
860 2121 960 2167 cujus
977 2122 1194 2158 nobilitatis?
1211 2121 1343 2165 Filius,

290 2185 424 2231 inquit,
444 2183 569 2226 Cenez,
593 2183 702 2228 frater
722 2182 840 2225 Caici),
857 2183 952 2217 illius
966 2182 1155 2218 laudabilis
1175 2188 1210 2217 et
1232 2182 1345 2217 admi*

289 2245 392 2281 randi
429 2244 498 2280 viri
528 2242 663 2286 Caleb,
697 2243 759 2288 qui
787 2242 853 2278 suit
884 2253 1005 2279 comes
1034 2247 1069 2278 ct
1105 2243 1223 2278 socius
1260 2241 1344 2277 Jcsu

289 2305 407 2348 Nave,
438 2305 482 2340 de
509 2314 599 2350 quo,
621 2308 728 2348 prout
759 2303 968 2348 potuimus,
998 2303 1035 2337 in
1066 2303 1139 2337 suis
1159 2302 1247 2337 locis
1267 2311 1345 2346 quae

289 2367 364 2401 visa
398 2369 482 2400 sunt
513 2363 762 2399 disseruimus.
796 2361 889 2405 Quid
921 2372 1005 2408 crgo
1041 2361 1126 2397 dicit
1160 2360 1346 2405 Scriptura

290 2430 333 2465 de
365 2428 434 2464 isto
468 2425 659 2462 Othoniel?
689 2430 925 2472 posteaquam
958 2425 1065 2468 dixit,
1100 2425 1183 2471 quia
1215 2423 1345 2459 clama-

288 2496 408 2527 verunt
450 2491 516 2537 filii
552 2489 667 2526 Israel
704 2489 750 2525 ad
778 2489 967 2524 Dominum
981 2515 990 2533 ‚
1026 2487 1139 2533 sactus
1181 2494 1230 2523 est
1248 2514 1257 2531 ‚
1293 2487 1348 2523 in·

290 2552 380 2598 quit,
418 2551 559 2597 spiritus
597 2550 739 2586 Domini
773 2560 876 2595 super
907 2547 1081 2591 Otlaeoniel,
1112 2553 1143 2583 et
1173 2548 1346 2594 judicavit

289 2612 416 2648 Israel.
449 2612 558 2649 Putas
584 2617 640 2648 est
663 2611 699 2646 in
728 2610 832 2647 nobis
858 2610 1001 2656 aliquis,
1025 2610 1086 2656 qui
1113 2609 1163 2644 ita
1189 2608 1347 2644 validum

290 2679 326 2709 et
345 2673 394 2708 ita
409 2673 545 2718 justum
563 2672 757 2709 clamorem
776 2670 917 2706 emittat
936 2670 981 2705 ad
999 2670 1112 2705 Deum
1129 2696 1139 2713 ,
1158 2674 1198 2705 ιιι
1220 2669 1347 2715 diguus

291 2733 339 2770 sit
357 2733 534 2776 exaudiri,
553 2739 590 2768 et
608 2738 791 2768 mereatur
809 2731 963 2778 populus
984 2732 1147 2777 accipere
1171 2731 1344 2777 judicem,

291 2799 327 2831 et
345 2793 454 2830 talem
466 2792 626 2839 judicem
644 2802 751 2838 quem
768 2792 916 2838 spiritus
934 2791 997 2828 Dei
1013 2792 1160 2838 repleat,
1182 2797 1221 2827 ut
1235 2791 1349 2837 possit

294 2862 433 2892 rectum
455 2861 578 2891 tenere
589 2853 787 2900 judicium?
803 2854 899 2889 unde
920 2859 956 2889 et
973 2853 1064 2890 liber
1087 2854 1163 2899 ipse
1179 2853 1347 2889 Jucticum

294 2917 439 2960 dieitur,
456 2921 492 2951 et
520 2915 773 2952 describuntur
792 2914 829 2950 in
847 2925 890 2950 eo
918 2914 1058 2961 judices
1077 2915 1136 2960 qui
1163 2913 1349 2959 judicave-
1364 2939 1400 2978 D

294 2982 378 3012 runt
396 2976 580 3021 populum.
599 2975 702 3011 Sicut
721 2975 817 3010 enim
834 2974 893 3009 alii
907 2974 991 3010 libri
1019 2974 1153 3020 Requm
1181 2974 1348 3009 dicuntur

294 3036 351 3073 vel
382 3035 602 3082 Reynorum,
623 3035 660 3070 in
695 3035 825 3079 quibus
856 3034 1071 3069 describitur
1100 3035 1348 3080 unusquisque

297 3106 421 3143 regum
442 3094 620 3141 quomodo
650 3093 856 3140 regnaverit
878 3098 914 3128 et
934 3093 1019 3138 quid
1037 3094 1172 3140 egerit,
1193 3093 1293 3131 itaet
1311 3095 1348 3130 in

296 3159 364 3194 hoc
383 3156 503 3192 libello
529 3160 630 3203 gesta
652 3154 814 3200 judicum
841 3153 1059 3197 reseruntur,
1077 3159 1114 3190 et
1134 3155 1349 3192 describitur

297 3230 369 3257 non
389 3219 504 3256 solum
519 3218 551 3254 si
568 3217 654 3263 quid
671 3217 716 3253 ab
733 3216 787 3252 eis
803 3221 901 3252 recte
917 3221 954 3252 et
968 3215 1106 3252 utiliter
1118 3222 1261 3262 gestum
1277 3223 1346 3261 est,

296 3292 422 3319 verum
440 3286 476 3318 et
496 3280 526 3317 si
543 3279 629 3327 quid
649 3278 875 3325 culpabiliter
898 3278 1094 3315 admissum
1114 3283 1183 3314 est.
1202 3278 1275 3314 Cur
1298 3283 1348 3314 ta-

297 3352 379 3378 men
410 3346 604 3385 utrumque
633 3339 852 3385 descriptum
875 3337 923 3374 sit
940 3337 971 3375 si
989 3337 1164 3384 requiris,
1182 3344 1223 3375 ut
1253 3348 1349 3375 nunc

296 3401 467 3438 Ecclesiae
483 3400 663 3447 principes
678 3399 737 3435 vel
751 3398 892 3446 judiees
901 3398 1130 3444 pervidentes
1149 3408 1192 3435 ea
1207 3408 1287 3444 qua:
1303 3397 1349 3434 ab

299 3463 356 3499 his
371 3461 596 3498 laudabiliter
612 3465 713 3507 gesta
729 3464 825 3505 sunt,
834 3460 998 3506 priorum
1011 3463 1211 3507 sequantur
1230 3468 1351 3495 exem-

297 3522 376 3569 pla;
394 3522 424 3559 si
443 3532 514 3568 qua
531 3531 617 3558 vero
637 3521 672 3556 in
689 3520 760 3558 illis
779 3521 980 3568 culpantur,
1003 3527 1042 3556 ιιι
1068 3521 1129 3557 isti
1147 3524 1299 3557 caveant
1313 3523 1349 3556 et

300 3583 491 3621 declinent.
511 3581 639 3630 Magna
658 3592 745 3629 ergo
757 3582 836 3618 laus
851 3581 955 3628 primi
972 3581 1078 3628 buius
1089 3581 1222 3628 judicis
1239 3580 1350 3618 Otho-

300 3646 372 3683 niel
408 3645 590 3690 refertur,
611 3645 706 3692 quod
741 3644 890 3691 spiritus
923 3644 988 3680 Dei
1021 3643 1137 3680 factus
1160 3649 1216 3680 est
1245 3653 1353 3691 super

302 3715 399 3749 eum,
417 3710 455 3741 et
470 3715 536 3751 per
555 3705 722 3752 spiritum
745 3704 809 3741 Dei
824 3704 1010 3751 iudicabat
1027 3703 1152 3749 Israel,
1172 3704 1268 3750 quod
1286 3713 1353 3750 ego

302 3763 350 3801 de
367 3765 437 3803 alio
466 3767 622 3814 quodam
654 3766 790 3807 dictum
819 3776 893 3808 ιιοιι
925 3765 1028 3806 valde
1062 3765 1222 3807 memini.
1262 3766 1356 3806 Sunt

1366 2037 1395 2079 C

1417 311 1524 348 coeto,
1548 314 1659 350 quam
1684 304 1831 350 plurimi
1858 304 2012 351 judices,
2038 304 2170 350 quibus
2194 305 2372 352 judicium
2411 307 2467 346 ιι.“

1417 365 1534 402 solum
1552 376 1676 402 rerum
1691 372 1877 413 gestarum
1891 367 2014 404 datum
2035 372 2104 411 est,
2122 367 2186 404 sed
2201 374 2239 406 et
2255 371 2412 408 animat

1417 424 1552 462 Verum
1571 426 1695 463 nescio
1714 427 1746 463 si
1763 427 1845 473 quis
1862 427 1910 464 sit
1926 428 2010 464 talis
2036 427 2210 466 Ecclesiae
2222 429 2348 477 iudex,
2368 442 2429 478 qu

1418 487 1568 533 dignum
1598 486 1709 523 saciat
1737 487 1833 523 Deus
1862 488 1994 533 spiritu
2024 499 2090 525 suo
2120 489 2284 536 replere,
2313 499 2354 528 ut
2383 493 2449 530 sic

1417 545 1585 583 Othoniel
1600 546 1682 589 iste,
1702 547 1909 583 testimonio
1919 546 2112 595 Scripturas
2127 550 2317 589 decoratus
2335 558 2404 598 est,
2425 553 2438 591 i

1418 607 1529 643 etiam
1545 606 1628 652 ipsi,
1646 606 1690 642 de
1710 607 1839 653 quibus
1856 609 1926 645 hoc
1945 614 2126 655 optamus,
2146 610 2210 657 Dei
2230 613 2438 650 testimonio
2450 627 2484 661 w,

1417 671 1640 703 mereantur.
1670 667 1731 703 Ait
1750 678 1837 715 ergo
1854 669 1925 705 :Et
1953 670 2068 716 factus
2095 676 2145 707 est
2171 673 2316 718 spiritus
2335 673 2438 710 Domi

1418 738 1522 773 super
1540 739 1634 771 eum,
1654 734 1687 763 et
1708 728 1883 774 judicavit
1902 729 2031 774 Israel,
2049 737 2082 767 et
2106 732 2190 767 exiit
2213 733 2259 768 ad
2282 733 2423 777 bellum,
2444 736 2493 778 cel
2516 723 2523 741 ’-

1418 788 1564 824 tradidit
1594 788 1767 826 Dominus
1785 790 1822 826 in
1841 802 1965 828 manus
1992 792 2068 838 ejus
2099 792 2242 830 Chusan
2269 782 2499 832 Rasamaimiv
2521 807 2525 820 ¹

1419 860 1545 896 reyem.
1568 849 1686 894 Quare
1707 851 1798 887 hoc?
1827 850 1918 895 Quia
1938 853 2085 899 spiritus
2106 853 2249 891 Domini
2266 861 2346 891 erat
2364 855 2400 891 in
2417 863 2494 901 eo,t

1419 915 1455 945 et
1485 909 1690 947 confortata
1710 917 1765 948 est
1795 923 1925 949 manus
1951 913 2029 959 ejus
2059 924 2167 961 super
2194 914 2340 952 Chusan
2360 916 2476 954 Rasa·
2512 949 2522 959 „

1418 971 1545 1007 thaim.
1574 972 1620 1008 Et
1637 977 1718 1018 post
1738 973 1815 1009 haec
1834 973 1921 1010 dicit
1949 974 2035 1020 quia
2058 974 2196 1021 quievit
2220 980 2319 1012 terra
2346 977 2413 1013 sub
2433 986 2493 1014 eo-

1413 1031 1536 1078 jndice
1566 1034 1805 1081 quadraginta
1825 1035 1943 1072 annis.
1968 1036 2076 1072 Vides
2102 1046 2212 1082 quam
2232 1036 2331 1084 larga
2351 1043 2407 1074 est
2423 1037 2479 1074 di·
2515 1054 2525 1067 κ

1417 1093 1501 1129 vina
1520 1093 1732 1130 elementia?
1746 1093 1837 1131 Octo
1854 1095 1959 1130 annis
1978 1095 2042 1131 filii
2058 1095 2169 1132 Israel
2189 1096 2394 1133 servierunt
2410 1107 2478 1143 pro
2516 1083 2525 1087 ,

1418 1154 1613 1190 multorum
1641 1154 1806 1198 delictis3
1827 1155 2065 1202 quadraginta
2085 1166 2200 1192 annos
2218 1167 2285 1202 pro
2300 1157 2406 1194 unius
2419 1158 2478 1204 ju-

1419 1215 1516 1252 stitia
1546 1215 1582 1251 in
1614 1226 1703 1261 pace
1733 1216 1944 1261 perdurant.
1979 1215 2227 1262 Quadraginta
2246 1226 2360 1252 annos
2377 1218 2478 1263 quie-

1418 1275 1512 1310 visse
1551 1280 1684 1309 terram
1719 1273 1971 1319 promissionis
2004 1283 2026 1308 a
2050 1273 2154 1309 bellis
2189 1274 2255 1310 sub
2289 1273 2478 1314 Othoniele

1414 1333 1538 1378 judice
1555 1333 1743 1379 Scriptura
1758 1339 1924 1377 testatur,
1935 1340 2107 1380 quantum
2131 1336 2306 1382 temporis
2322 1337 2478 1384 primor-
2516 1365 2521 1367 >

1419 1392 1476 1428 dia
1496 1392 1650 1428 Romani
1665 1393 1810 1440 imperii
1822 1394 1888 1430 sul)
1902 1393 2018 1430 Numa
2031 1394 2210 1442 Pompilio
2227 1398 2478 1435 tantummodo
2519 1430 2522 1432 ,

1417 1463 1502 1499 rege
1520 1460 1647 1500 pacata
1668 1454 1802 1491 habere
1819 1460 2027 1501 potuerunt.
2054 1455 2126 1492 Sed
2143 1456 2230 1503 quid
2250 1456 2381 1493 dicitur
2396 1463 2478 1503 post
2520 1482 2526 1484 μ

1417 1515 1518 1551 haec?
1547 1516 1594 1551 Et
1615 1516 1799 1562 defunctus
1819 1524 1882 1560 est,
1903 1517 2033 1564 inquit,
2058 1517 2220 1555 othoniel
2237 1518 2332 1564 filius
2350 1518 2476 1556 Cenez.
2530 1550 2533 1554 .

1417 1576 1508 1612 Rem
1544 1577 1650 1614 video
1681 1577 1933 1623 periculosam.
1974 1578 2171 1616 Defunctus
2201 1584 2258 1616 est
2294 1579 2475 1616 Othoniel.
2524 1611 2529 1613 ,

1418 1638 1560 1682 Quare?
1581 1639 1671 1683 Quia
1682 1639 1759 1686 jam
1771 1640 1942 1688 indignus
1960 1646 2041 1677 erat
2058 1641 2224 1688 populus,
2245 1642 2307 1688 qui
2327 1641 2477 1679 haberet

1413 1697 1573 1743 judicem
1596 1700 1717 1737 talem.
2539 1727 2540 1749 ι

1466 1760 1626 1807 Denique
1651 1762 1687 1797 in
1722 1763 2028 1809 consequentibus
2064 1763 2150 1799 dicit
2182 1763 2244 1800 illo
2269 1764 2471 1802 defuncto:

1416 1820 1464 1855 Et
1497 1821 1713 1867 adjecerunt,
1749 1823 1879 1870 inquit,
1907 1823 1974 1868 fitzi
2005 1823 2120 1860 Israel
2140 1824 2255 1870 [acere
2281 1824 2414 1862 malum
2440 1826 2476 1861 in

1418 1889 1603 1928 conspectu
1623 1882 1779 1919 Domini.

1828 1958 1980 1997 CAPUT
2013 1960 2058 1996 X.

1418 2030 1470 2066 De
1505 2042 1544 2066 eo
1578 2033 1671 2078 quod
1697 2039 1895 2078 peccantem
1930 2034 2045 2068 Israel
2067 2035 2212 2070 tradidit
2237 2035 2410 2071 Dominus
2439 2038 2476 2071 in

1462 2089 1570 2113 mamt
1587 2078 1703 2124 quon
1727 2080 1814 2125 reyis
1835 2079 1955 2122 Moab,
1975 2080 2035 2114 sed
2053 2092 2110 2116 eos
2134 2083 2262 2117 iterum
2275 2082 2475 2118 misericor-

1462 2125 1552 2159 (liter
1585 2124 1742 2160 liberavit
1773 2137 1833 2171 per
1863 2125 1961 2169 Aod,
1996 2126 2109 2170 filium
2134 2127 2269 2171 Hieme,
2292 2128 2475 2165 ambidex—

1461 2177 1566 2214 trum,
1585 2172 1643 2217 qai
1660 2172 1833 2218 interfecit
1850 2171 1979 2218 Eylon.

1463 2244 1579 2291 (lum.)
1598 2245 1644 2279 Et
1659 2246 1869 2291 confortavit
1886 2246 2056 2283 Dominus
2070 2247 2199 2294 Eylon,
2224 2259 2337 2295 reqem
2354 2249 2474 2293 Moab,

1416 2305 1600 2342 adversum
1616 2305 1745 2341 Israel.
1765 2306 1960 2344 Considera
1978 2309 2062 2354 quia
2080 2319 2146 2355 pro
2165 2319 2207 2346 eo
2225 2310 2321 2355 quod
2339 2310 2476 2357 indigni

1415 2371 1518 2403 erant
1548 2366 1624 2412 jam
1645 2368 1780 2404 habere
1811 2369 2010 2415 principem
2044 2370 2166 2415 talem,
2199 2377 2389 2418 propterea
2413 2383 2477 2408 au-

1415 2427 1530 2463 fertur
1563 2429 1609 2464 ab
1632 2428 1684 2464 eis
1718 2429 1833 2464 bonus
1868 2429 2000 2475 judex;
2038 2435 2075 2466 et
2097 2434 2180 2476 quia
2206 2431 2370 2468 fecerunt
2399 2443 2477 2468 ma-

1415 2487 1551 2534 lignum
1588 2487 1626 2523 in
1654 2492 1852 2535 conspectu
1879 2488 2037 2533 Domini,
2059 2490 2239 2526 excitatur
2275 2491 2328 2527 eis
2359 2491 2476 2529 hostis

1414 2548 1608 2595 pessimus,
1628 2548 1756 2595 Eglon,
1779 2559 1843 2584 rex
1863 2548 1981 2585 Moab.
1999 2550 2108 2587 Vides
2128 2550 2212 2597 quia
2243 2556 2367 2588 nostra
2391 2561 2477 2598 pec-

1416 2614 1498 2646 cata
1517 2609 1614 2646 vires
1627 2609 1791 2646 hostibus
1806 2609 1987 2656 praebe11t;
2016 2615 2053 2646 et
2075 2610 2220 2656 quando
2242 2621 2309 2648 nos
2322 2611 2477 2650 facimus

1416 2671 1613 2718 malignum
1651 2670 1689 2706 in
1725 2674 1920 2716 conspectu
1955 2670 2115 2715 Domini,
2150 2679 2187 2707 et
2218 2671 2475 2718 delinquimus,

1418 2736 1503 2767 tunc
1529 2735 1790 2767 convertuntur
1807 2740 1828 2766 a
1845 2731 1998 2767 Domino
2016 2731 2216 2767 adversarii
2231 2732 2360 2776 nostri,
2388 2738 2475 2770 tunc

1416 2792 1514 2828 vires
1544 2791 1737 2828 contrariis
1761 2792 1904 2828 dantur.
1932 2790 2008 2827 Hoc
2042 2791 2118 2828 sive
2157 2792 2353 2828 secundum
2378 2791 2475 2830 litte-

1417 2862 1496 2888 ram
1515 2862 1669 2898 quaeras,
1697 2851 1747 2886 ita
1780 2851 1956 2893 invenies,
1987 2850 2072 2897 quia
2094 2861 2167 2887 non
2185 2850 2471 2897 invalescerent3

1418 2914 1493 2949 sive
1529 2913 1565 2948 in
1600 2912 1786 2958 spiritibus
1820 2912 2047 2955 consideres,
2087 2910 2252 2947 similiter
2283 2913 2475 2971 contrariae
2536 2913 2540 2915 ’

1417 2973 1571 3010 virtutes
1599 2983 1671 3008 non
1698 2972 1958 3009 invalescerent
1982 2971 2171 3007 adversum
2195 2981 2274 3016 nos,
2299 2982 2368 3009 nec
2397 2973 2474 3020 ipse
2536 2994 2540 2995 ν

1418 3035 1581 3072 diabolus
1615 3035 1653 3071 in
1678 3035 1782 3071 nobis
1801 3034 1937 3081 aliquid
1960 3033 2187 3080 praevaleret,
2226 3034 2297 3071 nisi
2325 3034 2359 3071 ei
2377 3034 2474 3071 vires
2536 3029 2540 3031 ’

1418 3106 1461 3132 ex
1482 3097 1617 3133 nostris
1641 3096 1740 3133 vitiis
1759 3097 2029 3142 praeberemus3
2060 3094 2164 3131 valde
2185 3094 2352 3132 infirmus
2377 3102 2474 3134 esset
2507 3124 2512 3139 ,
2536 3111 2540 3116 ·

1418 3158 1611 3194 adversum
1637 3167 1716 3200 nos,
1742 3156 1812 3193 nisi
1859 3166 1925 3192 nos
1957 3165 2040 3191 eum
2062 3154 2194 3191 sortem
2218 3155 2256 3190 in
2290 3156 2474 3201 peccando
2515 3187 2518 3196 ,

1418 3217 1634 3260 faceremus,
1669 3222 1706 3253 et
1733 3217 1802 3252 nisi
1836 3225 1901 3262 per
1930 3219 2080 3262 peccata
2112 3219 2237 3250 nostra
2267 3214 2386 3251 locum
2418 3217 2473 3254 in-

1419 3277 1587 3313 troeundi
1606 3281 1643 3313 et
1662 3275 1870 3312 dominandi
1886 3275 2065 3310 inveniret
2088 3274 2126 3310 in
2140 3274 2256 3310 nobis.
2275 3274 2472 3322 Propterea
2505 3302 2516 3323 ι

1421 3337 1576 3383 denique
1601 3342 1637 3372 et
1654 3335 1846 3383 Apostolus
1877 3339 2076 3382 praemonet
2102 3335 2252 3372 dicens:
2275 3335 2394 3374 Nolite
2417 3338 2472 3376 lo-
2522 3382 2526 3388 ¹

1421 3408 1500 3434 cum
1524 3396 1609 3432 dare
1629 3394 1768 3431 diabolo
1789 3394 1934 3443 (Ephes.
1965 3394 2030 3442 ιν).
2054 3394 2156 3432 Sicut
2173 3401 2210 3432 et
2223 3396 2284 3432 hic
2297 3397 2405 3435 modo
2419 3398 2472 3437 le-

1421 3459 1553 3507 gimus,
1580 3457 1663 3504 quia
1696 3461 1932 3503 posteaquam
1966 3455 2130 3492 fecerunt
2150 3456 2215 3493 filii
2245 3455 2356 3494 Israel
2389 3469 2468 3496 ma-

1421 3519 1558 3567 lignum
1571 3519 1609 3555 in
1624 3511 1818 3565 conspectu
1831 3516 1991 3561 Domini,
2004 3516 2122 3554 locum
2131 3517 2304 3555 dederunt
2315 3518 2470 3558 diabolo.

1422 3577 1649 3621 Consortavit
1674 3580 1771 3618 enim
1802 3579 1975 3616 Dominus
2006 3579 2133 3627 Eglon,
2152 3589 2273 3627 regem
2294 3579 2413 3624 Moab,
2435 3585 2473 3619 et

1425 3643 1585 3690 adjunxit
1613 3644 1647 3681 ei
1673 3652 1798 3680 omnes
1832 3642 1925 3678 filios
1958 3642 2075 3679 Amon
2103 3645 2141 3679 et
2166 3640 2352 3679 Amalech.
2389 3642 2473 3680 Non

1425 3705 1557 3749 solum,
1577 3704 1706 3753 inquit,
1725 3703 1802 3750 ipse
1825 3702 2048 3740 confortatus
2061 3706 2116 3738 est
2133 3710 2179 3738 ex
2194 3701 2354 3748 peccatis
2379 3700 2481 3739 mio-1

1426 3775 1507 3804 rum
1534 3759 1662 3812 lsrael,
1691 3764 1755 3804 sed
1774 3768 1811 3803 et
1829 3762 2072 3812 adjunguntur
2087 3761 2122 3801 ei
2153 3762 2243 3802 socii
2256 3756 2412 3812 nequam
2425 3758 2482 3802 exs
