2540 4016
22 351 28 378 3
82 357 85 360 ,
109 347 125 360 ,.
148 343 173 360 ».«.
213 353 223 371 ,
243 331 280 362 et
297 325 430 370 caath,
444 329 484 363 et
502 323 649 368 Mei-ari,
670 329 708 361 et
718 326 924 363 ostenditur
937 327 1130 373 primatum

92 386 227 425 ...uisse
257 385 295 422 in
311 386 451 423 honore
476 384 607 430 naath,
641 385 711 422 hoe
741 391 811 431 est,
839 386 901 434 qul
924 387 988 423 tilii
1014 388 1130 427 Gaath

79 470 94 482 ·.
156 454 271 486 ..tex
287 447 452 484 Ami-am.
472 447 564 484 Nam
579 448 624 484 de
641 458 687 485 eo
707 448 864 496 Moyses,
886 454 923 485 et
941 449 1078 496 Aaron,
1094 457 1132 488 et

37 559 40 562 y
123 511 192 549 ria.
211 510 325 558 Igitur
342 509 388 546 de
402 509 516 546 Caath
539 521 624 556 pars
644 509 790 557 quidem
811 511 913 557 plebs
930 511 1058 548 effecta
1076 516 1131 548 εει

19 567 317 626 sfiffia'oerdotalis,
336 582 416 618 quae
434 577 489 609 est
503 572 622 608 Aaron
644 578 680 608 et
698 572 763 608 filii
785 572 877 619 ejus.
906 572 1047 620 Moyses
1067 582 1130 608 au-

35 617 140 675 {ffi'em
155 633 267 671 autin
284 633 500 670 sacerdotali
517 633 655 678 ordine,
687 639 750 670 aut
766 634 796 670 si
815 633 901 681 qnid
922 634 1035 671 etiam
1054 645 1131 670 am-

22 687 26 689 *
49 695 160 747 §plius
178 706 199 731 a
217 694 433 731 sacerdotali
463 705 543 731 esse
575 700 707 741 potest,
738 695 925 732 habendus
950 701 1017 732 est.
1050 695 1129 731 Alia

29 752 40 798 f
59 767 153 798 'vero
168 763 226 795 est
245 757 340 794 ratio
358 757 402 793 de
419 756 501 793 filiis
522 757 610 804 ejus.
637 757 815 794 Caeterum
845 762 964 794 autem
983 767 1028 794 ex
1047 757 1131 793 tiliis

55 815 178 859 JEaath
199 820 396 857 secundum
413 825 608 856 tenuerunt
626 820 660 855 in
680 819 777 856 tribu
797 819 898 863 Levi,
920 820 950 856 si
967 821 1028 865 qui
1047 826 1130 856 sunt

36 890 38 892 ·
59 886 109 920 ex
125 882 304 926 issachar,
333 887 369 918 et
396 882 555 926 Hebron,
578 887 614 918 et
640 880 755 917 Odiel.
789 880 879 916 Tum
907 880 1130 926 deindepost

19 963 26 965 -
65 940 134 981 hoe
151 943 333 990 accipiunt
360 948 504 990 partem
531 947 674 989 propter
698 941 827 984 Caath,
849 951 869 977 e
889 939 972 976 liliis
992 940 1129 977 Gerson

65 1007 173 1044 tertio
204 1007 297 1050 loco,
329 1006 548 1042 novissimus
572 1013 659 1040 vero
680 1003 840 1040 omnium
869 1002 1012 1039 Merari.
1046 1003 1129 1041 llaec

68 1074 123 1107 est
145 1073 267 1104 autem
291 1067 495 1103 differentia
521 1066 628 1112 primi
650 1065 801 1108 ordinis,
824 1065 986 1109 secundi,
1009 1071 1043 1102 et
1059 1073 1131 1102 ter-

67 1130 122 1174 tii,
138 1129 196 1165 vel
213 1128 350 1175 quarti,
370 1138 478 1174 quam
495 1127 613 1173 primo
628 1127 788 1163 omnium
807 1126 1077 1163 observavimus
1093 1128 1129 1162 in

65 1250 183 1287 decim
203 1250 320 1286 tribus
340 1260 405 1296 per
434 1255 588 1295 quatuor
618 1250 716 1285 orbis
747 1255 852 1285 terrce
882 1257 1003 1296 partes
1034 1251 1130 1287 circa

66 1323 188 1349 arcam
211 1311 419 1348 testamenti
434 1310 575 1347 Domini
595 1311 767 1347 excubias
784 1322 889 1357 agere
910 1325 917 1346 :
937 1318 972 1347 et
986 1317 1129 1348 statutae

65 1378 150 1410 sunt
176 1378 250 1409 tres
288 1373 434 1419 quidem
461 1373 576 1408 tribus
606 1372 651 1407 ab
669 1372 822 1415 oriente,
842 1377 963 1408 ettres
984 1373 1128 1418 quidem

65 1433 110 1470 ab
127 1433 266 1477 Africo,
296 1439 332 1468 et
362 1433 577 1476 meridiano,
605 1438 679 1468 tres
703 1438 822 1468 autem
855 1434 900 1468 ad
917 1444 1016 1468 marc
1034 1433 1129 1478 quod

63 1494 180 1531 estad
201 1493 442 1535 occidentem,
474 1497 548 1527 tres
568 1502 654 1527 vero
675 1491 719 1527 ad
749 1492 969 1538 aquilonem,
993 1493 1052 1540 qui
1073 1497 1129 1528 est

65 1556 262 1601 septentrio
281 1566 288 1588 :
306 1555 367 1590 ubi
404 1554 514 1590 etiam
543 1553 603 1589 isti
634 1564 697 1599 per
718 1559 872 1599 quatuor
893 1555 991 1590 orbis
1022 1560 1128 1590 terrai

64 1622 188 1664 partes
209 1615 334 1651 codem
356 1614 482 1650 ordine
508 1615 739 1660 deputantur,
770 1621 805 1650 et
825 1617 869 1651 ab
885 1616 1024 1652 oriente
1051 1616 1130 1662 qui-

67 1677 164 1720 dem,
186 1676 247 1712 ubi
274 1681 354 1711 erat
383 1675 500 1711 tribus
521 1674 625 1718 Juda,
657 1686 734 1721 quae
753 1683 832 1712 crat
858 1677 950 1712 inter
980 1682 1128 1713 coeteros

64 1737 204 1785 prima;
238 1736 359 1772 Aaron
389 1742 498 1782 atque
535 1736 596 1771 lilii
628 1735 704 1781 ejus
735 1736 958 1773 collocantur
986 1737 1128 1774 :Ca-ath

69 1809 158 1835 vero
178 1803 211 1834 et
241 1798 369 1844 reliqui
388 1799 448 1844 qui
468 1803 571 1833 erant
591 1798 654 1833 filii
677 1810 798 1834 aream
829 1800 1037 1835 testamenti
1057 1801 1127 1835 Do-

67 1861 156 1896 mini
173 1860 293 1895 levare
313 1860 348 1894 in
368 1861 539 1895 humeros
565 1864 600 1894 et
629 1859 723 1895 tubis
743 1869 874 1896 cancre
901 1865 1127 1903 statuuntur,

67 1921 118 1958 ita
136 1927 174 1957 ut
194 1932 274 1957 cum
303 1921 420 1967 prima
446 1921 529 1956 tuba
558 1922 769 1964 cecinisset,
794 1927 979 1957 moverent
1010 1927 1129 1958 castra

67 1982 104 2019 hi
126 1983 186 2029 qni
207 1988 312 2018 erant
330 1983 374 2018 ab
389 1981 549 2025 oriente;
572 1993 654 2018 cum
676 1994 762 2018 vero
793 1983 951 2018 secunda
980 1983 1130 2018 cecinis-

67 2049 134 2087 set,
157 2043 194 2078 hi
216 2043 277 2088 qui
295 2047 400 2078 erant
414 2053 433 2078 a
450 2043 650 2078 meridiano
666 2048 945 2089 consurgerent;
967 2043 1072 2078 tertia
1087 2043 1131 2079 ab

67 2172 103 2204 et
122 2172 257 2213 quanta
278 2166 481 2202 differentia
506 2167 542 2202 in
562 2166 761 2213 Scripturis
785 2173 821 2203 et
851 2178 973 2203 rerum
999 2178 1126 2203 eonsc-

68 2230 215 2276 quentia
241 2229 474 2272 describitur,
495 2230 677 2274 quomodo
704 2230 795 2265 nihil
817 2231 886 2266 nisi
909 2242 990 2267 cum
1010 2231 1131 2267 mode-

69 2291 210 2326 ratione
242 2296 276 2325 et
298 2290 427 2326 ordine
449 2290 600 2337 geritur.
622 2290 766 2326 Intuere
789 2291 1016 2338 diligentius,
1039 2292 1129 2327 etin

69 2352 166 2388 omni
193 2351 384 2398 Scriptura
414 2352 491 2387 haec
521 2352 570 2387 ita
607 2352 767 2388 invenies
798 2352 979 2388 ordinata.
1000 2352 1070 2388 Sed
1100 2353 1130 2388 si

72 2413 135 2448 tibi
160 2412 305 2448 dillicile
327 2418 381 2448 cst
409 2424 474 2459 per
507 2423 631 2449 omnes
654 2414 767 2455 ¹libros
787 2414 994 2461 vigilantem
1012 2415 1130 2450 cordis

70 2474 214 2512 oculum
242 2475 394 2517 ducere,
420 2475 454 2509 in
485 2476 554 2511 hoe
582 2475 707 2511 saltem
728 2476 806 2512 loco
826 2475 1033 2523 diligentius
1052 2487 1130 2522 qua}

71 2535 281 2572 reseruntur
298 2537 458 2572 adverte.
482 2536 614 2577 Prima,
637 2538 774 2582 inquit,
797 2538 872 2573 exit
901 2548 979 2572 sors
994 2538 1128 2581 Caath,

71 2603 107 2634 et
133 2598 227 2633 sacta
250 2603 305 2633 cst
335 2597 420 2632 liliis·
447 2597 568 2632 Aaron
590 2598 837 2632 sacerdotibus
872 2598 932 2643 qui
961 2604 1063 2633 erant
1093 2598 1129 2633 in

69 2658 218 2697 Levitis.
238 2658 302 2693 Cui
323 2658 440 2702 prima
465 2669 543 2694 sors
564 2658 685 2693 debuit
705 2659 805 2694 exire
820 2685 829 2701 ,
852 2659 911 2693 eui
942 2660 1132 2704 oportebat

70 2721 269 2767 primatum
290 2720 384 2762 dari,
404 2718 474 2754 nisi
495 2718 617 2754 Aaron
636 2719 753 2765 primo
772 2719 947 2764 pontifici,
964 2720 1080 2765 primo
1094 2721 1131 2755 in

71 2781 153 2816 vitae
171 2781 323 2824 meritis,
344 2781 462 2826 primo
486 2782 521 2815 in
540 2780 736 2816 honoribus
756 2786 792 2815 et
812 2781 968 2816 virtute?
985 2781 1131 2817 Certum

73 2847 129 2879 est
147 2843 242 2889 apud
258 2854 326 2878 nos
343 2853 439 2878 nune
460 2842 588 2878 saltem
610 2841 705 2887 quod
723 2853 794 2877 non
818 2842 865 2878 sit
890 2853 968 2878 sors
987 2842 1036 2877 ita
1054 2842 1130 2878 sor-

73 2903 179 2947 tuita,
199 2904 261 2939 sed
286 2903 380 2939 adsit
406 2903 520 2938 virtus
548 2913 718 2948 superna,
741 2902 949 2948 gubernans
974 2915 1054 2939 eam
1075 2914 1130 2940 se—

61 2964 230 3014 ·eundum
250 2963 379 3000 divinae
399 2963 635 3010 providentiae
649 2962 838 3008 judicium.
861 2964 927 3000 Ubi
946 2975 1030 3011 ergo
1048 2965 1130 3000 siliis

73 3024 195 3062 Aaron
212 3026 330 3071 prima
349 3025 554 3060 habitacula
574 3036 652 3061 sors
680 3025 756 3060 haec
774 3023 871 3069 Justa
893 3014 1129 3062 decernimini

61 3088 184 3143 quibu,
207 3088 335 3133 inquit,
355 3087 461 3131 luda,
479 3092 515 3123 et
532 3087 626 3123 tribu
645 3087 806 3129 Simeon,
821 3087 910 3122 etin
929 3087 1022 3123 tribu
1042 3087 1134 3122 Ben-

68 3147 206 3196 jamin,
227 3160 292 3195 per
311 3154 446 3184 sortem
481 3148 646 3184 civitates
680 3147 883 3184 duodecim.
908 3148 1019 3184 Vides
1046 3159 1135 3194 quo-

74 3210 181 3246 modo
212 3209 249 3246 in
275 3209 399 3246 electis
423 3210 532 3253 viris,
553 3215 587 3246 et
606 3210 641 3245 in
662 3210 785 3245 electis
806 3210 972 3245 tribubus
994 3210 1134 3246 habita-

70 3270 155 3319 'cula
183 3270 451 3317 dispensantur.
470 3271 566 3314 Quos
599 3275 719 3306 autem
747 3270 908 3316 oportuit
938 3270 1133 3307 secundam

63 3338 212 3375 ,sortem
229 3333 436 3382 suscipere?
455 3332 567 3368 Filios
583 3358 593 3375 ,
616 3331 752 3378 inquit,
774 3332 889 3368 Caath
915 3332 977 3378 qui
1004 3331 1132 3378 reliqui

41 3418 45 3426 =
68 3399 183 3441 serant
210 3399 295 3441 post.
321 3393 417 3432 tilios
444 3392 581 3430 Aaron.
610 3393 656 3429 Et
688 3403 779 3440 quas
803 3393 917 3429 tribus
942 3393 1011 3439 ipsi
1038 3393 1133 3429 acei-

62 3446 204 3507 iniunt?
215 3454 259 3492 ln
275 3454 384 3499 tribu,
405 3454 536 3501 inquit,
553 3453 747 3500 Ephraim,
760 3457 796 3488 et
813 3453 851 3488 in
870 3453 965 3488 tribu
982 3451 1078 3495 Dan,
1097 3457 1133 3487 et

38 3551 43 3553 .
63 3516 117 3565 §a
131 3517 282 3557 dimidia
301 3517 399 3555 tribu
426 3515 614 3560 Παῦε-ιω,
628 3515 796 3552 civitates
817 3514 942 3550 decem
963 3523 1029 3559 per
1053 3522 1132 3548 εει-

155 3603 166 3614 .
185 3578 254 3625 Qui
270 3583 358 3615 sunt
372 3582 492 3614 autem
513 3577 612 3615 tertii
628 3576 690 3612 mii
712 3575 850 3612 Gerson
865 3601 874 3618 ‚
892 3579 928 3610 ει
947 3573 983 3609 in
1002 3573 1132 3619 quihus

115 3638 195 3677 ihus
209 3638 434 3682 sortientia-‘²
454 3635 692 3682 tnlssaettan
712 3641 750 3675 ει
762 3635 872 3678 Aser.
894 3640 931 3671 et
952 3633 1131 3680 Nephtba-

94 3697 113 3742 ’,
172 3703 214 3745 ει
230 3699 268 3736 in
288 3699 441 3738 dimidia
459 3699 558 3736 tribu
581 3696 774 3743 Mamaeae,
797 3701 949 3744 quaeest
964 3695 1001 3734 in
1024 3694 1133 3732 Pars-

107 3760 115 3770 ·
135 3761 199 3807 tte.
218 3762 390 3808 eumen
416 3760 619 3804 abacta.
636 3759 814 3805 ent-m
831 3758 949 3802 utum
973 3757 1012 3796 tn
1029 3756 1133 3809 mi-

99 3821 155 3860 is?
170 3822 268 3868 Filii,
287 3822 416 3870 inquit,
435 3820 570 3859 Morari
588 3819 650 3858 isti
667 3819 876 3865 novissimi,
893 3822 932 3856 et
944 3818 983 3856 in
1002 3817 1132 3864 quibus

627 181 1631 238 ‘fimf-mummim-mffl-
1678 196 1690 209 ⁶

98 286 102 296 .
161 281 188 298 2⁴·
222 262 484 303 decernuntur.
505 262 683 300 Dicuntur
702 269 824 302 num
849 264 915 303 tilii
929 273 1012 304 esse
1027 266 1128 315 Levi,
1145 270 1181 314 Α
1196 270 1378 318 acciplunt
1390 273 1512 311 tribus
1527 274 1802 318 odanto-h
1817 273 1932 330 uisu,
1951 281 2096 330 hqm,
2109 282 2238 328 ab„

2140 210 2238 254 Μ

1196 337 1299 369 trans
1324 332 1540 379 ‹lot-danem,
1566 339 1605 373 et
1632 336 1678 374 de
1705 336 1803 373 wilm
1821 333 2002 385 houton,
2019 346 2081 390 qut
2101 352 2139 384 οι
2161 349 2239 396 tpae

1196 393 1345 430 ultimus
1363 399 1421 432 est
1440 395 1538 434 inter
1550 397 1646 433 lilios
1659 396 1749 440 Lim,
1764 397 1945 444 acciplunt
1959 405 2093 440 sonem
2110 408 2236 445 eivita-

1196 459 1253 490 tes
1272 454 1475 492 duodecim.
1504 457 1578 494 Sed
1596 459 1680 495 dum
1709 466 1753 495 ea
1779 466 1861 505 quae
1884 462 1999 508 magis
2025 461 2273 536 observanda·

1198 517 1283 549 sunt
1300 513 1336 549 in
1353 514 1445 552 loeis
1462 517 1698 564 contigimus,
1718 518 1762 555 de
1777 518 1908 564 quibus
1924 520 2065 559 etiamsi
2089 525 2254 569 pandem‘

1197 573 1436 620 profundiora
1465 585 1538 612 non
1559 586 1752 623 possumus
1765 606 1774 622 ,
1795 579 1922 616 saltem
1941 588 2078 619 summa
2095 592 2244 632 qumque

1198 637 1443 684 perstringere
1458 645 1530 675 non
1553 638 1710 686 pigebit,
1726 646 1767 677 ιιι
1783 651 1828 676 ex
1848 640 1904 678 his
1924 642 2168 690 unusquisque
2187 655 2245 682 au-

1199 700 1294 736 ditor
1330 701 1556 738 occasionem
1593 703 1709 749 capiat
1755 704 2000 750 intelligentia:
2043 705 2179 743 altioris
2210 713 2246 744 ει

1198 761 1359 806 mysticae
1376 762 1639 807 perquirendae.
1655 762 1745 799 Cum
1762 769 1915 810 quatuor
1926 771 2047 812 partes
2063 767 2134 802 sint
2150 769 2247 804 orbis

1198 826 1318 864 tert-se,
1336 820 1450 857 Caath
1468 823 1599 869 accipit
1617 830 1751 861 sortem
1775 826 1913 870 primus
1939 827 2036 862 inter
2052 827 2143 864 lilios
2162 828 2245 864 Levi

1199 892 1218 918 a
1253 888 1355 928 parte
1383 884 1590 927 orientaliS,
1624 895 1705 921 cum
1738 885 1807 922 illis
1831 886 1994 924 tribubus
2017 899 2097 935 quae
2111 895 2146 925 et
2163 887 2247 936 ipsze

1197 945 1393 990 primatum
1411 946 1571 981 omnium
1596 952 1732 982 tenent.
1752 948 1840 984 Vide
1861 959 1946 996 ergo
1973 950 2150 996 quomodo
2169 950 2247 985 uni-

1197 1016 1302 1042 versa
1322 1007 1551 1042 conveniunt.
1567 1007 1604 1042 ln
1626 1012 1780 1053 quatuor
1801 1009 1899 1044 orbis
1922 1008 2084 1055 partibus
2111 1015 2246 1046 certum

1199 1072 1255 1101 cst
1277 1067 1491 1102 orientalem
1524 1067 1666 1114 plagam
1698 1067 1908 1103 nobiliorem
1938 1068 2063 1104 videri.
2091 1069 2136 1105 Et
2169 1081 2248 1116 qua:

1202 1125 1362 1160 nobilior
1385 1124 1546 1160 omnium
1567 1125 1787 1170 reliquarum
1804 1125 1905 1161 Judae
1923 1127 2037 1162 tribus
2059 1128 2249 1171 habeatur,

65 1191 227 1228 numeris
246 1199 255 1225 ε
272 1194 398 1237 postea
422 1189 518 1225 enim
542 1200 650 1236 quam
670 1189 846 1225 ordinatae
872 1189 1016 1225 fuerant
1041 1190 1129 1225 duo·
1149 1190 1179 1229 B
1199 1191 1236 1221 ct
1255 1185 1317 1220 lilii
1335 1185 1456 1222 Aaron
1477 1186 1685 1222 sacerdotes
1703 1186 1857 1232 primam
1879 1187 2004 1223 dicunt
2023 1187 2058 1223 in
2084 1188 2211 1233 primis
2230 1200 2250 1224 e

1200 1245 1314 1282 tribus
1339 1247 1436 1282 orbis
1462 1246 1624 1292 partibus
1645 1251 1778 1282 sortem
1800 1257 1879 1282 cum
1903 1247 2040 1283 Gerson
2057 1254 2092 1284 et
2108 1248 2251 1292 Mer-ari,

1198 1307 1377 1352 quierant
1396 1307 1501 1352 primi
1523 1307 1618 1342 inter
1648 1306 1740 1342 lilios
1771 1305 1869 1342 Levi.
1903 1307 1940 1343 Si
1969 1318 2054 1355 ergo
2083 1313 2157 1345 tres
2188 1309 2251 1345 filii

1197 1367 1282 1403 Levi
1303 1367 1484 1412 accipiunt
1509 1367 1712 1411 orientem;
1743 1368 1967 1404 occidentem
1985 1378 2070 1404 veno
2090 1369 2148 1405 ubi
2174 1375 2251 1406 erat

1198 1429 1322 1464 Ruben
1340 1434 1375 1464 et
1395 1427 1539 1464 Simeon
1558 1434 1594 1464 et
1612 1428 1701 1471 Gad,
1722 1428 1871 1465 sortitur
1892 1429 2046 1465 secunda
2063 1435 2158 1466 sorte
2173 1429 2250 1466 Gad

1197 1497 1232 1527 et
1263 1490 1379 1526 tribus
1402 1489 1595 1525 Simeonis.
1623 1488 1773 1525 Meraris
1803 1499 1887 1526 vero
1920 1489 2074 1536 primum
2101 1489 2249 1526 sortitur

1198 1550 1344 1594 Ruben,
1378 1556 1414 1586 et
1441 1550 1572 1586 iterum
1602 1549 1733 1585 Mcrari
1768 1551 1913 1586 tertium
1949 1551 1985 1586 in
2019 1552 2178 1587 numeris
2203 1551 2247 1586 ab

1198 1614 1336 1649 oriente
1356 1613 1494 1658 aceepit
1514 1611 1689 1656 Zabulon,
1712 1618 1751 1647 ut
1768 1612 1909 1658 justitia
1925 1617 2086 1649 serretur
2101 1614 2136 1649 in
2154 1618 2250 1648 sorte

1198 1688 1277 1723 quae
1294 1677 1491 1712 secundum
1511 1675 1624 1711 Deum
1639 1674 1796 1718 ducitur,
1812 1678 1848 1711 et
1868 1674 2092 1711 credentium
2110 1680 2247 1710 mentes

1199 1740 1242 1776 ad
1262 1739 1474 1786 mysterium
1495 1736 1605 1773 futuri
1627 1735 1749 1772 saeculi
1773 1735 1903 1782 dirigat
1931 1734 2145 1771 contuenda.
2166 1733 2252 1770 Post

1198 1802 1274 1837 haec
1293 1810 1417 1835 corum
1446 1799 1507 1845 qui
1537 1798 1581 1834 ad
1608 1808 1706 1833 mare
1727 1804 1846 1841 erant,
1867 1797 1903 1832 id
1923 1803 1977 1833 est
1999 1797 2184 1843 Ephraim,
2206 1801 2243 1832 et

1203 1861 1412 1907 Benjamin,
1432 1860 1608 1896 Manasse.
1633 1859 1709 1895 Gad
1736 1870 1817 1895 eum
1849 1858 2064 1904 suscepisset
2094 1855 2249 1893 secunda

1200 1932 1297 1961 sorte
1316 1926 1447 1960 tribum
1464 1922 1664 1968 Benjannn,
1686 1922 1805 1959 czeteri
1826 1932 1870 1958 cx
1889 1921 2022 1957 familia
2040 1920 2114 1966 rjus
2133 1919 2250 1956 sortiti

1202 1992 1285 2022 sunt
1309 1985 1494 2031 Ephraim.
1524 1984 1609 2020 Post
1634 1985 1710 2019 lnce
1739 1993 1801 2018 eos
1828 1983 1889 2028 qui
1909 1989 2012 2018 ‹Ji-ant
2031 1992 2076 2017 ex
2103 1979 2251 2016 dimidia

1203 2046 1298 2081 tribu
1319 2044 1499 2087 Manassc,
1519 2044 1579 2090 qui
1600 2043 1666 2079 l'uit
1685 2043 1720 2078 in
1744 2047 1840 2078 terra
1865 2041 2024 2084 Gerson;
2055 2046 2091 2076 ct
2122 2040 2251 2075 iterum

67 2104 277 2148 occidente,
302 2110 431 2150 quarta
456 2103 500 2138 ab
525 2103 706 2149 aquilone.
733 2103 841 2140 Vides
865 2110 1022 2150 quantus
1041 2104 1128 2140 ordo
1148 2094 1176 2136 C
1200 2106 1278 2152 ipse
1295 2104 1433 2141 Gerson
1453 2105 1601 2140 sortitur
1620 2103 1727 2138 aliam
1746 2102 1930 2138 dimidiam
1957 2100 2089 2136 tribum
2108 2099 2249 2134 Manas-

1201 2176 1255 2201 se.
1276 2165 1347 2201 Sed
1371 2165 1454 2210 quia
1478 2162 1668 2210 oportebat
1694 2172 1755 2197 cos
1785 2160 1845 2206 qui
1878 2165 1983 2195 erant
2017 2158 2062 2194 ab
2090 2157 2254 2203 aquilone

1202 2226 1338 2273 aliquid
1358 2225 1594 2262 sacerdotalis
1615 2224 1739 2271 gratia:
1758 2221 1944 2267 consequi,
1964 2231 2008 2256 ne
2025 2219 2165 2267 penitus
2183 2230 2249 2254 nu·

1200 2289 1273 2324 dati
1299 2288 1401 2323 donis
1422 2298 1463 2323 cu
1479 2287 1629 2322 lestihus
1650 2285 1854 2325 videantur,
1875 2283 1910 2317 in
1926 2282 1980 2317 his
1999 2292 2083 2327 ergo
2099 2291 2253 2327 quorum

1198 2349 1414 2385 novissimus
1434 2348 1522 2382 ordo
1550 2351 1629 2381 erat
1659 2345 1693 2379 in
1727 2343 1906 2388 aquilone,
1941 2341 1975 2376 id
2007 2345 2075 2382 est,
2096 2339 2131 2375 in
2155 2339 2251 2382 Dan,

1198 2408 1442 2455 Nephthalim,
1475 2405 1581 2447 Aser,
1618 2414 1759 2439 rursum
1781 2402 1857 2438 Gad
1887 2411 1955 2436 non
1990 2396 2132 2446 quidem
2159 2398 2253 2436 inter

1199 2471 1415 2512 sacerdotes,
1437 2469 1498 2504 sed
1517 2469 1608 2503 inter
1628 2477 1647 2502 c
1661 2474 1776 2501 rteros
1794 2464 1944 2510 primam
1969 2461 2098 2507 accipit
2117 2466 2251 2497 sortem

1199 2534 1233 2570 in
1262 2533 1360 2574 Dan;
1387 2531 1580 2566 secundam
1615 2539 1699 2563 vero
1725 2527 1862 2562 Gerson
1891 2525 1925 2560 in
1945 2524 2049 2566 Aser,
2068 2528 2102 2558 et
2128 2521 2249 2563 tertii,

1200 2596 1236 2631 id
1254 2600 1308 2629 cst
1328 2592 1482 2635 Gerson,
1500 2591 1536 2626 in
1552 2589 1793 2636 Nephthalim.
1817 2587 1902 2630 Quis
1920 2590 2037 2632 potest
2052 2584 2246 2619 ascendere

1200 2656 1275 2691 lnce
1295 2653 1413 2689 onmia
1432 2657 1467 2687 ct
1484 2650 1817 2696 comprehendere?
1833 2647 1919 2690 Quis
1947 2644 2152 2680 meminisse
2175 2641 2246 2678 sal-

1202 2723 1272 2752 tcm
1292 2722 1327 2751 et
1346 2715 1540 2751 observare
1564 2713 1728 2748 ordinem
1745 2709 1998 2756 mysteriorum
2023 2706 2140 2743 ralet?
2159 2703 2252 2750 quod

1201 2776 1398 2815 Secundum
1418 2776 1574 2810 litteram
1597 2774 1711 2809 solam
1729 2770 1870 2806 dillicile
1896 2774 2013 2804 textus
2037 2764 2251 2802 narrationis

1201 2838 1372 2884 explicari
1393 2840 1533 2883 potest,
1554 2840 1588 2870 ct
1611 2832 1798 2880 permistio
1824 2830 1878 2866 vel
1901 2830 2059 2866 locorum
2088 2827 2141 2862 vel
2170 2836 2251 2872 per-

1202 2909 1371 2936 sonarum
1403 2908 1482 2943 quae
1515 2897 1552 2931 in
1586 2895 1735 2931 historia
1768 2893 1974 2929 continetur
2000 2889 2127 2926 evolvi.
2159 2887 2251 2932 Quid

1202 2962 1355 2998 dicimus
1379 2959 1422 2994 de
1444 2958 1500 2994 his
1521 2956 1757 2993 sacramentis
1773 2965 1852 3000 quae
1876 2963 1938 2999 per
1957 2953 2024 2988 hoc
2046 2949 2251 2987 describun-

1205 3029 1277 3065 tur,
1305 3027 1341 3057 et
1365 3021 1399 3056 in
1426 3020 1554 3065 quibus
1580 3017 1850 3054 distributiones
1878 3014 2006 3049 suturae
2037 3010 2251 3048 baereditatis

1203 3084 1479 3124 adumbramtur,
1505 3086 1542 3116 et
1559 3090 1623 3125 per
1643 3089 1721 3124 qua:
1740 3082 1872 3113 ειιιιςιιε
1889 3081 2011 3116 tet-rx,
2033 3079 2138 3116 quam
2155 3080 2250 3104 man-

1203 3145 1296 3182 sucti
1327 3143 1538 3180 haereditate
1571 3141 1787 3186 suscipient,
1828 3136 1955 3170 divisio
1986 3128 2245 3167 celebrabitur?

1203 3207 1293 3251 Quis
1319 3211 1522 3242 castrorum
1549 3203 1650 3239 sedes
1679 3200 1838 3235 diversas
1867 3192 2042 3239 explicet?
2063 3188 2244 3233 Quomodo

1203 3269 1280 3304 haec
1303 3267 1341 3304 in
1365 3264 1627 3302 resurrectione
1651 3269 1715 3304 per
1743 3254 1899 3301 singulos
1924 3261 2083 3298 quosque
2105 3253 2243 3285 saneto-

1204 3339 1284 3365 rmn
1304 3324 1516 3364 sacerdotali
1536 3322 1591 3357 vel
1605 3318 1767 3355 Levitico
1783 3315 1907 3351 ordine
1925 3312 2085 3348 habenda
2107 3309 2154 3346 sit
2172 3309 2243 3345 dis-

1205 3390 1377 3431 tributio,
1408 3392 1471 3427 ιιι,
1509 3379 1807 3428 quemadmodum
1839 3375 1927 3412 dieit
1960 3371 2168 3420 Apostolus,
2205 3370 2241 3405 in

1202 3443 1465 3488 resurreetione
1482 3454 1553 3480 non
1571 3441 1718 3478 consnse
1732 3442 1885 3485 agantur
1896 3435 2031 3478 oum.
2049 3433 2111 3471 sed
2125 3431 2243 3470 veum

1202 3510 1448 3556 unnsquisque
1465 3507 1502 3542 in
1516 3516 1581 3542 sito
1591 3502 1738 3541 ordine?
1757 3501 1900 3537 initium
1917 3498 2095 3538 Christus,
2113 3492 2241 3531 deinde

1202 3572 1239 3608 hi
1257 3570 1319 3616 qui
1335 3573 1418 3606 sunt
1436 3565 1582 3607 Christi,
1603 3563 1664 3609 qui
1682 3563 1718 3599 in
1734 3561 1887 3597 nov-neu
1901 3557 1979 3603 eius
1992 3556 2239 3617 meaverunt,

1200 3641 1281 3669 eum
1302 3626 1495 3668 tramam-tt
1517 3632 1668 3672 regum
1697 3622 1768 3659 Do·
1789 3627 1825 3656 οι
1841 3617 2009 3660 Pati-m·
2026 3622 2109 3650 eun
2124 3610 2241 3656 staine-

1200 3690 1290 3729 ecrit
1306 3690 1342 3727 ei
1358 3696 1504 3726 emnem
1518 3683 1761 3732 princip-tm
1776 3685 1814 3718 ot
1832 3681 2067 3725 punctatum
2084 3672 2146 3710 ulii
2162 3678 2243 3708 nne

1166 3731 2243 3790 ‘duhwumdmetimamuutm-d-

1199 3809 1446 3860 gnificauones
1463 3811 1582 3845 erunt.
1604 3803 1706 3850 Quod
1724 3807 1844 3839 autem
1856 3826 1866 3845 ,
1892 3796 2052 3844 exeeptis
2065 3803 2129 3833 sex
2147 3793 2243 3832 urbi-
