2540 4016
73 189 140 228 '169

541 179 897 220 ENARRATIONES
921 179 967 217 IN
991 177 1166 218 LIBRUM
1188 176 1498 216 NUMERORUM.
1520 197 1570 206 ·—-
1591 179 1678 217 Lm.
1705 180 1764 216 111.
1784 185 1792 188 ’

2163 190 2234 229 770

66 268 269 318 xsect-atum,
288 265 394 307 atque
411 259 548 296 interea
566 258 676 294 etiam
693 256 779 292 illud
794 256 947 293 Phinees
969 254 1118 297 faceret,
1140 256 1176 296 Α
1190 251 1392 288 mundanus
1412 255 1527 287 totum
1547 252 1672 288 orbem
1693 252 1851 298 undique
1866 252 2039 304 illustrat,
2062 271 2105 298 ac
2120 264 2238 303 noctis

73 335 117 360 ac
136 324 188 361 sic
205 323 257 360 ira
273 321 413 358 Domini
429 319 504 366 jam
519 319 672 366 placata,
692 329 764 354 non
783 327 873 364 opus
887 315 998 351 fuisse
1015 315 1125 351 duces

72 382 193 430 populi
213 381 385 428 crucifigi.
409 380 493 416 Haec
511 389 596 415 sane
616 378 786 415 severitas
805 376 852 412 illi
873 375 1023 422 tempori
1041 384 1127 410 con-

74 454 176 489 grua,
194 447 368 489 quantum
385 440 520 476 malum
537 439 584 475 sit
601 437 849 474 fornicationis
863 442 899 471 et
915 433 1126 471 idololatriae

72 503 301 550 prudentium
326 501 407 538 fidei
425 501 512 537 satis
529 499 713 536 evidenter
732 497 900 534 ostendit.
920 495 1028 532 Vides
1046 503 1126 540 quae

74 565 122 600 sit
149 563 306 600 conditio
334 562 536 607 principum
561 559 695 607 populi.
728 558 804 594 Non
836 557 949 593 solum
969 565 1034 601 pro
1053 553 1127 590 suis

72 624 229 670 propriis
254 626 454 668 arguuntur
478 621 640 662 delictis,
665 619 727 656 sed
745 617 867 664 populi
885 615 1043 662 peccatis
1068 623 1127 649 co-

73 690 207 731 guntur
227 683 377 718 reddere
400 682 592 724 rationem,
609 690 654 716 ne
674 681 833 725 ipsorum
847 678 894 714 sit
911 676 1014 722 culpa
1032 674 1129 721 quod

71 743 224 791 populus
239 742 390 787 deliquit
406 753 415 785 ;
438 752 482 777 ne
501 741 593 777 forte
610 751 681 777 non
704 739 904 780 docuerint,
923 746 1038 780 neque
1057 734 1128 770 sol-

72 804 162 839 liciti
184 803 317 838 l'uerint
340 812 490 848 arguere
503 811 565 837 eos
581 802 642 846 qui
662 800 803 835 initium
819 797 931 842 culpae
948 794 1125 838 dederint,

72 866 124 902 uti
156 875 201 901 ne
231 864 399 910 contagio
422 864 689 910 dispergeretur
709 863 745 896 in
766 860 900 906 plures.
926 856 1010 891 Haec
1031 857 1125 891 enim

72 926 193 964 omnia
215 925 336 961 facere
353 925 578 970 principibus
598 922 762 958 imminet
780 924 816 955 et
839 917 1062 954 doctoribus.
1089 915 1128 951 Si

73 985 170 1022 enim
187 985 257 1021 illis
273 985 349 1020 haec
366 994 436 1019 non
454 981 655 1029 agentibus,
678 989 745 1014 nec
765 976 1045 1014 sollicitudinem
1065 986 1128 1022 ge-

73 1047 235 1082 rentibus
255 1045 352 1080 circa
377 1043 531 1089 plebem,
556 1040 761 1086 peccaverit
788 1037 940 1084 populus
953 1065 962 1081 ,
983 1037 1051 1083 ipsi
1070 1046 1129 1072 os-

72 1112 270 1148 tentantur,
299 1111 335 1140 et
365 1104 433 1150 ipsi
453 1103 498 1138 ad
510 1101 685 1147 judicium
713 1100 975 1147 producuntur.
998 1098 1129 1145 Arguit

71 1168 166 1204 enim
186 1177 248 1204 eos
266 1166 424 1212 Moyses,
454 1164 491 1199 id
509 1168 576 1206 est,
600 1163 657 1197 lex
672 1162 759 1205 Dei,
784 1161 882 1197 velut
908 1159 1130 1206 negligentes
1149 1156 1181 1196 B

71 1235 107 1266 et
127 1229 280 1271 desides,
302 1227 389 1263 etin
409 1227 487 1273 ipso
512 1230 743 1261 convertetur
767 1223 955 1259 iracundia
984 1222 1070 1266 Dei,
1094 1227 1131 1257 et

72 1289 227 1328 cessabit
244 1299 264 1324 a
280 1287 422 1334 populo.
453 1286 537 1322 Haec
560 1286 591 1321 si
611 1286 815 1331 cogitarent
839 1284 1015 1326 homines,
1038 1293 1130 1318 nun-

71 1362 179 1398 quam
197 1354 370 1395 cuperent
396 1357 512 1393 neque
536 1347 717 1383 ambirent
737 1346 782 1381 ad
801 1345 923 1391 populi
950 1344 1131 1390 principa-

72 1418 160 1448 tum.
185 1409 323 1447 Sussicit
341 1408 437 1444 enim
457 1408 557 1450 mihi,
579 1407 607 1442 si
630 1417 696 1452 pro
718 1406 808 1441 meis
828 1405 984 1450 propriis
1003 1407 1130 1450 arguat

72 1472 227 1509 delictis.
257 1469 396 1505 Sufficit
424 1469 519 1503 enim
539 1468 627 1502 mihi
646 1477 712 1513 pro
734 1468 945 1511 memetipso
971 1464 1130 1511 peccatis

73 1533 163 1569 meis
181 1532 331 1567 reddere
350 1530 539 1565 rationem.
557 1528 648 1572 Quid
664 1527 752 1562 mihi
770 1536 918 1562 necesse
937 1530 1003 1569 est,
1021 1525 1131 1560 etiam

71 1606 138 1642 pro
154 1594 275 1640 populi
294 1592 452 1639 peccatis
472 1590 647 1627 ostentari
669 1595 751 1624 ante
774 1588 900 1632 solem,
922 1593 1005 1622 ante
1022 1595 1131 1633 quem

73 1655 164 1692 nihil
183 1658 300 1700 potest
319 1653 505 1694 abscondi,
531 1650 620 1686 nihil
638 1648 853 1686 obscurari?

485 1724 636 1761 CAPUT
663 1723 722 1759 IX.

75 1790 126 1826 De
154 1790 306 1825 vindicta
333 1798 436 1835 quam
459 1786 537 1831 [ecit
562 1784 711 1819 Pltinees
742 1783 836 1827 filius
868 1781 1033 1817 Eleazari
1064 1780 1131 1834 filii

121 1838 241 1872 Aaron
259 1835 447 1870 sacerdotis
468 1835 505 1869 in
522 1838 712 1868 scortatore
729 1830 895 1866 Israelita
907 1857 916 1875 ,
938 1836 968 1865 et
987 1828 1132 1863 muliere

123 1882 370 1920 Madianitide.

124 1959 241 2006 (lein.)
256 1958 347 1993 Ecce
365 1969 455 1992 unus
472 1957 514 1992 de
528 1955 610 2001 filiis
630 1953 743 1990 Israel
759 1954 899 1989 intravit
917 1963 1035 1987 coram
1056 1952 1132 1996 sra-

75 2022 185 2058 tribus
206 2021 279 2056 suis
299 2020 344 2055 ad
362 2026 513 2054 scortum
535 2017 780 2059 Madianham,
800 2016 932 2050 vidente
947 2013 1080 2059 Moyse,
1101 2019 1133 2047 et

76 2083 169 2119 omni
186 2080 286 2116 turba
306 2080 461 2125 filiorum
483 2077 596 2113 Israel
614 2105 622 2121 ,
644 2078 702 2124 qui
726 2076 854 2122 flebant
873 2081 952 2110 ante
970 2075 1060 2120 sores
1080 2080 1135 2109 ta-

77 2142 267 2179 bernaculi.
292 2141 392 2184 Quod
412 2152 489 2175 cum
507 2139 644 2175 vidisset
666 2137 816 2173 Pltinees
836 2137 931 2183 lilius
952 2136 1134 2179 Eleazari,

77 2203 143 2248 filii
166 2202 286 2238 Aaron
302 2201 505 2244 sacerdot-is,
527 2200 679 2236 surrexit
695 2200 736 2234 de
753 2200 865 2235 medio
884 2199 1135 2242 multitudinis,

78 2269 110 2298 et
127 2269 263 2308 arrepto
281 2261 428 2307 puqione
441 2288 451 2304 ,
469 2271 627 2307 eyressus
649 2267 697 2295 est
714 2266 788 2306 post
809 2261 921 2294 virum
940 2259 1137 2294 Israelitem

77 2323 114 2358 in
133 2322 298 2368 lupanar,
321 2328 352 2357 et
371 2322 521 2367 perfodit
542 2321 660 2357 ambos
687 2320 805 2364 simul,
828 2322 941 2356 virum
959 2321 1088 2356 scilicet
1106 2326 1137 2356 et

77 2382 258 2418 mulierem
290 2382 327 2417 in
360 2382 446 2417 locis
472 2382 700 2428 genitalibus.
736 2381 956 2428 cessavitque
983 2382 1087 2428 playa
1118 2393 1139 2417 a

78 2443 161 2489 filiis
193 2442 320 2479 Israel.
347 2443 431 2479 Haec
465 2443 736 2479 {edificaverunt
764 2444 922 2489 priorem
952 2443 1137 2489 populum.

79 2506 159 2543 Tibi
177 2515 313 2550 autem,
333 2506 395 2553 qui
419 2517 440 2542 a
458 2506 602 2543 Christo
627 2507 833 2551 redemptus
864 2516 924 2549 es,
954 2513 990 2541 et
1013 2505 1070 2541 cui
1096 2505 1140 2540 de

79 2569 247 2603 manibus
265 2568 404 2614 gladius
423 2568 622 2614 corporalis
647 2568 788 2603 ablatus
806 2573 879 2609 est,
904 2573 939 2602 et
960 2567 1066 2602 datus
1084 2572 1140 2602 cst

80 2628 219 2674 gladius
237 2628 407 2673 spiritus,
434 2628 556 2672 arripe
582 2629 678 2662 hunc
701 2627 871 2673 gladium.
895 2627 940 2661 Et
958 2627 988 2662 si
1005 2627 1140 2663 videris

80 2688 317 2724 Israeliticuni
333 2697 479 2723 sensum
498 2697 580 2723 cum
596 2686 804 2722 Madianitis
828 2691 1050 2722 scortantem
1066 2698 1141 2724 me-

81 2749 286 2792 retricibus,
309 2749 345 2784 id
363 2754 440 2791 est,
468 2757 548 2783 cuin
576 2747 762 2783 diabolicis
794 2758 832 2783 se
862 2749 1141 2795 cogitationibus

81 2812 316 2853 volutantem,
334 2809 416 2844 nolo
434 2818 575 2855 parcas,
598 2808 682 2844 nolo
703 2808 920 2851 dissimules,
938 2809 1000 2845 sed
1019 2810 1141 2845 statim

81 2878 243 2920 percute,
272 2872 394 2908 statim
414 2871 577 2917 perime;
604 2872 717 2916 ipsam
748 2881 891 2917 quoque
917 2871 1059 2907 vulvam
1076 2900 1084 2914 ‚
1107 2873 1142 2908 id

84 2942 150 2977 est,
177 2939 317 2971 secreta
349 2939 487 2969 naturae
514 2932 712 2968 discutiens
741 2937 778 2968 et
807 2938 1015 2978 penetrans,
1042 2933 1142 2969 illum

83 2995 199 3040 ipsum
220 2995 392 3040 peccandi
412 2993 575 3029 fomitem
593 2993 736 3036 deseca,
758 3003 804 3028 ne
827 2994 921 3029 ultra
941 2995 1140 3040 concipiat,
1159 2981 1194 3020 D

84 3066 128 3091 ne
148 3055 240 3092 ultra
259 3060 427 3100 generet,
457 3060 493 3090 et
523 3054 713 3089 maledicta
744 3061 973 3099 peccatorum
1001 3055 1142 3091 soboles

84 3117 279 3153 lsi-aelitica
307 3122 426 3152 castra
456 3117 688 3153 contaminet.
722 3117 797 3153 Hoc
825 3118 922 3154 enim
954 3119 983 3154 si
1008 3119 1141 3162 facias,

87 3177 256 3214 continuo
273 3177 416 3214 sedabis
434 3177 657 3213 iracundiam
678 3178 832 3214 Domini.
850 3179 1032 3216 Praevenis
1046 3181 1142 3217 enim

88 3239 181 3275 dleni
206 3237 356 3285 judicii,
390 3238 451 3284 qui
481 3239 557 3274 dies
577 3238 785 3283 praedicitur
812 3250 892 3276 esse
923 3240 1083 3285 suroris;
1109 3247 1146 3278 et

88 3300 328 3339 exterminato
344 3299 468 3336 fomite
481 3301 619 3347 peccati
638 3312 658 3336 a
680 3307 729 3346 te,
755 3302 816 3348 qui
834 3313 930 3339 nune
948 3303 1054 3340 vulva
1072 3303 1146 3340 Ma-

91 3361 274 3400 dianitidis
306 3361 468 3398 mulieris
499 3362 724 3409 appellatur,
761 3374 909 3400 securus
941 3366 1064 3402 venies
1100 3366 1145 3401 ad

89 3421 215 3469 judicii
231 3421 530 3472 die'm38equitur
546 3435 553 3458 :
579 3423 626 3459 Et
643 3424 748 3460 occisi
761 3431 842 3460 sunt
860 3426 980 3471 viqinti
996 3431 1149 3472 quatuor

94 3481 204 3519 millia
219 3482 410 3519 hominum.
426 3482 553 3519 Merito
566 3483 632 3520 sub
651 3493 801 3520 numero
815 3484 996 3520 vicenario
1010 3489 1046 3520 et
1060 3494 1148 3530 qua-

93 3542 253 3581 ternario
271 3542 383 3579 millia
409 3543 593 3579 hominum
619 3546 820 3581 occisorum
840 3549 1147 3581 annumerantur:

96 3602 180 3647 quia
201 3603 263 3649 qui
286 3603 407 3640 lumen
423 3604 588 3640 veritatis
607 3610 644 3641 et
664 3605 815 3651 justitiae
838 3604 1150 3650 derelinquentes,

98 3661 136 3697 in
152 3663 351 3701 caecitatem
371 3664 583 3702 idololatriae
607 3675 648 3702 ac
674 3666 926 3702 fornicationis
945 3675 984 3702 se
1005 3665 1150 3701 immer-

100 3725 200 3766 gunt,
229 3722 315 3760 solis
344 3725 470 3761 aeterni
501 3725 637 3763 lumine
659 3726 806 3773 privati,
825 3732 1007 3773 perpetuae
1024 3725 1152 3762 mortis

101 3780 269 3819 tenebras
298 3785 481 3824 fictitium.¹
502 3784 611 3824 Horis
640 3796 727 3834 ergo
756 3787 885 3835 viginti
915 3793 1070 3834 quatuor
1098 3785 1152 3825 sol

1193 311 1361 348 tenebras
1380 321 1444 348 suo
1462 310 1598 346 ambitu
1625 309 1736 357 fugat.
1758 311 1827 355 Qui
1854 313 1950 349 enim
1978 315 2109 356 lumine
2133 323 2238 368 fidei,

1194 373 1287 417 quod
1305 382 1370 418 per
1386 372 1568 418 apostolos
1582 377 1692 418 atque
1714 372 1906 418 prophetas
1923 376 2152 418 praedicatum
2169 389 2239 428 est,

1193 435 1326 470 mentis
1359 446 1432 471 suae
1461 435 1583 471 oculos
1615 433 1810 476 illuminat,
1831 440 2060 480 peecatorum
2080 441 2243 479 tenebras

1193 493 1354 530 devitare
1372 500 1501 530 certat.
1528 495 1558 530 E
1577 493 1758 530 contrario
1782 503 1868 529 vero
1880 521 1889 536 ,
1921 495 1982 540 qui
2002 495 2122 532 lumen
2141 506 2246 536 rectae

1194 555 1279 592 fidei
1297 556 1431 592 habere
1450 566 1524 592 non
1540 561 1655 598 curat,
1676 566 1719 591 ac
1735 565 1799 601 per
1814 556 1940 591 callem
1954 555 2104 601 justitiae
2122 559 2246 595 ambu-

1193 614 1268 651 lare
1288 616 1524 660 detrectatur,
1550 616 1695 662 quando
1709 615 1798 661 jasti
1817 625 1951 653 aeterna
1970 618 2050 654 luce
2068 618 2247 665 fruuntur,

1195 675 1263 711 iste
1280 686 1362 712 cum
1379 677 1628 723 peccatoribus
1656 682 1763 722 atque
1787 677 1930 714 diabolo
1954 677 2084 714 inferni
2113 680 2251 716 crucia-

1196 735 1290 772 tibus
1306 737 1489 782 punietur.

1229 795 1407 844 ‚Dixitque
1426 797 1598 834 Dominus
1618 798 1664 834 ad
1679 798 1847 846 Moysen:
1863 798 2014 836 Phinees
2030 800 2126 846 filius
2147 800 2253 837 Elea-

1196 861 1271 895 zari
1289 859 1356 905 filii
1372 861 1491 897 Aaron
1509 862 1700 897 sacerdotis
1713 891 1723 906 ,
1746 864 1867 898 avertit
1888 863 1978 898 iram
2000 874 2111 898 ineam
2130 874 2151 898 a
2167 862 2251 908 filiis

1195 920 1322 964 Israel,
1345 923 1427 968 quia
1447 922 1519 958 zelo
1538 934 1612 958 meo
1633 930 1824 960 commotus
1839 930 1888 959 est
1904 931 2024 959 contra
2044 935 2115 967 eos,
2131 930 2168 958 ut
2186 935 2252 958 non

1195 983 1267 1027 ipse
1287 983 1435 1019 delerem
1454 985 1547 1030 filios
1565 985 1679 1020 Israel
1698 987 1736 1020 in
1757 985 1830 1020 zelo
1847 997 1935 1021 meo.
1957 985 2095 1021 Idcirco
2116 985 2254 1032 loquere

1196 1041 1242 1075 ad
1265 1052 1342 1076 eunt
1358 1053 1370 1077 :
1397 1043 1488 1078 Ecce
1512 1044 1556 1079 do
1576 1045 1608 1079 ei
1625 1051 1765 1089 pactum
1789 1045 1927 1090 soederis
1947 1046 2026 1086 mei,
2050 1051 2081 1080 et
2098 1045 2162 1080 erit
2183 1050 2256 1080 tam

1196 1101 1262 1147 ipsi
1276 1113 1381 1148 quam
1395 1104 1518 1138 semini
1532 1103 1627 1139 illius
1641 1111 1782 1150 pactum
1796 1105 1982 1140 sacerdotii
1995 1106 2254 1151 sempiternum,

1198 1166 1282 1211 quia
1302 1165 1434 1202 zelatus
1456 1174 1506 1202 est
1524 1178 1586 1212 pro
1605 1167 1677 1202 Deo
1695 1179 1774 1211 suo,
1800 1174 1831 1203 et
1859 1168 2007 1214 expiavit
2035 1167 2146 1203 scelus
2167 1168 2258 1212 filio-

1199 1236 1278 1261 rum
1305 1226 1431 1262 Israel.
1453 1227 1548 1263 Bene
1577 1238 1719 1274 quoque
1745 1228 1898 1264 Pliinees
1918 1228 1991 1264 filio
2014 1229 2178 1265 Eleazari
2199 1239 2257 1264 sa-

1199 1288 1366 1330 cerdot1s‚
1390 1294 1539 1334 propter
1556 1289 1671 1324 zelum
1694 1300 1799 1335 quem
1818 1290 1981 1324 exercuit
1998 1290 2034 1325 in
2050 1290 2259 1326 fornicatio-

1199 1348 1304 1384 nibus
1327 1355 1472 1394 pactum
1502 1350 1711 1395 sempiterni
1745 1350 1937 1386 sacerdotii
1969 1351 2255 1396 repromittitur,

1200 1408 1283 1453 quia
1304 1409 1467 1455 quisquis
1485 1410 1560 1446 zelo
1576 1410 1640 1446 Dei
1658 1417 1893 1456 compunctus
1909 1411 2028 1447 carnis
2046 1422 2118 1447 suae
2133 1413 2259 1447 stimu-

1200 1468 1253 1504 los
1286 1470 1525 1514 comprimere
1555 1471 1711 1518 satagit,
1745 1471 1800 1507 vel
1829 1482 1891 1507 eos
1921 1472 1983 1517 qui
2009 1472 2076 1507 sibi
2108 1472 2259 1519 subJecti

1201 1534 1297 1572 sunt,
1328 1540 1372 1564 ne
1391 1541 1457 1575 pcr
1475 1530 1661 1566 lasciviam
1686 1536 1723 1566 et
1747 1531 1930 1567 libidinem
1959 1542 1979 1567 a
2005 1532 2167 1568 veritatis
2188 1538 2261 1567 tra-

1200 1593 1288 1627 mite
1315 1593 1472 1636 devient,
1506 1594 1612 1639 digne
1640 1593 1789 1638 corripit
1817 1599 1924 1639 atque
1945 1599 2105 1635 coerect,
2129 1593 2260 1639 sempi-

1201 1653 1294 1688 terni
1320 1653 1511 1689 sacerdotii
1539 1654 1749 1700 dignitatem
1769 1654 1804 1688 in
1826 1653 1988 1689 Ecclesia
2017 1653 2080 1688 Dei
2102 1653 2259 1688 habebit.

1200 1714 1255 1749 Ad
1274 1713 1372 1748 illum
1386 1713 1618 1750 ‘sacerdotem
1639 1715 1706 1750 rite
1723 1714 1926 1759 pertinens,
1943 1714 1986 1749 de
2002 1724 2073 1759 quo
2090 1714 2263 1759 scriptum

1202 1782 1281 1812 est:
1313 1775 1364 1811 Tu
1386 1788 1420 1812 es
1439 1776 1601 1812 sacerdos
1628 1777 1665 1811 in
1695 1783 1865 1812 (eternum
1891 1776 2082 1811 secundum
2105 1775 2263 1810 ordinem

1203 1834 1456 1871 Melchisedech
1474 1835 1588 1883 (Psal.
1609 1836 1707 1883 cxix)
1726 1863 1735 1880 ,
1766 1846 1848 1872 cum
1868 1836 1945 1882 ipso
1963 1847 2113 1882 regnum
2133 1835 2264 1882 sempi-

1205 1903 1346 1933 ternum
1381 1899 1418 1933 in
1450 1899 1529 1934 luce
1567 1910 1721 1944 superna
1758 1899 2016 1945 perpetualiter
2052 1898 2263 1945 possidebit.

1202 1958 1466 2004 Interpretatur
1485 1965 1604 1995 autem
1625 1960 1779 1995 Phinees
1802 1971 1860 1994 ore
1878 1971 2037 2006 parcens,
2058 1959 2115 1995 vel
2138 1970 2196 1994 ore
2213 1970 2267 1994 re-

1203 2021 1352 2067 quievit,
1384 2020 1441 2056 vel
1474 2022 1544 2055 oris
1576 2022 1777 2066 azimo-ium.
1805 2021 1850 2055 Et
1878 2021 2027 2056 Eleazar
2050 2021 2144 2056 Deus
2165 2030 2266 2056 meus

1155 2076 1185 2117 C
1206 2080 1366 2125 adjutor,
1397 2081 1471 2116 sive
1492 2080 1554 2116 Dei
1586 2080 1819 2124 adjutorium.
1847 2080 1969 2116 Aaron
1999 2091 2101 2116 mons
2125 2079 2268 2115 sortitu-

1207 2141 1314 2184 dinis,
1334 2141 1409 2176 sive
1433 2151 1538 2176 mons
1559 2139 1676 2175 fortis.
1703 2140 1788 2183 Quae
1815 2139 1960 2174 nomina
1980 2150 2052 2175 non
2072 2140 2269 2186 incongrue

1206 2203 1374 2238 eumdem
1412 2212 1557 2238 sensum
1592 2211 1697 2246 quem
1732 2200 1985 2246 proposuimus
2001 2227 2010 2244 ,
2048 2201 2266 2245 exprimunt.

1207 2263 1297 2299 Nam
1313 2264 1451 2309 quiere
1467 2273 1579 2309 prava
1598 2262 1696 2307 loqui
1716 2262 1846 2308 parcit,
1866 2268 1901 2298 et
1919 2262 2091 2307 mysteria
2106 2262 2269 2298 coelestia

1206 2325 1318 2361 verbo
1339 2325 1406 2359 rite
1428 2324 1651 2360 auditoribus
1669 2323 1743 2358 suis
1769 2323 1937 2368 exponit,
1956 2333 2021 2368 per
2042 2323 2103 2358 Dei
2129 2322 2270 2367 adjuto·

1210 2385 1303 2420 rium
1322 2384 1421 2429 pium
1440 2383 1599 2419 laborem
1618 2383 1778 2428 explens,
1795 2384 1839 2417 ad
1858 2387 2016 2418 montem
2031 2381 2269 2425 fortitudinis,

1209 2447 1252 2482 de
1271 2456 1343 2491 quo
1366 2455 1430 2491 per
1445 2445 1659 2491 prophetam
1683 2444 1857 2489 scriptum
1877 2449 1955 2478 est:
1985 2443 2063 2478 Erit
2090 2454 2188 2477 mons
2207 2443 2270 2478 do-

1208 2517 1285 2541 mus
1309 2505 1453 2540 Domini
1472 2505 1508 2539 in
1529 2505 1652 2540 vertice
1671 2505 1862 2547 montium,
1895 2509 1927 2538 et
1955 2503 2142 2538 elevabitur
2166 2515 2270 2550 super

1210 2575 1326 2600 omnes
1344 2563 1447 2599 colles
1467 2563 1555 2610 (Isa.
1575 2564 1629 2610 11),
1651 2564 1755 2599 bonis
1775 2563 1915 2599 actibus
1942 2564 2162 2607 ascendens,
2191 2563 2270 2599 feli-

1210 2625 1299 2661 citer
1316 2625 1514 2670 perveniet.
1537 2624 1624 2659 Erat
1644 2631 1760 2659 autem
1780 2635 1903 2659 nomen
1926 2624 1991 2659 viri
2016 2624 2181 2659 Israelita
2208 2625 2268 2670 qui

1210 2687 1344 2723 occisus
1364 2694 1412 2722 est
1434 2697 1512 2721 cunt
1529 2685 1763 2721 Madianitt'de
1782 2685 1940 2727 Zambri,
1959 2685 2054 2730 filius
2074 2683 2176 2727 Saul,
2195 2684 2270 2719 dita:

1210 2749 1251 2785 de
1272 2749 1476 2795 coqnatione
1496 2754 1528 2783 et
1546 2748 1638 2782 tribu
1655 2746 1839 2782 Simeonis.
1862 2745 1975 2781 Porro
1990 2746 2114 2782 mulier
2129 2745 2269 2780 Madia-

1211 2812 1312 2855 nites,
1334 2823 1410 2858 quse
1427 2810 1559 2857 pariter
1576 2809 1758 2855 interfecta
1774 2815 1837 2851 est,
1856 2808 2043 2844 vocabatur
2058 2807 2176 2850 Cozbi,
2194 2807 2270 2852 lilia

1212 2872 1285 2908 Sur
1297 2872 1463 2918 principis
1479 2870 1687 2905 nobilissimi
1702 2869 1995 2904 Madianitarum.
2007 2869 2077 2904 Iste
2091 2874 2270 2904 scortator

1210 2933 1386 2976 Israelita,
1403 2932 1464 2978 qui
1480 2932 1678 2968 fornicatus
1692 2936 1748 2967 est
1760 2941 1842 2966 cum
1856 2930 2006 2966 muliere
2026 2929 2269 2971 Madianitidc,

1213 3002 1337 3043 typum
1362 2999 1458 3030 tenet
1481 3003 1606 3029 eorum
1625 2992 1686 3038 qui
1710 2991 1882 3027 Ecclesia}
1911 2990 2083 3027 societate
2111 2990 2185 3025 sive
2207 2999 2272 3034 per

1212 3065 1387 3098 errorem,
1405 3055 1481 3092 sive
1494 3064 1559 3100 per
1572 3063 1683 3100 prava
1698 3062 1806 3098 opera
1825 3062 1864 3088 se
1878 3057 2156 3098 sequestrantes,
2177 3050 2271 3085 blas-

1212 3117 1392 3163 phemiam
1412 3118 1507 3151 inter
1529 3114 1690 3151 infideles
1715 3115 1782 3159 'per
1800 3123 1903 3148 suam
1931 3112 2126 3157 nequitiam
2155 3109 2270 3154 magis

1214 3178 1375 3214 excitant
1409 3187 1518 3223 quam
1551 3186 1616 3222 per
1650 3176 1744 3210 bona
1776 3183 1883 3218 opera
1919 3172 1964 3206 ad
1998 3169 2268 3215 glorificandum

1214 3239 1328 3276 Deum
1345 3248 1408 3275 eos
1430 3241 1638 3284 provocant.
1661 3233 1833 3277 Qualibus
1850 3231 1939 3266 dixit
1953 3229 2167 3275 Apostolus:
2197 3228 2268 3263 Per

1214 3312 1273 3336 vos
1302 3311 1425 3335 nomen
1449 3299 1514 3334 Dei
1534 3295 1793 3342 blasphematur
1820 3292 1910 3326 inter
1937 3297 2052 3336 qentes
2071 3290 2189 3337 (Rom.
2210 3287 2266 3335 n).

1214 3360 1319 3404 Quod
1340 3365 1376 3395 et
1394 3358 1539 3394 nomina
1558 3364 1682 3391 eorum
1701 3351 1918 3388 sufficienter
1942 3351 2148 3386 ostendunt.
2177 3350 2267 3385 Nam

1215 3419 1360 3458 Zambri
1380 3419 1636 3461 interpretatur
1649 3411 1803 3458 psalmus
1816 3410 1874 3446 vel
1887 3412 2074 3446 canticum.
2096 3410 2182 3446 Saul
2200 3416 2271 3445 ten-

1215 3481 1381 3516 tationem
1406 3475 1602 3520 respiciens.
1638 3472 1804 3514 Simeon,
1836 3470 1967 3507 audivit
1991 3470 2191 3514 tristitiam,
2214 3468 2270 3505 vel

1217 3549 1342 3575 nomen
1370 3534 1598 3572 tabernaculi.
1631 3533 1739 3570 Cozbi
1763 3542 1906 3580 quoque
1936 3532 2030 3568 calix
2059 3533 2270 3575 immensus,

1218 3600 1294 3636 sive
1311 3596 1455 3633 immota
1481 3596 1580 3632 utini.
1602 3594 1686 3639 Sur,
1707 3606 1828 3631 murus
1845 3594 1902 3631 vel
1920 3596 2096 3641 anqustia,
2130 3599 2168 3631 et
2194 3593 2270 3630 Ma-

1217 3661 1316 3703 dian,
1334 3658 1564 3696 contradictio
1579 3657 1636 3693 vel
1650 3657 1841 3704 responsio.
1857 3656 1970 3701 Quem
1983 3666 2070 3704 ergo
2084 3656 2152 3693 iste
2165 3656 2271 3695 Zam-

1217 3721 1275 3758 bri
1290 3719 1418 3757 melius
1437 3718 1622 3766 exprimit,
1647 3728 1756 3765 quam
1773 3716 2003 3755 libidinosum
2021 3723 2062 3756 et
2074 3716 2271 3756 tornicato-

1219 3792 1298 3820 rem
1315 3779 1555 3828 corporalem,
1571 3781 1648 3820 sive
1665 3779 1775 3821 etiam
1792 3779 2005 3829 spiritalem,
2020 3779 2084 3831 qui
2097 3790 2170 3820 uon
2183 3778 2277 3839 cans
