2540 4016
58 92 129 132 2⁷7

676 92 1014 139 EXPOSITIONES
1037 92 1084 129 IN
1109 91 1377 132 LEVITtCUM.
1403 115 1450 122 —
1474 94 1563 133 ΠΒ.
1583 95 1612 133 1.

2184 103 2258 145 278

61 175 590 223 muttum‚multumeaetqtturat
598 187 639 212 eo
647 175 750 225 (Luc.
760 177 843 227 ιιι).
853 177 1123 224 Huncintellige
1140 171 1266 214 Alata
1281 176 1418 211 autem·
1430 177 1584 218 utraque
1601 183 1611 208 ἒ
1634 170 1906 212 immaculatam
1922 177 2104 225 Siquidem
2112 187 2258 230 oportet

61 245 142 274 esse
165 237 228 284 qui
247 247 267 274 a
287 237 494 286 legislatore
515 231 634 274 dictus
652 240 708 276 est
733 239 924 287 princeps3
948 240 1009 276 hic
1033 251 1120 288 ergo

60 295 96 337 81
113 296 329 344 peccaverit,
350 296 491 335 hircum
505 291 624 343 offert,
644 299 675 335 si
690 298 767 348 quis
783 307 900 337 autem
917 300 960 336 de
976 300 1119 348 populo,

61 357 151 396 dicit
180 363 299 396 autem
326 358 487 402 idiotam,
507 358 583 395 sive
602 361 826 412 popularem,
853 373 926 399 non
944 373 1029 399 eum
1059 363 1120 410 qui

61 425 162 457 sorte
189 419 377 457 distinctus
397 423 453 456 est
470 418 517 456 ad
541 414 788 458 meditandam
818 422 947 471 legem.
966 422 1059 461 Nam
1084 429 1121 460 et

63 482 123 518 hic
154 481 277 527 utique
307 481 475 528 princeps
506 483 770 528 nominaretur,
797 486 858 531 qui
888 496 954 532 pro
988 486 1121 522 minori

61 547 210 588 peccato
238 552 382 588 capram
402 541 532 579 offerre
561 546 783 591 praecipitur,
816 548 1120 593 quemadmodum

62 603 122 638 ille
145 604 306 646 hircum,
331 604 390 640 hic
419 604 602 649 seminam,
626 606 684 642 ille
710 619 860 644 marem.
881 609 1122 653 Quemadmo-

62 666 147 701 dum
165 675 251 713 ergo
278 667 412 703 oblatio
434 678 552 715 caproe
584 669 804 706 sacrificium
823 682 890 718 pro
907 679 1055 718 peccato
1075 673 1123 709 si-

61 731 161 773 gnat,
182 727 234 772 sic
266 727 388 764 hircus
407 734 443 765 et
466 739 575 775 capra
591 741 673 766 cum
702 732 749 766 sit
781 730 943 768 seminini
962 734 1119 779 generis,

60 785 185 822 hircus
217 787 421 831 masculini,
453 790 621 827 sacrificii
649 791 911 837 interpretatur
933 793 1019 827 vim.
1042 793 1121 829 Non

59 845 156 883 enim
178 846 313 882 frustra
334 848 401 884 hoc
420 848 605 896 legislator
626 851 793 894 intendit,
815 852 878 888 sed
896 851 979 897 qui'a
999 853 1121 890 hircus

58 912 96 944 et
125 917 232 953 capra
261 918 270 942 :
304 909 374 944 hoc
410 916 531 945 autem
569 910 805 956 Septuaginta
838 912 876 947 in
907 911 1034 948 Graeco
1068 914 1121 950 sic

58 971 181 1012 edunt,
208 975 247 1005 ut
271 972 422 1019 χίμαρον
437 975 474 1006 et
498 973 668 1020 χίμαιραν
690 972 813 1007 dicant
830 972 950 1009 offerri
972 974 1119 1019 debere,

59 1031 153 1077 quod
177 1030 295 1066 Latini
325 1040 370 1065 ex
401 1030 527 1066 eadem
558 1031 715 1068 edit10ne
747 1033 976 1079 interpretati
1007 1042 1116 1072 sunt:

1191 241 1272 268 esse
1285 231 1551 278 poeniteutiam.
1565 229 1654 276 Quae
1669 235 1790 268 autem
1803 231 1884 278 ejus
1897 239 1954 271 est
1966 236 2133 278 macula?
2149 242 2258 281 vide-

1189 293 1274 330 ncet
1291 294 1323 330 si
1342 298 1494 341 peccato
1514 293 1770 340 compatiatur,
1782 292 1841 330 vel
1860 292 2000 333 amicus
2021 298 2068 335 sit
2076 304 2258 346 poenitens

1188 364 1256 402 pro
1271 366 1343 403 quo
1358 356 1434 406 agit
1445 356 1713 403 poenitentiam.
1725 352 1878 402 eportet
1890 356 1986 393 enim
1999 367 2081 395 eum
2097 364 2258 407 pei-recte

1191 425 1211 452 a
1228 423 1377 463 peccato
1408 417 1536 454 eodem
1564 422 1675 465 atque
1693 417 1962 455 studiosissimo
1986 420 2157 458 recedere
2175 435 2258 469 pro-

1187 478 1320 524 posito.
1344 479 1481 517 Deinde
1511 480 1674 526 imponet
1696 490 1845 517 manum
1878 491 1982 517 suam
2018 492 2127 529 super
2153 493 2260 532 caput

1189 540 1338 585 hostiae;
1360 542 1438 588 ipse
1456 553 1521 589 per
1539 543 1777 589 semetipsum
1797 550 1987 590 peccatum
2006 544 2257 592 manifestans,

1189 607 1225 640 et
1250 614 1352 639 suam
1381 603 1538 640 offerens
1556 604 1836 642 contessionem.
1863 605 1944 654 Ipse
1969 612 2090 643 autem
2118 606 2261 655 (secun-

1190 658 1276 700 dum
1313 662 1563 713 Septuaginta)
1586 673 1658 702 non
1684 665 1832 710 occidit,
1852 667 1916 703 sed
1935 665 2012 712 alii,
2036 667 2146 705 habet
2164 670 2259 706 enim

1189 727 1440 762 necessarium
1458 732 1494 763 et
1522 727 1677 764 aliorum
1699 729 1873 766 auxilium
1905 729 1951 767 ad
1973 731 2201 776 orationem,
2224 739 2262 769 ut

1191 789 1411 835 suscipiatur
1444 789 1522 835 ejus
1559 791 1796 837 poenitentia‚
1828 793 1923 829 unde
1954 804 2024 830 nec
2053 794 2262 831 omnimodo
2292 787 2295 790 ¹

1191 850 1401 886 sacerdotes
1434 851 1602 887 occidere
1631 853 1816 900 praecepit.
1845 853 1906 890 Ait
1928 853 2024 890 enim
2054 866 2063 891 :
2093 852 2262 891 Occiderit

1190 919 1268 943 eum
1295 910 1332 945 in
1358 909 1434 946 loco
1459 911 1496 946 in
1522 923 1590 959 quo
1618 913 1830 949 occiduntur
1852 913 2170 951 holocaustomata.
2194 915 2261 960 Qui

1191 974 1313 1004 autem
1335 973 1506 1007 occidant
1531 983 1603 1009 non
1624 973 1776 1018 addidit,
1800 975 1885 1011 licet
1906 976 2003 1012 enim
2024 976 2060 1012 in
2082 977 2262 1014 sacrificio

1190 1031 1415 1076 poenitentiae
1437 1033 1585 1070 alterius
1610 1035 1661 1070 uti
1686 1035 1889 1080 adjutoriis.
1911 1036 2014 1082 Quod
2033 1044 2188 1075 testatur
2205 1039 2264 1075 Ja-

57 1089 197 1126 haedum
221 1100 264 1126 ex
289 1090 408 1136 capris
438 1091 660 1136 masculum,
690 1099 726 1129 et
757 1104 903 1140 capram
934 1095 979 1131 de
1007 1096 1120 1133 haedis
1139 1098 1170 1137 Β
1190 1092 1302 1128 cobus
1323 1093 1473 1129 dicens:
1503 1093 1611 1130 Orate
1634 1107 1696 1142 pro
1721 1096 1892 1132 alterutro
1917 1104 1956 1133 ut
1982 1097 2164 1135 salvemini
2184 1099 2263 1146 (Ja-

55 1149 251 1187 semellam.
279 1150 490 1187 chimarrus
517 1159 637 1189 autem
660 1159 696 1190 et
723 1154 904 1191 chimarra
933 1155 1026 1192 setus
1056 1167 1119 1193 ca-

55 1221 203 1258 prarum
233 1217 335 1254 sunt,
365 1211 575 1249 chimerrini
599 1213 653 1250 vel
684 1216 876 1264 χιμερίνοι,
898 1216 934 1252 id
960 1222 1034 1259 est,
1058 1218 1120 1264 qui

55 1274 153 1311 circa
174 1279 314 1320 tempus
331 1274 462 1311 hiemis
476 1283 676 1313 nascuntur
693 1290 701 1313 :
721 1289 804 1314 nam
825 1280 880 1315 bis
901 1290 966 1325 per
984 1291 1119 1315 annum

55 1336 173 1382 capris
198 1335 436 1383 parientibus,
472 1338 619 1384 quidam
652 1339 747 1376 setus
782 1346 945 1388 tempore
973 1342 1119 1385 hiemis,

57 1398 201 1444 quidam
233 1404 353 1434 autem
372 1401 510 1436 aestatis
527 1408 757 1446 generantur.
786 1402 876 1438 Cum
899 1413 985 1449 ergo
1011 1402 1059 1437 ita
1081 1412 1120 1438 se

57 1460 225 1502 habeant,
246 1471 311 1505 per
342 1461 498 1496 hiemem
531 1463 715 1498 tristitiam
747 1464 971 1510 poenitentiae
992 1465 1117 1508 ‹locet;

59 1521 96 1556 in
115 1522 261 1557 tristitia
281 1523 409 1568 quippe
430 1523 489 1558 hic
510 1529 546 1559 et
565 1523 649 1560 ssetu
680 1525 774 1560 tilios
794 1532 954 1571 generat,
981 1526 1042 1561 sel
1068 1532 1121 1561 ta-

59 1591 141 1616 men
165 1580 228 1615 tilii
260 1581 338 1627 ejus
368 1592 438 1617 non
469 1588 552 1618 sunt
581 1594 601 1618 a
626 1584 805 1620 sacrificio
835 1586 990 1631 probati.
1020 1587 1121 1623 Unde

58 1641 226 1678 existimo
242 1641 377 1685 medos,
396 1642 430 1677 id
447 1648 517 1686 est,
537 1646 724 1696 χιμάρους,
741 1645 871 1682 offerre
886 1648 1119 1693 poenitentes,

57 1706 98 1736 ut
121 1706 203 1747 pote
235 1700 462 1745 fluctuantes,
489 1705 677 1750 praecepit,
707 1710 742 1741 et
770 1711 810 1742 ut
839 1707 901 1752 qui
928 1707 1119 1745 diversita-

58 1762 154 1798 tibus
175 1761 353 1798 undarum
374 1774 392 1797 a
412 1764 570 1808 peccatis
589 1775 627 1800 se
656 1765 892 1812 erigentibus,
918 1778 1120 1816 repugnan-

58 1827 112 1858 tes
133 1823 413 1858 misericorditer
427 1823 574 1859 omnino
594 1824 844 1861 salvabuntur.
866 1826 903 1862 Si
925 1828 1021 1864 enim
1039 1839 1121 1875 per-

58 1888 229 1918 maneant
258 1882 296 1918 in
326 1883 553 1929 poenitentia,
585 1890 622 1920 et
643 1895 713 1921 non
735 1885 942 1933 desperent,
964 1889 1062 1924 velut
1084 1890 1118 1924 in

55 1949 270 1990 tempestate
300 1944 544 1991 relinquentes
574 1946 677 1982 navis
709 1947 839 1983 animae
872 1948 1119 1994 gubernacula

1190 1151 1264 1186 σοὺ.
1282 1151 1335 1198 v).
1357 1152 1427 1188 Sed
1451 1154 1567 1200 magis
1583 1154 1764 1201 justorum
1794 1162 1942 1193 utamur
1966 1156 2160 1203 adjutorio,
2187 1159 2264 1206 ipse

1190 1212 1286 1247 enim
1305 1213 1464 1249 subdidit
1486 1226 1492 1249 :
1515 1213 1669 1250 Multum
1695 1216 1786 1251 enim
1814 1216 1905 1253 valet
1929 1219 2042 1254 oratio
2056 1218 2146 1265 justi
2174 1221 2264 1256 assi-

1189 1274 1261 1309 dua
1290 1274 1432 1322 (lbid.).
1462 1275 1530 1313 Ubi
1559 1283 1679 1313 autem
1711 1279 1909 1316 occident?
1937 1281 2034 1317 Idem
2064 1283 2262 1320 secundum

1190 1337 1306 1381 Lxx,
1336 1338 1381 1375 In
1405 1347 1590 1387 conspectu
1613 1341 1767 1377 Domini.
1791 1343 1862 1378 Pro
1886 1350 2035 1390 peccato
2064 1346 2199 1403 quippe
2226 1346 2262 1382 in

1190 1406 1387 1445 conspectu
1416 1401 1560 1437 Domini
1592 1402 1756 1438 confiteri
1791 1405 2038 1441 necessarium
2069 1406 2261 1450 hahemus,

1189 1466 1338 1506 propter
1367 1461 1462 1505 quod
1492 1462 1582 1497 dixit
1607 1462 1720 1498 David
1744 1475 1751 1498 :
1780 1461 1970 1501 Peccatum
1997 1477 2114 1502 meam
2144 1467 2264 1514 coqm’-

1190 1526 1263 1556 tam
1290 1522 1351 1557 tibi
1379 1522 1465 1568 feci,
1493 1531 1525 1559 et
1553 1525 1747 1570 injustitias
1775 1537 1868 1562 meas
1897 1538 1966 1563 non
1991 1528 2126 1575 operui.
2152 1522 2262 1564 Dixi,

1191 1581 1434 1620 Pronuntiabo
1455 1585 1640 1622 adversum
1656 1599 1710 1622 me
1729 1588 1940 1634 injustitiam
1966 1601 2079 1626 meam
2092 1590 2260 1635 Domino,

1190 1649 1223 1679 et
1251 1650 1288 1680 tu
1315 1647 1485 1682 remisisti
1513 1647 1732 1695 iniquitatem
1764 1649 1879 1684 cordis
1904 1650 1972 1685 mei
2005 1647 2121 1698 (Psal.
2144 1651 2259 1699 xxxi).

1191 1705 1388 1753 Propterea
1418 1708 1477 1745 hic
1508 1708 1697 1756 legislator
1715 1710 1834 1746 intulit
1866 1721 1874 1746 :
1898 1717 1934 1747 et
1968 1710 2068 1747 tollet
2095 1716 2132 1748 et
2153 1718 2263 1758 ponet

1191 1770 1361 1807 sacerdos
1382 1771 1594 1817 sanguinem
1624 1773 1762 1817 peccati
1788 1772 1901 1819 digito
1930 1783 2038 1820 super
2057 1784 2192 1810 cornua
2212 1774 2263 1811 al-

1190 1833 1281 1869 taris
1304 1833 1641 1878 holocaustomatis,
1661 1836 1873 1882 sanguinem
1893 1841 2013 1871 autem
2035 1837 2173 1882 peccati
2200 1847 2263 1884 ap-

1191 1893 1357 1939 pellavit,
1390 1895 1450 1940 qui
1474 1906 1540 1940 pro
1562 1900 1711 1941 peccato
1739 1895 1904 1932 offertur.
1936 1895 2052 1943 Hujus
2081 1897 2263 1944 primitias

1191 1954 1359 1989 sacerdos
1380 1953 1548 1990 Christus
1576 1965 1684 2001 super
1714 1966 1849 1992 cornua
1883 1956 2006 1993 altaris
2031 1957 2263 1995 holocausto—

55 2006 326 2050 liberabuntur;
347 2007 402 2042 sin
422 2012 542 2043 autem
568 2008 853 2054 desperaverint,
880 2011 1119 2056 quemadmo-
1137 2008 1166 2050 C
1190 2015 1298 2050 matis
1313 2014 1452 2060 offeret,
1474 2015 1642 2053 videlicet
1658 2027 1723 2064 per
1738 2028 1884 2054 crucem
1903 2029 2027 2063 suam;
2047 2020 2077 2056 si
2094 2020 2191 2056 enim
2210 2021 2262 2056 al-

56 2068 141 2104 dum
164 2068 311 2115 quidam
331 2069 590 2115 gubernatores
618 2069 676 2106 vel
696 2076 815 2106 nautae
833 2071 967 2117 pavidi,
997 2073 1120 2108 statim

54 2138 220 2178 pereunt.
239 2131 329 2167 Nam
355 2137 392 2168 et
411 2132 586 2169 Dominus
613 2133 730 2169 dixit:
759 2133 867 2170 Orate
888 2146 929 2170 ne
954 2134 1016 2180 fiat
1036 2135 1121 2182 fuya

57 2198 168 2227 vestra
187 2192 296 2229 hieme
321 2193 371 2228 vel
388 2193 532 2229 sabbato
554 2194 698 2241 (Manli.
718 2193 835 2242 xxiv),
855 2194 1013 2231 hiemem
1033 2201 1120 2232 tem-

58 2262 125 2297 pus
140 2253 362 2298 poenitentiae
383 2253 523 2297 dicens,
542 2255 732 2291 sabbatum
750 2265 837 2291 vero
854 2255 968 2292 otium
989 2256 1119 2292 animae

59 2320 166 2360 atque
192 2316 365 2351 virtutum
396 2317 636 2354 cessationem
673 2318 898 2364 intelligens3
932 2319 976 2355 ad
1004 2321 1118 2356 otium

59 2378 234 2424 siquidem
253 2385 362 2425 atque
381 2391 401 2416 a
421 2380 526 2416 malis
546 2381 771 2417 vacationem
793 2381 917 2418 datum
946 2388 1004 2418 est
1030 2383 1115 2419 sab-

57 2439 201 2483 batum,
228 2441 290 2477 sed
308 2436 513 2477 ‘Judeorum
547 2453 635 2489 gens
658 2443 727 2479 hoc
746 2453 767 2479 e
795 2443 940 2480 diverso
959 2455 1024 2480 usa
1048 2449 1116 2480 est.

57 2500 176 2538 Grave
193 2507 312 2538 autem
336 2505 390 2539 est
408 2503 444 2538 in
465 2508 628 2549 tempore
651 2514 722 2550 quo
741 2505 945 2540 necessaria
964 2509 1020 2540 est
1042 2513 1119 2549 poe-

59 2562 235 2606 nitentia,
264 2568 301 2599 et
333 2563 445 2599 multo
474 2564 620 2609 gravius
641 2574 712 2610 quo
743 2570 849 2600 vacat
873 2564 919 2600 ab
949 2564 1119 2599 omnihus

60 2621 243 2669 operibus,
256 2631 473 2668 quemquam
489 2624 637 2667 tentari,
651 2624 708 2659 vel
723 2624 1011 2670 persecutionem
1027 2624 1117 2669 pati,

62 2685 156 2721 unde
175 2685 282 2720 etiam
305 2685 399 2720 sicut
418 2683 591 2730 majorem
620 2695 703 2721 eum
727 2685 788 2731 qui
815 2685 967 2721 sabbato
996 2695 1119 2732 perse-

60 2746 241 2782 cutionem
259 2746 410 2791 patitur,
432 2746 666 2782 novissimum
687 2746 903 2782 numeravit.
922 2746 1013 2790 Quia
1033 2756 1118 2793 ergo

59 2811 96 2842 et
115 2806 207 2842 hirci
237 2811 274 2842 et
292 2815 409 2852 caproe
429 2807 505 2843 sive
535 2807 628 2842 haedi
646 2807 820 2843 virtutem
844 2812 880 2844 et
905 2806 1117 2844 differentiae

60 2867 319 2904 sacrificiorum
338 2868 483 2904 modum
506 2868 708 2912 didicimus,
725 2867 803 2914 jam
826 2869 1015 2905 videamus
1034 2880 1114 2915 quse

60 2927 98 2964 in
116 2933 267 2975 utroque
287 2934 441 2975 agimtur
458 2928 650 2965 sacrificio.
668 2928 880 2965 Communia
900 2929 995 2965 enim
1016 2934 1115 2971 sunt,
1134 2914 1169 2953 D

60 2987 228 3034 quoniam
253 2989 476 3035 poenitentiae
495 2988 591 3031 fluis,
612 2993 650 3024 et
669 2989 848 3034 generalis
866 2988 1015 3026 effectus
1031 2999 1115 3035 pec-

58 3053 222 3087 ntorum
238 3049 404 3086 remissio
418 3054 489 3093 est,
507 3057 617 3095 quam
636 3054 758 3096 aperte
778 3047 962 3096 legislator
978 3049 1120 3095 posuit,

61 3108 184 3148 &oens
206 3122 216 3147 ε
237 3111 340 3155 Quod
374 3112 406 3148 si
429 3111 618 3159 peccaverit
650 3111 769 3146 anima
798 3121 859 3157 per
880 3111 1116 3157 iquorantium

60 3169 106 3218 ,do
121 3171 249 3220 populo
262 3178 381 3215 term,
402 3177 441 3207 ut
465 3171 574 3218 saciat
596 3171 787 3218 quidquam
811 3181 855 3207 ea:
879 3170 923 3206 iis
944 3180 1022 3217 quae
1041 3170 1115 3206 Do-

60 3233 147 3274 muti
167 3232 240 3281 leqe
264 3233 503 3282 prohibentur.
526 3233 605 3275 Non
624 3233 711 3269 dicit
730 3233 831 3278 quid,
851 3232 936 3278 quia
960 3231 997 3267 in
1026 3241 1115 3277 quo-

60 3288 149 3343 ὕει
172 3294 429 3341 prevaricatus
455 3293 537 3340 quis
557 3293 686 3336 suerit,
706 3294 744 3330 in
769 3298 884 3329 totam
910 3292 1025 3339 legem
1053 3293 1115 3328 de-

75 3352 90 3374 m
136 3369 139 3375 ·
163 3354 212 3399 Ἰ,
235 3355 329 3392 siout
355 3355 482 3392 beatus
501 3354 655 3391 lacobus
675 3354 750 3390 ait:
770 3353 977 3400 Quicunque
1005 3360 1114 3389 totam

95 3456 102 3462 k
132 3434 138 3442 ι
186 3416 389 3460 armarit,
406 3415 562 3463 offendat
578 3422 694 3451 autem
707 3416 746 3451 in
758 3425 844 3459 uno,
863 3415 1019 3451 omniunt
1036 3425 1115 3450 reus

143 3471 146 3473 ’
187 3496 189 3498 -
228 3485 290 3516 nr
302 3473 397 3524 (Iac.
408 3473 466 3523 u).
476 3474 627 3519 Quando
639 3475 719 3522 ipse
732 3474 793 3520 qui
809 3473 974 3520 peccavit
990 3483 1117 3519 pecca—

134 3581 141 3589 ,
194 3559 197 3566 ·
223 3576 226 3577 γ
243 3552 246 3564 2
267 3538 491 3585 moverit,
503 3548 621 3587 neque
633 3539 731 3577 enim
744 3539 850 3578 aliter
861 3537 1112 3584 poenitentiam

170 3596 175 3603 ⁴
291 3613 308 3621 *⁴
323 3599 410 3636 nid·
431 3604 625 3647 emanent
654 3605 845 3648 peecatum
881 3607 1002 3642 suum,
1025 3602 1112 3634 tune

311 3676 314 3688 ³
355 3659 498 3704 ,binum
513 3661 590 3700 sive
601 3662 824 3700 daimarrum
836 3673 846 3706 3
864 3662 898 3699 is
912 3666 1035 3699 autem
1049 3659 1111 3706 qui

185 3772 191 3779 ἱ
295 3714 298 3718 ’
350 3763 369 3781 ,κ
400 3723 1110 3790 qmmehmamgimmacu·

409 3779 572 3811 .¹‘„

1191 2083 1268 2113 tare
1299 2077 1624 2115 holocaustomatis
1643 2077 1786 2116 Domini
1806 2090 1938 2127 corpus
1964 2087 2029 2123 est,
2052 2082 2160 2128 hujus
2177 2093 2262 2129 pro-

1192 2139 1249 2174 cul
1274 2139 1382 2175 dubio
1399 2150 1534 2175 cornua
1555 2151 1645 2176 crux
1667 2141 1750 2184 erit,
1777 2141 1821 2177 de
1840 2152 1911 2188 qua
1938 2142 2110 2179 Habacuc
2143 2144 2258 2180 dixit:

1190 2198 1333 2235 Cornua
1367 2207 1448 2236 sunt
1482 2202 1518 2235 in
1542 2201 1706 2237 manibus
1732 2202 1810 2248 ejus
1833 2201 1992 2250 (Habac.
2025 2202 2104 2251 ιιι).
2126 2203 2262 2241 Offeret

1189 2271 1298 2306 snper
1330 2272 1433 2296 suam
1464 2271 1609 2297 crucem
1635 2262 1815 2308 primitias
1846 2263 2055 2299 necessario
2085 2265 2140 2300 sui
2173 2275 2259 2301 san-

1188 2323 1307 2368 guinis
1332 2322 1391 2368 qui
1417 2332 1482 2368 pro
1504 2327 1656 2369 peceato
1676 2322 1839 2367 offertur,
1861 2324 1944 2370 quia
1972 2334 2064 2370 opus
2085 2325 2205 2361 crucis
2223 2332 2258 2362 et

1188 2383 1340 2418 effectus
1377 2381 1539 2429 perfecta
1573 2388 1809 2430 peccatorum
1843 2388 2049 2420 nostrorum
2091 2385 2257 2421 remissio

1187 2449 1256 2479 est.
1277 2444 1380 2487 Quod
1401 2449 1521 2479 autem
1543 2445 1630 2480 dicit
1649 2457 1656 2479 ε
1686 2444 1872 2489 Reliquum
1899 2443 2105 2490 sanquinem
2133 2443 2258 2490 [undet

1188 2505 1234 2539 ad
1260 2505 1371 2540 basim
1399 2505 1497 2550 ejus,
1510 2515 1654 2541 omnem
1675 2505 1926 2551 poenitentiam
1947 2505 2164 2552 evangelicae
2191 2505 2256 2542 tri-

1186 2566 1266 2602 huit
1284 2565 1548 2611 praedicationi,
1570 2575 1679 2611 quam
1699 2575 1781 2602 esse
1799 2566 1915 2601 basim
1937 2565 2062 2602 altaris
2081 2565 2252 2603 diximus.

1187 2627 1301 2664 Recte
1319 2632 1441 2663 autem
1459 2626 1710 2672 poenitentiam
1732 2634 1876 2663 omnem
1898 2625 2106 2673 apostolicae
2123 2627 2255 2674 praedi-

1187 2689 1322 2726 cationi
1344 2688 1482 2731 tribuit,
1505 2688 1590 2734 quia
1608 2688 1727 2724 omnis
1752 2687 1830 2733 eius
1849 2688 2003 2724 intentio
2023 2688 2101 2724 haec
2120 2694 2196 2732 est,
2214 2695 2254 2726 ut

1186 2751 1306 2787 omnis
1328 2751 1438 2786 homo
1459 2750 1640 2795 poenitens
1661 2759 1699 2785 se
1729 2749 1942 2796 corrigendo
1970 2749 2142 2794 salvetur,
2169 2757 2252 2797 pro-

1185 2817 1266 2858 pter
1281 2811 1376 2857 quod
1397 2815 1434 2846 et
1452 2810 1607 2856 primam
1628 2809 1727 2845 illam
1746 2819 1872 2845 vocem
1892 2809 2068 2847 Dominus
2086 2811 2252 2856 providet

1186 2874 1223 2909 in
1241 2871 1435 2919 Evangelio
1451 2871 1673 2908 doctoralem
1692 2883 1700 2906 :
1723 2870 1969 2907 Poenitentiam
1989 2871 2096 2918 aqiee,
2123 2879 2250 2918 appro-

1186 2931 1375 2980 pinquabit
1391 2932 1483 2966 enim
1505 2941 1649 2978 requam
1667 2930 1830 2967 coelorum
1853 2928 1997 2978 (Halm.
2014 2930 2078 2978 tv).
2096 2930 2248 2968 Omnem

1187 2998 1308 3030 autem
1337 2991 1506 3028 auferens
1523 2990 1664 3036 adipem
1687 2990 1781 3027 sicut
1805 2989 1939 3026 auferri
1961 2989 2052 3027 solet
2076 2991 2121 3027 de
2141 2990 2246 3027 vieti-

1187 3055 1258 3090 mis
1292 3053 1550 3100 pacificorum,
1576 3057 1616 3087 ut
1647 3052 1857 3098 poenitentis
1888 3061 1997 3088 omne
2026 3051 2245 3088 desiderium

1187 3123 1330 3149 sursum
1350 3114 1532 3159 respiciat,
1552 3113 1588 3148 id
1608 3117 1666 3149 est
1688 3112 1820 3149 eoelum
1843 3112 2019 3156 intendat,
2041 3117 2127 3149 tunc
2150 3114 2246 3148 enim

1186 3174 1320 3219 poterit
1338 3174 1591 3220 poenitentiam
1610 3173 1776 3210 offerenti
1804 3173 1839 3208 in
1869 3173 2101 3219 pacificorum
2129 3172 2245 3208 sacri-

1185 3223 1270 3268 ficio
1299 3233 1459 3279 reputari
1482 3244 1491 3268 ι
1514 3231 1587 3269 Sed
1605 3233 1687 3279 quis
1710 3233 1757 3268 sit
1785 3230 1867 3268 finis
1895 3232 2024 3267 horum
2043 3237 2124 3275 quae
2149 3230 2245 3268 dicte

1186 3298 1283 3337 sunt,
1304 3292 1442 3329 addidit
1462 3304 1472 3328 ι
1498 3292 1713 3339 Royabitque
1740 3302 1803 3338 pro
1823 3302 1864 3327 eo
1891 3290 2053 3326 sacerdos
2072 3294 2104 3324 et
2125 3289 2246 3326 utinm-

1185 3359 1278 3390 tetur
1298 3354 1343 3390 εἰ.
1373 3352 1498 3399 Neque
1523 3353 1620 3389 enim
1645 3352 1766 3388 idonei
1794 3360 1919 3387 sumus
1938 3354 2087 3402 peccata
2116 3352 2241 3388 nobit·

1186 3413 1350 3460 metipsis
1369 3411 1567 3455 dimittere,
1594 3411 1761 3463 Christus
1789 3415 1910 3447 autem
1934 3406 2045 3447 'nobb
2072 3412 2243 3459 propitia.

1185 3477 1320 3513 tionem
1339 3474 1495 3522 perficit.
1519 3473 1560 3512 Si
1589 3478 1705 3508 autem
1732 3471 1777 3507 de
1801 3470 1986 3517 pecoribus
2004 3471 2167 3510 obtutam
2187 3477 2240 3511 ωε..

1183 3534 1325 3569 οείηωιιι
1347 3543 1412 3579 pro
1433 3537 1589 3578 peceato,
1606 3540 1701 3566 ovem
1727 3529 1858 3568 suificat
1882 3530 2159 3578 mesanum,
2178 3541 2242 3581 pm

1183 3601 1239 3632 net
1270 3605 1415 3631 manum
1440 3598 1545 3640 snper
1571 3598 1676 3638 eaput
1699 3593 1793 3639 eju,
1818 3597 1853 3629 et
1877 3593 2075 3632 unu-oum
2102 3599 2180 3631 unt
2202 3596 2240 3635 tu

1182 3657 1259 3693 loco
1277 3655 1336 3691 ubi
1350 3653 1464 3691 solent
1479 3653 1764 3692 holocautoma
1789 3653 1879 3691 ew
1899 3654 2035 3699 hund),
2061 3659 2241 3704 summ

1181 3717 1347 3758 woerda
1358 3716 1404 3753 do
1432 3714 1602 3764 sanquine
1619 3714 1698 3763 ajub
1719 3715 1831 3764 atquo
1842 3723 1923 3761 συ,
1941 3721 1975 3755 α
1993 3720 2140 3774 ‘⁰⁸2⁸‘
2156 3720 2239 3758 ,ηε
