2540 4016
24 200 184 259 *toas

710 214 948 256 comm.
974 217 1020 255 ΙΝ
1043 216 1219 260 amnuit
1242 219 1401 260 losum.
1425 239 1474 251 -
1494 223 1582 260 UB-
1605 219 1637 260 1.

2151 229 2244 273 10⁸·ss
2275 276 2280 283 ,

69 295 175 334 ³tunc
207 301 292 335 vere
320 293 517 332 ascendisti
546 293 666 331 locum
698 293 835 331 editum
874 298 912 331 et
941 295 1138 340 excelsum,
1156 300 1192 340 A
1206 301 1429 343 praepararet
1449 297 1607 333 transire
1625 295 1831 340 Jordanem,
1852 303 2091 345 aranomiai
2110 320 2243 357 praeoe-

64 356 196 405 'quem
218 364 240 391 a
257 354 362 391 Deo
352 366 390 391 ιιι
407 355 618 391 haereditate
634 355 824 402 percipies.
860 354 900 392 Si
917 366 1005 402 ergo
1026 357 1065 392 ἰιι
1079 358 1136 394 his

31 439 33 441 -
70 414 197 464 ³011}ae
186 424 224 452 m
243 414 442 462 Scripturis
461 416 589 463 typicis
606 416 696 464 legis
712 417 892 463 intelligas
908 416 1042 454 tonnas
1058 429 1139 455 esse

65 477 300 521 ‘coelestium
337 482 374 514 et
409 483 530 514 mente
559 488 602 515 ac
633 489 740 515 sensu
772 489 853 525 quae
879 489 1023 515 sursum
1055 485 1139 515 sunt

72 546 240 586 ·quaeras‚
269 538 332 574 ubi
362 537 529 575 Christus
555 544 612 575 est
644 540 683 576 in
711 539 861 576 dextera
890 539 954 574 Dei
986 538 1134 582 sedens3

85 605 174 637 tunc
191 604 228 636 et
244 599 343 635 illum
362 598 482 635 locum
500 600 539 636 in
558 600 767 637 haereditate
786 600 979 647 percipies,
996 600 1139 636 dicente

84 661 238 699 Domino
264 659 466 704 salvatore,
491 661 574 707 quia
609 674 621 695 ι
644 661 705 698 ubi
730 671 796 708 ego
823 671 915 705 sum,
938 661 988 697 ihi
1007 661 1077 697 erit
1102 666 1139 697 et

83 723 250 761 minister
281 733 383 760 meus
426 723 534 772 (Joan
577 723 656 770 xn).
685 735 697 757 ›
754 723 792 759 Si
827 733 913 770 ergo
947 731 1060 769 usque
1092 723 1138 759 ad

84 785 270 823 Christum
293 786 478 822 sedentem
506 786 542 821 in
559 786 708 822 dextera
725 785 789 822 Dei
806 785 1028 831 perveneris,
1051 785 1134 827 lide,

82 847 259 893 puritate,
277 847 365 891 vita,
385 848 531 891 virtute,
554 853 590 883 et
618 847 687 884 illis
710 847 871 893 vestigiis
897 846 1028 892 pedum
1058 851 1137 882 tuo-

82 917 162 944 rum
182 919 261 954 quae
286 909 374 945 lavit
391 907 496 945 Jesus
523 909 622 945 illum
650 908 767 945 locum
798 907 1011 951 incesseris,
1037 907 1136 944 dabit

81 979 165 1006 eum
194 969 260 1006 tibi
279 970 374 1006 Deus
396 974 462 1005 :tu
494 980 565 1005 non
593 969 709 1005 solum
735 966 885 1004 efficeris
911 968 1027 1004 haeres
1056 968 1133 1010 Dei,

81 1031 145 1067 sed
171 1035 207 1066 et
225 1032 387 1067 cohaeres
403 1031 552 1067 Christi.
581 1044 593 1063 ‹
616 1029 718 1065 Sicut
746 1028 796 1064 fui
820 1039 903 1064 eum
922 1029 1054 1075 Moyse,
1073 1039 1136 1065 ero

85 1103 97 1125 ι
128 1095 247 1126 tecum
265 1102 274 1125 ε
298 1101 370 1126 non
391 1091 590 1133 dimittam,
610 1100 677 1126 nec
697 1089 944 1135 derelinquam
968 1095 1005 1126 te
1026 1102 1034 1126 :
1055 1101 1139 1126 con-

84 1163 97 1185 «
124 1149 260 1186 fortare
289 1153 325 1186 et
351 1155 430 1186 esto
450 1150 654 1185 robustus:
680 1155 719 1185 tu
749 1150 845 1185 enim
875 1155 972 1185 sorte
1000 1150 1136 1186 divides

1203 356 1324 394 dente.
1345 357 1438 394 Hinc
1455 367 1543 404 ergo
1557 356 1768 403 intelligitur
1783 357 1975 398 humanam
1992 364 2103 405 minu
2116 371 2236 418 dispo-

1205 416 1390 460 sitionem,
1419 429 1529 464 quam
1561 418 1647 456 fecit
1675 419 1809 466 populo
1838 423 2075 468 nuntiabat
2105 431 2239 471 em

1203 483 1469 521 praepararent,
1499 483 1670 524 tanquam
1688 484 1781 525 post
1810 484 1886 518 tms
1911 482 1988 520 dies
2011 492 2242 530 memoratum

1203 533 1354 570 fluvium
1389 537 1591 573 transituri.
1634 537 1755 575 Potuit
1792 539 1890 576 enim
1919 541 1988 578 hoc
2017 543 2111 580 sicut
2140 546 2246 587 homo

1206 604 1355 641 sperare
1378 595 1456 632 fieri
1479 607 1600 643 posse,
1621 598 1654 634 si
1672 599 1918 645 exploratores
1937 602 2104 641 celeriter
2126 616 2246 645 rever-

1206 656 1334 692 tissent
1362 669 1370 692 :
1404 659 1535 704 quibus
1571 661 1796 698 tardantibus
1829 662 2040 711 intelligitur
2074 665 2249 713 (quamvis

1206 719 1396 767 Scriptura
1429 724 1596 770 tacuerit)
1631 735 1675 760 ex
1705 725 1822 761 divina
1857 726 2090 774 dispositione
2121 736 2250 769 eaetera

1205 783 1366 829 impleta,
1387 790 1428 821 ut
1445 785 1520 832 jam
1543 787 1718 832 inciperet
1744 789 1837 834 apud
1864 790 2034 835 populum
2059 791 2251 838 glorificari

1204 843 1326 888 «lesus,
1341 851 1378 882 et
1395 847 1536 883 ostendi
1555 849 1649 893 quod
1668 859 1749 884 cum
1778 849 1838 885 illo
1856 849 2030 888 Dominus
2043 859 2139 889 esset
2157 853 2251 891 sicut

1204 904 1323 942 suerat
1341 918 1424 943 cum
1443 907 1576 955 Moyse.
1599 908 1690 944 Nam
1719 914 1755 945 et
1777 910 1846 946 hoe
1871 910 1923 946 illi
1949 912 2081 948 dieitur
2102 913 2249 951 nuvium

1205 967 1416 1010 transituro,
1449 968 1545 1004 sicut
1572 970 1746 1014 scriptum
1773 975 1847 1014 est3
1882 977 1920 1007 et
1948 972 2039 1008 dixit
2071 973 2244 1012 Dominus

1205 1028 1252 1063 ad
1265 1027 1387 1064 Jesum
1405 1041 1413 1063 :
1437 1041 1451 1062 t
1472 1029 1514 1064 ln
1531 1029 1589 1065 die
1608 1030 1677 1066 isto
1696 1031 1864 1077 incipiam
1884 1032 2043 1069 exaltare
2069 1040 2102 1070 te
2127 1045 2251 1072 coram

1209 1101 1223 1123 t
1251 1090 1419 1126 omnibus
1454 1090 1537 1126 filiis
1572 1090 1696 1134 lsrael,
1730 1096 1772 1127 ut
1807 1093 1922 1128 sciant
1953 1094 2121 1138 quoniam
2157 1096 2252 1132 sieut

1210 1161 1222 1182 ι
1251 1159 1350 1185 eram
1371 1159 1452 1185 cum
1470 1149 1603 1196 Moyse,
1618 1159 1681 1185 ero
1699 1155 1735 1186 et
1753 1154 1923 1186 tecum.»
1950 1151 2023 1188 Nec
2042 1153 2251 1191 incredibile

84 1223 97 1245 ι
125 1210 255 1256 populo
273 1209 357 1246 huic
379 1215 527 1252 terram,
548 1220 614 1255 pro
635 1219 706 1254 qua
721 1209 840 1256 juravi
864 1210 1026 1256 patribus
1048 1211 1131 1255 tuis,
1154 1195 1186 1236 B
1204 1211 1311 1247 debet
1327 1211 1457 1253 videri,
1483 1211 1593 1247 etiam
1612 1210 1693 1248 illos
1713 1221 1796 1247 cum
1814 1213 1943 1258 quibus
1962 1213 2057 1250 Deus
2079 1214 2247 1260 loqueba-

83 1284 97 1306 «
126 1276 167 1307 ut
194 1271 374 1308 traderem
402 1282 479 1307 eam
509 1271 592 1307 illis.
621 1270 834 1307 Consortare
858 1271 968 1318 igitur
993 1277 1029 1308 et
1055 1278 1133 1309 esto

82 1343 96 1365 ε
127 1331 295 1367 robustus
316 1331 432 1374 valde,
451 1337 491 1366 ut
510 1331 691 1367 custodias
711 1338 746 1366 et
770 1330 881 1367 facias
909 1342 1052 1369 omnem
1079 1333 1131 1369 le-

83 1403 95 1426 ι
127 1401 221 1438 gem,
243 1402 351 1438 quam
368 1391 536 1437 praecepit
556 1391 619 1426 tibi
640 1391 780 1438 Moyses
799 1402 924 1428 servus
941 1402 1054 1428 meus.
1080 1392 1133 1428 Ne

83 1465 96 1487 ι
125 1453 285 1497 declines
308 1453 352 1488 ab
374 1461 418 1487 ea
445 1451 490 1486 ad
518 1452 703 1487 dexteram
723 1452 780 1487 vel
804 1452 848 1487 ad
872 1453 1069 1496 sinistram,
1093 1459 1134 1489 ut

83 1525 95 1546 ‹
126 1513 305 1558 intelligas
330 1518 458 1548 cuncta
479 1523 558 1558 qme
580 1514 668 1559 agis,
691 1525 702 1546 ›
728 1519 798 1549 etc.
819 1512 891 1561 (Ex
906 1513 1131 1561 Auqustino.)

78 1572 254 1609 Dominus
275 1575 363 1610 dicit
384 1575 427 1610 ad
450 1574 571 1611 Jesum
597 1574 694 1611 Nave
715 1587 722 1610 :
749 1575 794 1610 Et
815 1575 908 1611 sicut
929 1586 1027 1610 eram
1050 1585 1132 1611 cum

77 1635 211 1681 Moyse,
233 1635 283 1670 ita
298 1645 360 1671 ero
376 1641 411 1671 et
430 1640 561 1672 tecum.
580 1636 657 1672 Non
680 1637 792 1673 solum
809 1642 928 1673 autem
946 1637 1014 1673 hoc
1033 1637 1133 1673 testi-

77 1696 220 1739 monio,
256 1696 318 1732 sed
352 1697 462 1732 etiam
495 1698 530 1733 in
562 1697 842 1734 Deuteronomio
876 1697 977 1745 (Cap.
1005 1698 1131 1747 xxxiv)

78 1755 201 1792 multis
228 1757 454 1793 documentis
478 1759 652 1804 probatur
677 1759 817 1805 Moyses
850 1759 898 1794 ita
927 1759 1131 1803 defunctus,

77 1823 118 1852 ut
132 1816 196 1852 Dei
221 1816 377 1854 famulus
404 1824 439 1854 et
457 1819 531 1855 Deo
564 1820 722 1866 placens.
752 1820 923 1864 Quamvis
955 1820 992 1856 in
1012 1830 1054 1856 eo
1073 1821 1133 1856 illa

77 1877 238 1914 vindicta
259 1879 437 1926 completa
463 1881 521 1923 sit,
545 1892 590 1917 ne
610 1887 746 1918 terram
766 1882 1058 1928 repromissionis
1079 1882 1134 1918 in-

79 1942 206 1974 traret.
229 1939 280 1974 Ex
299 1951 369 1986 qua
390 1941 496 1977 datur
519 1942 667 1988 intelligi
690 1942 881 1979 Dominum
902 1943 1012 1978 etiam
1030 1942 1134 1978 bonis

79 1999 195 2034 servis
215 2000 290 2036 suis
314 2000 349 2035 in
373 2001 492 2047 aliquo
518 2009 806 2047 succensentem,
827 2009 864 2039 et
888 2004 1135 2050 temporaliter

80 2058 278 2102 vindicare,
305 2067 342 2096 ct
365 2065 485 2096 tamen
512 2061 548 2096 in
573 2071 697 2097 eorum
725 2062 859 2098 habere
885 2073 1035 2100 nomem
1055 2074 1135 2111 quae

79 2125 164 2156 sunt
185 2120 220 2156 in
241 2121 346 2156 domo
366 2121 442 2167 ejus
464 2132 550 2158 vasa
576 2123 613 2158 in
636 2123 824 2166 honorem,
846 2123 948 2160 utilia
967 2124 1132 2170 Domino,
1152 2102 1183 2145 C

79 2180 213 2227 quibus
232 2181 381 2217 daturus
403 2187 458 2218 est
476 2183 655 2229 promissa
675 2190 895 2221 sanctorum.

498 2257 649 2294 CAPUT
676 2259 717 2294 11

82 2314 302 2370 Praeceptum
329 2316 437 2352 Josue
479 2318 523 2353 ad
555 2318 648 2363 filios
674 2318 787 2354 Israel
826 2320 870 2354 de
892 2322 1137 2367 praeparandis

154 2363 295 2399 cibariis
315 2365 351 2399 in
372 2365 507 2408 itinevqe
527 2372 558 2400 et
578 2367 752 2411 responsio
766 2367 886 2413 populi
901 2368 946 2402 ad
961 2378 1051 2403 eum.

132 2424 231 2472 (imo.
237 2424 249 2473 )
273 2439 284 2459 ‹
302 2425 549 2472 Piaecepitque
568 2426 674 2462 Josue
690 2427 914 2473 principibus
930 2429 1064 2475 populi,
1087 2429 1138 2465 di-

89 2498 101 2518 «
132 2494 242 2520 cens:
263 2485 430 2521 Transito
458 2496 522 2533 per
546 2487 701 2522 medium
731 2492 946 2529 castrorum,
975 2493 1009 2522 et
1029 2488 1137 2533 impe-

88 2557 101 2578 «
133 2551 208 2580 rate
232 2546 376 2591 populo,
405 2557 446 2582 ac
467 2547 574 2582 dicite
595 2558 604 2581 ε
624 2547 830 2592 Przeparate
858 2547 960 2582 vobiS
987 2547 1137 2590 cibaria,

90 2618 101 2639 ι
132 2607 302 2656 quoniam
326 2612 406 2651 post
427 2607 519 2642 diem
541 2607 684 2642 tertium
706 2607 905 2642 transibitIs
924 2607 1135 2651 Jordanem,

90 2680 101 2700 ι
133 2672 168 2700 ct
194 2667 374 2702 intrabitis
392 2667 436 2702 ad
453 2667 706 2712 possidendam
736 2673 870 2703 terram
888 2678 995 2713 quam
1014 2667 1137 2704 Domi-

91 2739 102 2759 ι
134 2737 201 2762 nus
220 2727 314 2762 Deus
339 2734 460 2763 vester
478 2729 626 2764 daturus
658 2735 713 2764 est
745 2730 858 2765 vobis.
884 2742 896 2763 ›
930 2729 1001 2776 (Eat-
1020 2730 1138 2776 Αιιφι-

86 2785 207 2832 stino.)
234 2787 390 2830 Quaestio
408 2794 462 2823 est
478 2789 655 2834 quomodo
672 2795 905 2834 posteaquam
925 2789 1066 2826 locutus
1085 2796 1139 2826 est

87 2844 261 2882 Dominus
282 2847 325 2882 ad
350 2846 470 2883 Jesum
490 2847 607 2891 Nave,
636 2849 831 2884 exhortans
863 2854 898 2884 et
923 2850 1139 2885 confirmans

88 2917 184 2949 euin,
206 2917 314 2952 seque
331 2909 545 2953 promittens
564 2919 646 2945 cum
674 2909 734 2944 illo
755 2909 926 2952 futurum,
948 2903 1140 2947 mandave-

89 2966 137 3003 rit
162 2967 256 3003 idem
279 2967 383 3004 «lesus
408 2969 539 3014 populo
571 2980 634 3015 per
666 2970 804 3006 scribas
830 2976 869 3005 ut
897 2977 1140 3016 praepararent

90 3027 239 3071 cibaria,
255 3029 350 3075 quod
369 3035 452 3075 post
468 3035 541 3065 tres
560 3030 636 3066 dies
652 3029 844 3066 jordanem
863 3031 1004 3067 fuerant
1023 3039 1139 3068 trans-
1155 3010 1193 3050 D

62 3096 64 3098 ·
89 3086 189 3132 ituri,
209 3099 291 3124 cum
314 3089 542 3126 inveniantur
559 3096 641 3137 post
660 3091 771 3127 inulto
789 3091 910 3138 plures
931 3092 1007 3128 dies
1025 3099 1141 3130 trans-

90 3149 162 3186 isse
197 3148 406 3187 Jordanem.
434 3152 523 3188 Cum
549 3154 644 3190 enim
671 3154 747 3190 haec
771 3154 901 3200 populo
922 3155 1140 3198 mandasset,

63 3212 191 3249 ‘misit
222 3213 471 3260 exploratores
505 3215 543 3251 in
577 3213 721 3252 iericho
741 3243 750 3259 ,
785 3216 953 3261 quoniam
987 3215 1143 3253 Jordane

62 3279 67 3284 '
90 3273 256 3320 trajecto,
274 3275 354 3322 ipsa
371 3277 536 3323 proxima
555 3277 682 3314 civitas
702 3279 929 3315 occurrebat.
948 3278 1004 3315 illi
1023 3284 1143 3315 autem

93 3333 316 3372 divertebant
336 3337 390 3373 ad
398 3336 500 3374 Raab
531 3337 719 3374 mulierem
751 3337 1005 3383 fornicariam,
1030 3344 1066 3376 et
1098 3340 1143 3374 ab

88 3390 155 3431 illa
177 3397 361 3443 occultati,
389 3403 497 3445 atque
525 3410 546 3435 a
570 3409 656 3448 rege
679 3400 821 3448 quaesiti
850 3406 886 3436 et
910 3401 1058 3437 minime
1087 3401 1142 3436 in-

95 3457 208 3500 venti,
228 3458 354 3495 eadem
374 3460 578 3499 dimittente
603 3461 683 3498 illos
703 3472 774 3510 per
800 3461 995 3499 fenestram
1015 3467 1051 3499 et
1068 3471 1145 3497 mo-

95 3523 206 3555 nente
230 3523 271 3556 ut
293 3520 414 3558 triduo
439 3521 624 3558 laterent
615 3533 652 3559 ιιι
672 3521 866 3566 montanis,
892 3526 1045 3568 quatuor
1069 3521 1145 3556 dies

96 3578 263 3618 videntur
286 3591 368 3620 esse
387 3584 604 3632 consumpti.
631 3583 718 3621 inde
740 3588 971 3630 posteaquam
999 3581 1143 3618 nuntia-

96 3638 228 3678 verunt
243 3651 325 3688 quae
344 3642 442 3680 circa
460 3641 542 3680 illos
556 3649 658 3692 gesta
676 3643 827 3687 fuerint,
845 3641 1024 3690 promovit
1042 3640 1145 3679 lesus

66 3744 69 3755 Ι
98 3702 184 3734 cum
206 3694 391 3741 adverso
419 3702 553 3753 populo
583 3702 730 3741 deloco
769 3703 832 3740 ubi
870 3706 947 3740 erat
976 3701 1143 3740 diluculo.

100 3752 168 3803 Qu!
185 3768 269 3806 eum
267 3747 451 3819 &unisset
477 3762 523 3802 ad
535 3760 748 3814 jordanem,
776 3763 923 3802 divertit
947 3768 983 3800 et
1001 3763 1144 3806 mansit.

101 3818 203 3858 'runc
226 3823 353 3861 rursm
367 3823 521 3871 populus
536 3819 758 3901 admonetur
780 3830 820 3862 ut
842 3834 908 3871 per
933 3825 1090 3862 triduum
1108 3833 1148 3863 se

1205 1277 1280 1315 tur,
1298 1272 1431 1317 aliquid
1450 1282 1495 1307 ex
1514 1272 1672 1308 humana
1698 1273 1930 1319 dispositione
1955 1284 2061 1321 agere
2082 1275 2251 1321 voluisse,

1205 1332 1242 1367 in
1261 1342 1330 1377 qua
1365 1332 1434 1367 sibi
1452 1332 1566 1367 Deum
1599 1337 1720 1368 tamen
1753 1333 1915 1370 viderent
1948 1345 2028 1371 esse
2062 1342 2251 1380 rectorem,

1205 1401 1403 1438 eorumque
1433 1403 1477 1428 ex
1510 1392 1604 1429 illius
1637 1404 1656 1429 a
1684 1404 1756 1439 quo
1780 1395 1998 1439 regebantur
2027 1398 2252 1442 providentia

1205 1452 1354 1488 consilia
1383 1452 1493 1489 fuisse
1518 1458 1665 1488 mutata.
1688 1453 1778 1489 Nam
1796 1459 1832 1490 et
1850 1454 1988 1502 Moyses
2018 1456 2105 1502 ipse,
2128 1458 2252 1503 utique

1205 1517 1377 1558 tanquam
1405 1514 1526 1557 homo,
1555 1519 1745 1560 putaverat
1764 1524 1843 1550 esse
1870 1514 2087 1559 faciendum,
2110 1523 2149 1552 ut
2168 1528 2253 1554 cau-

1210 1585 1268 1610 sas
1287 1573 1408 1620 popnli
1432 1574 1484 1610 sic
1510 1574 1650 1610 audiret
1668 1574 1967 1619 quemadmodum
1987 1581 2023 1612 et
2046 1577 2165 1613 sibiet
2182 1577 2254 1614 illis

1206 1645 1298 1671 onus
1329 1634 1553 1671 intolerabile
1586 1635 1769 1686 subeundo
1806 1637 1977 1683 prodesse
2016 1647 2087 1674 non
2117 1644 2251 1684 posset,

1206 1695 1353 1742 ejusque
1385 1695 1569 1742 dispositio
1602 1697 1773 1734 divinitus
1805 1703 1842 1734 et
1877 1698 1945 1734 hoc
1979 1699 2094 1744 ipsum
2130 1709 2255 1736 socero

1205 1757 1282 1803 ejus
1301 1763 1514 1804 suggerente
1539 1762 1574 1793 et
1593 1764 1773 1801 monente,
1799 1764 1908 1805 atque
1926 1759 2019 1795 hanc
2040 1760 2255 1798 admonitio-

1204 1828 1288 1854 nem
1305 1817 1382 1854 Deo
1400 1818 1618 1863 approbante
1637 1824 1770 1854 mutata
1789 1824 1855 1855 est.
1893 1819 2009 1866 (lam.)
2034 1831 2045 1852 ι
2069 1819 2255 1858 Rubenitis

1210 1891 1223 1912 ι
1254 1889 1395 1923 quoque
1416 1884 1450 1914 ct
1469 1878 1619 1921 Gaditis,
1642 1885 1677 1915 et
1699 1880 1855 1915 dimidiae
1877 1880 1984 1916 tribui
2002 1879 2164 1916 Manasse
2185 1881 2253 1917 ait:

1209 1949 1223 1972 t
1255 1937 1472 1974 Mementote
1490 1940 1664 1975 sermonis
1682 1950 1787 1985 quem
1806 1940 1977 1987 praecepit
1995 1940 2097 1976 vobis
2116 1940 2257 1988 Moyses

1211 2014 1223 2036 ‹
1253 2001 1407 2038 famulus
1430 2002 1585 2045 Domini,
1617 2002 1740 2038 dicens
1770 2013 1778 2036 ε
1810 2001 1982 2038 Dominus
2014 2001 2108 2037 Deus
2137 2006 2256 2038 vester

1211 2076 1223 2098 ‹
1253 2063 1350 2100 dedit
1390 2063 1492 2099 vobis
1523 2063 1683 2109 requiem
1712 2067 1747 2098 et
1774 2072 1917 2099 omnem
1937 2070 2081 2098 terram.
2119 2062 2258 2099 Uxores

1208 2136 1220 2158 ‹
1251 2131 1383 2160 vestrae
1413 2135 1455 2160 ae
1488 2123 1552 2159 filii
1586 2130 1622 2159 et
1652 2123 1816 2168 jumenta
1857 2123 2053 2159 manebunt
2088 2122 2124 2157 in
2163 2127 2258 2158 terra

1210 2197 1223 2220 ι
1252 2195 1361 2231 quam
1382 2184 1531 2221 tradidit
1553 2185 1654 2220 vobis
1675 2183 1816 2231 Moyses
1838 2189 1938 2219 trans
1955 2182 2161 2220 Jordanem.
2185 2183 2258 2220 Vos

1211 2258 1223 2280 ‹
1254 2252 1374 2282 autem
1394 2246 1547 2281 transite
1564 2245 1694 2281 armati
1715 2251 1797 2281 ante
1816 2244 1947 2280 fratres
1963 2250 2115 2287 vestros,
2134 2253 2259 2284 omnes

1210 2319 1222 2340 ‹
1251 2307 1363 2342 sortes
1395 2317 1517 2349 mann,
1547 2311 1583 2341 et
1608 2313 1765 2352 pugnate
1789 2317 1854 2352 pro
1882 2306 1948 2348 eis,
1977 2306 2091 2341 donec
2117 2306 2176 2340 det
2201 2315 2260 2341 re-

1210 2381 1222 2402 «
1253 2367 1373 2412 quiem
1400 2366 1573 2402 Dominus
1598 2365 1771 2401 fratribus
1797 2365 1946 2407 vestris,
1976 2365 2071 2400 sieut
2095 2369 2132 2399 et
2156 2364 2257 2402 vobis

1210 2440 1222 2461 ι
1252 2427 1349 2462 dedit
1374 2439 1380 2461 :
1401 2432 1436 2461 et
1470 2427 1675 2472 possideant
1707 2426 1774 2471 ipsi
1807 2436 1948 2472 quoque
1985 2430 2115 2460 terram
2147 2435 2256 2472 quam

1211 2501 1221 2521 ι
1252 2486 1425 2522 Dominus
1451 2486 1543 2522 Deus
1562 2491 1682 2522 vester
1700 2486 1849 2521 daturus
1871 2491 1924 2520 est
1950 2485 2002 2522 eis
2024 2497 2032 2520 z
2059 2493 2093 2521 et
2120 2486 2172 2522 sic
2195 2495 2254 2522 re-

1212 2560 1222 2581 ι
1254 2547 1434 2582 vertimini
1463 2547 1499 2582 in
1527 2553 1656 2582 terram
1678 2546 1916 2591 possessionis
1937 2551 2076 2589 vestrse,
2100 2552 2134 2581 et
2155 2545 2256 2582 hahi-

1212 2619 1222 2640 ι
1254 2606 1378 2641 tabitis
1402 2606 1494 2641 inea
1530 2616 1637 2651 quain
1669 2605 1766 2641 dedit
1791 2605 1891 2641 vobis
1926 2605 2065 2652 Moyses
2101 2605 2255 2643 famulus

1211 2680 1223 2701 ι
1255 2667 1395 2702 Domini
1423 2674 1522 2702 trans
1542 2667 1749 2710 iomanem,
1772 2674 1897 2702 contra
1919 2667 2003 2703 solis
2024 2673 2158 2711 ortum,
2180 2681 2192 2702 ›
2219 2673 2256 2704 et

1208 2728 1358 2775 reliqua.
1386 2729 1456 2776 (Ex
1477 2727 1719 2776 Adamantio.)
1741 2727 2017 2765 Consideremus
2043 2740 2127 2778 ergo
2147 2740 2254 2776 quam

1208 2790 1360 2826 sormam
1397 2796 1541 2826 teneant
1575 2791 1652 2826 istae
1684 2790 1761 2826 duze
1795 2791 1903 2828 semis
1937 2791 2050 2827 tribus
2082 2802 2160 2838 quae
2190 2802 2256 2839 per

1209 2851 1355 2898 Moysen
1377 2859 1510 2887 terram
1530 2852 1750 2887 haereditatis
1778 2852 1978 2898 accipiunt;
2000 2858 2036 2887 et
2056 2863 2163 2897 quam
2182 2851 2255 2888 sor-

1208 2923 1304 2947 mam
1333 2917 1477 2948 teneant
1499 2913 1645 2957 reliquae
1668 2922 1794 2947 novem
1822 2912 1930 2947 semis
1952 2912 2066 2948 tribus
2092 2923 2171 2958 qua:
2191 2923 2258 2960 per

1210 2973 1331 3010 Jesum
1378 2974 1693 3021 repromissionem
1734 2980 1838 3010 terrae
1875 2980 2007 3010 sanctae
2044 2975 2254 3021 suscipiunt.

1210 3035 1254 3072 Et
1273 3036 1389 3081 primo
1414 3035 1574 3070 omnium
1595 3040 1680 3081 puto
1701 3036 1794 3081 quod
1815 3035 2032 3082 impossibile
2058 3035 2166 3071 suerit
2188 3035 2250 3071 sor·

1211 3099 1303 3133 tnitu
1330 3098 1502 3134 accidisse
1529 3103 1567 3133 ut
1590 3098 1625 3133 hi
1645 3099 1704 3144 qui
1729 3109 1793 3143 per
1811 3098 1953 3145 Moysen
1980 3099 2157 3143 accipiunt
2172 3108 2248 3143 por-

1211 3160 1358 3202 tionem,
1388 3159 1617 3206 primogeniti
1650 3165 1782 3195 essent.
1802 3159 1923 3194 Ruben
1949 3168 2103 3203 namque
2119 3159 2254 3203 primo-

1212 3222 1353 3267 genitus
1381 3227 1433 3255 est
1460 3231 1502 3255 ex
1524 3220 1599 3262 Lia,
1618 3219 1692 3254 Gad
1719 3217 1974 3264 primogenitus
2001 3222 2054 3253 est
2077 3227 2120 3253 ex
2138 3217 2249 3262 Zeita,

1212 3286 1248 3316 et
1266 3280 1448 3316 Manasses
1466 3277 1720 3325 primogenitus
1739 3281 1794 3313 est
1810 3285 1853 3310 ex
1870 3275 2027 3318 Ascenez
2056 3275 2127 3312 fitia
2143 3275 2253 3326 AEgy-

1213 3342 1288 3389 ptia
1315 3340 1464 3376 Petesrae
1490 3337 1682 3373 sacerdotis
1712 3334 1946 3383 Heliopoleos,
1976 3346 2084 3388 quam
2115 3337 2252 3384 accepit

1199 3400 1359 3445 ..ioseph.
1388 3397 1577 3443 Nunquam
1601 3403 1686 3442 ergo
1713 3394 1797 3432 mihi
1819 3395 2019 3443 persuadeo
2044 3400 2083 3433 ut
2104 3395 2252 3436 fortuitu

1213 3457 1388 3498 acciderit
1416 3454 1674 3502 primogenitos
1692 3462 1771 3493 csse
1789 3463 1914 3492 omnes
1931 3455 2060 3503 quibus
2074 3466 2145 3503 per
2159 3455 2253 3509 Moy·

1215 3527 1278 3555 sen
1295 3514 1567 3551 discernebatur
1596 3512 1807 3558 haere‹litas;
1830 3513 1891 3550 sed
1916 3514 2030 3560 magis
2052 3515 2130 3553 haec
2158 3514 2251 3562 arbi-

1215 3583 1292 3615 tror
1308 3573 1494 3623 quodiam
1520 3574 1557 3611 in
1575 3571 1632 3610 his
1651 3578 1735 3610 tunc
1754 3573 2032 3613 adumbrabatur
2051 3573 2167 3612 forma
2186 3583 2253 3622 po-

1213 3636 1378 3687 pulorum
1404 3646 1413 3670 ι
1440 3634 1544 3671 unius
1561 3633 1718 3680 quidem,
1743 3633 1803 3679 qui
1825 3633 2082 3681 primogenitus
2101 3642 2252 3690 pet-‚na-

1216 3702 1304 3734 turae
1325 3694 1488 3733 ordinem
1511 3692 1716 3737 videt-etun
1737 3691 1896 3736 alterius,
1914 3691 1977 3741 qui
1992 3702 2059 3742 per
2067 3691 2157 3745 ,Mei
2170 3703 2252 3763 gra—

1217 3760 1304 3798 tiam
1321 3755 1606 3796 benedictionem
1618 3753 1837 3792 haereditatis
1852 3753 2042 3804 acciperet.
2059 3751 2135 3793 Nec
2150 3753 2251 3803 prius

1219 3820 1289 3859 illis
1310 3818 1372 3867 qui
1388 3826 1454 3866 per
1466 3815 1614 3864 Moysen
1640 3814 1816 3863 accipiunt
1839 3813 2104 3859 haereditatem,
2127 3813 2163 3852 id
2182 3818 2248 3858 est,
