2540 4016
303 147 350 183 55
728 144 769 180 B.
798 143 968 182 RABANI
993 138 1141 181 MAURI
1165 141 1382 182 ARCHIEP.
1407 146 1619 186 MOGUNT.
1646 147 1838 187 OPERUM
1866 147 1987 186 PARS
2009 147 2036 184 1.
2445 149 2493 187 56

300 225 466 263 homines
499 229 536 262 et
565 224 736 262 animalia
757 224 998 272 primogenita
1028 221 1276 260 moriebantur
1298 233 1359 260 oc-
1376 225 1619 267 Asuetudine
1639 227 1801 274 gentium
1821 254 1832 271 ,
1869 236 1941 264 non
1973 224 2093 262 inutili
2134 223 2254 262 studio
2287 225 2489 263 discuntur.

299 285 396 323 culto
413 291 451 323 et
464 285 628 334 angelico
650 295 851 333 percussu:
874 296 945 321 non
965 283 1099 330 aliquid
1132 282 1170 318 in
1189 283 1282 320 coelo
1301 284 1360 320 vel

298 345 337 382 in
354 350 454 383 terra
472 344 607 382 factum
625 351 718 389 erat,
738 345 833 381 sicut
861 354 962 386 rana,
983 342 1039 379 vel
1057 341 1208 387 locusta,
1229 342 1287 379 vel
1307 349 1362 380 te-

297 405 433 451 nebrae,
451 407 547 443 unde
571 406 633 453 qui
669 405 882 442 habitabant
897 403 1165 450 affligerentur3
1184 414 1206 440 a
1229 405 1359 442 talibus

298 468 396 504 enim
412 467 526 514 plagis
546 476 627 503 cum
648 471 743 502 terra
766 464 903 501 Gessen
931 464 1060 500 suisset
1081 464 1212 510 aliena,
1233 465 1359 512 procul

297 530 407 567 dubio
423 528 655 576 perveniebat
687 527 904 563 beneficium
931 526 975 562 ad
1005 535 1068 564 eos
1085 525 1276 574 AEgyptios
1297 526 1358 572 qui

296 590 333 626 in
354 589 478 626 eadem
499 595 596 625 terra
623 598 704 624 cum
723 587 884 624 Hebraeis
899 589 1134 625 morabantur
1151 599 1161 625 ε
1183 589 1253 624 hac
1270 597 1359 624 vero

294 649 618 696 primogenitorum
645 658 771 684 omnes
799 649 963 694 percussi
989 654 1087 686 sunt.
1133 647 1222 684 Filii
1241 655 1358 684 autem

293 709 410 745 lsrael
431 710 587 755 feceruut
605 709 693 745 sicut
711 716 923 756 praeceperat
939 709 1011 746 illis
1025 710 1064 746 M
1066 715 1221 756 oyses,et
1247 709 1358 755 petie-

295 776 374 805 runt
394 770 436 805 ab
458 769 636 816 AEyyptiis
652 781 737 806 vasa
755 781 865 806 aurea
894 776 926 806 et
943 776 1108 817 argentea
1144 776 1176 805 et
1199 775 1328 804 vestem
1345 777 1358 804 .·

295 838 326 866 et
342 831 512 867 Dominus
527 831 621 867 dedit
641 833 791 878 qratiam
806 832 935 879 populo
950 843 1013 868 suo
1029 842 1148 866 coram
1163 829 1357 876 AEyyptiis,

295 899 327 926 et
349 892 654 928 commodaverunt
675 893 760 937 illis,
798 899 832 929 et
864 892 1014 940 proeduti
1036 897 1118 928 sunt
1153 890 1355 937 AEqyptios.

293 952 373 987 Jam
390 953 458 989 hoc
481 953 617 990 sactum
641 953 760 990 fuerat
775 959 860 990 ante
883 958 1020 989 mortes
1032 952 1359 999 primogenitorum

293 1013 562 1062 AEgyptiorum,
597 1015 659 1050 sed
676 1025 773 1051 nune
791 1025 856 1060 per
874 1015 1209 1062 recapitulationem
1226 1014 1358 1060 repeti-

294 1081 363 1111 tur.
412 1076 503 1111 Nam
527 1081 713 1112 narratum
731 1083 788 1113 est
822 1078 965 1123 quando
994 1077 1129 1113 sactum
1150 1083 1216 1113 est.
1254 1075 1358 1112 Modo

293 1136 388 1172 enim
409 1136 487 1172 sieri
504 1138 684 1183 quomodo
698 1144 820 1184 posset
835 1145 873 1174 ut
892 1139 927 1173 in
947 1144 1048 1174 tanto
1075 1137 1173 1174 luctu
1192 1146 1237 1173 ex
1261 1146 1359 1173 mor-

294 1200 390 1236 tibus
412 1210 557 1236 suorum
582 1201 900 1237 accommodarent
935 1201 1003 1237 ista
1035 1200 1118 1236 filiis
1142 1199 1266 1243 lsrael,
1287 1199 1358 1235 nisi

293 1260 386 1296 sorte
396 1262 476 1307 quis
492 1262 586 1298 dicat
606 1263 715 1298 etiam
732 1263 801 1299 ista
818 1263 921 1310 plaga
944 1273 1015 1298 non
1034 1262 1145 1298 fuisse
1163 1270 1356 1307 percussos

294 1320 483 1368 AEgyptios
502 1324 560 1368 qui
578 1334 660 1359 cum
678 1323 839 1360 Hebraeis
855 1324 1106 1359 inhabitabant
1122 1329 1255 1359 terrain
1269 1322 1357 1357 Ges-

293 1392 371 1417 sen.
397 1381 468 1429 (Ex
485 1383 657 1431 Isidoro.)
693 1383 785 1428 Quid
807 1395 893 1420 vero
911 1385 988 1420 haec
1017 1383 1355 1430 praefiguraverunt,

292 1442 363 1478 nisi
391 1444 486 1488 quod
510 1445 546 1479 in
565 1455 654 1481 auro
675 1451 711 1481 et
733 1452 883 1492 argento
912 1456 955 1481 ac
977 1451 1078 1482 veste
1101 1444 1359 1492 AEgyptiorum

292 1503 504 1550 significata}
521 1511 608 1542 sunt
625 1507 790 1553 quaedam
808 1507 982 1543 doctrinae
1003 1517 1083 1552 quae
1103 1516 1148 1542 ex
1172 1506 1248 1552 ipsa
1272 1514 1358 1542 con-

1429 284 1503 323 Sed
1521 286 1596 324 sive
1614 287 1685 324 hoc
1702 287 1896 333 significet,
1916 286 1993 323 sive
2009 278 2099 322 illud
2113 286 2210 332 quod
2229 294 2275 322 ex
2298 285 2387 333 ipsis
2405 296 2494 334 gen-

1427 349 1525 386 tibus
1545 349 1675 386 animae
1695 349 1864 396 pretiosae
1885 354 2058 395 tanquam
2073 357 2160 384 vasa
2178 357 2288 384 aurea
2301 352 2339 384 et
2359 357 2493 395 argen-

1428 414 1499 452 tea,
1521 419 1605 446 cum
1627 409 1703 446 suis
1717 410 1842 456 utique
1871 409 2081 456 corporibus
2102 410 2199 455 quod
2217 413 2354 445 vestem
2382 408 2496 456 signi-

1427 470 1553 515 ficant,
1573 470 1772 519 adjungunt
1788 482 1828 508 se
1846 472 1980 519 populo
1994 473 2070 517 Dei,
2093 477 2135 510 ut
2153 471 2261 508 simul
2277 472 2320 508 de
2342 470 2414 513 hoe
2429 479 2494 507 ste·

1427 531 1523 571 culo.
1542 538 1719 579 tanquam
1747 533 1791 569 de
1808 532 1982 580 AEgypto,
2010 535 2225 572 liberentur.
2265 531 2362 569 Tulit
2383 531 2494 578 iqitur
2536 569 2540 583 Ι

1426 592 1576 638 populus
1599 604 1821 640 conspersam
1838 595 1992 640 farinam
2010 603 2198 644 antequam
2208 595 2491 642 fermentaretur,

1426 658 1459 687 et
1480 651 1593 697 ligans
1617 653 1654 688 in
1671 653 1804 699 palliis,
1819 657 1935 701 posuit
1952 669 2056 704 super
2076 658 2238 693 humeros
2265 668 2359 693 suos.
2390 656 2494 701 Quod

1426 723 1514 751 vero
1535 715 1586 750 ait
1615 714 1795 751 fermento
1825 717 1966 754 sublato
1995 719 2046 754 sic
2075 718 2258 764 profectos
2291 728 2372 755 esse
2401 719 2494 754 tilios

1426 773 1536 810 Israel
1557 775 1600 811 de
1617 774 1789 822 AEgypto,
1821 777 1890 813 hoc
1907 782 1944 813 et
1965 787 1985 812 a
2003 778 2107 814 nobis
2124 778 2243 814 modis
2261 778 2445 822 omnibus,
2462 778 2494 814 si
2534 794 2540 798 ·

1427 836 1507 872 fieri
1531 842 1665 882 potest,
1687 837 1948 874 elaborandum
1972 843 2040 882 est,
2060 844 2101 874 ut
2116 843 2290 875 exeuntes
2321 849 2342 874 a
2372 838 2494 875 saeculi

1426 896 1534 943 hujus
1567 897 1762 941 illecebris,
1800 908 1871 934 non
1892 898 2118 934 ambulemus
2152 898 2190 934 in
2220 897 2398 934 fermento
2427 907 2494 934 ve-

1427 959 1516 995 teris
1531 959 1677 995 malitiae
1692 964 1728 995 et
1744 960 1926 1005 nequitiae,
1940 959 2002 995 sed
2018 960 2054 995 in
2064 959 2202 1006 azymis
2217 958 2438 995 sinceritatis
2458 964 2495 995 et

1427 1019 1603 1063 veritatis,
1623 1020 1719 1066 quod
1740 1026 1796 1056 est
1809 1020 1894 1056 novi
1910 1020 2067 1056 hominis
2095 1020 2337 1062 conversatio,
2365 1019 2494 1056 relicto

1427 1079 1581 1125 pristino
1597 1079 1743 1116 homine
1758 1089 1842 1116 cum
1859 1079 1959 1116 vitiis
1977 1080 2066 1116 suis.
2092 1078 2187 1114 Sane
2217 1079 2302 1124 quia
2322 1079 2366 1114 ab
2383 1088 2494 1114 exor-

1377 1132 1488 1177 Bdio
1521 1141 1603 1177 libri
1620 1141 1749 1187 ⁵Exodi
1783 1140 2048 1177 incrementum
2068 1139 2191 1186 populi
2231 1139 2420 1176 Israelitici
2457 1139 2495 1176 in

1429 1203 1602 1251 AEgypto,
1632 1203 1830 1249 plagasque
1849 1201 2030 1250 AEgyptiis
2056 1202 2234 1248 irrogatas
2259 1205 2407 1247 propter
2440 1201 2495 1237 in-

1430 1263 1674 1300 obedientiam
1692 1263 1954 1305 describentes,
1973 1262 2129 1308 primum
2155 1262 2287 1297 librum
2313 1271 2427 1306 usque
2448 1260 2495 1297 ad
2538 1266 2540 1269 ’

1429 1325 1537 1373 typici
1558 1325 1705 1362 Paschae
1725 1325 2005 1362 celebrationem
2023 1325 2273 1371 perduximus,
2310 1322 2495 1368 sequentis

1424 1386 1509 1423 libri
1530 1386 1719 1423 exordium
1735 1387 1780 1422 ab
1815 1387 1914 1422 exitu
1947 1385 2103 1421 filiorum
2140 1385 2251 1422 lsrael
2274 1385 2318 1421 de
2336 1384 2493 1431 AEgypto

1427 1449 1675 1486 inchoandum
1699 1455 1818 1485 ratum
1836 1458 1917 1485 esse
1934 1448 2170 1484 arbitramur.

1070 1669 1273 1723 LIBER
1325 1667 1702 1722 SECUNDUS.

690 1818 951 1857 PRAEFATIO.

342 1876 466 1915 Omnis
476 1877 661 1926 Scriptura
681 1880 846 1916 divinitus
865 1881 1043 1924 instituta,
1055 1879 1253 1916 secundum
1262 1879 1355 1926 Apo-

292 1938 376 1975 stoli
395 1940 612 1975 sententiam
631 1939 688 1986 (II
706 1939 796 1975 Tim.
817 1939 998 1987 111),utilis
1016 1947 1066 1977 est
1082 1940 1128 1976 ad
1143 1940 1351 1984 docendum,

293 2001 339 2035 ad
356 2001 589 2047 cripiendum,
615 2001 660 2036 ad
694 2002 954 2048 corriqendum,
975 2002 1037 2043 ,tad
1068 2002 1297 2038 erudiendum
1317 2002 1353 2038 in

290 2060 441 2106 justitia.
473 2059 700 2107 Quapropter
720 2063 883 2109 quisquis
898 2063 1044 2100 sedulus
1061 2072 1187 2100 earum
1204 2068 1259 2100 est
1274 2073 1352 2100 me-

292 2121 440 2164 ditator,
452 2121 666 2169 interneque
686 2132 748 2160 eas
765 2123 954 2171 conspicit,
978 2124 1118 2161 invenit
1138 2125 1174 2161 in
1188 2134 1354 2162 sermone

292 2190 402 2217 suave
429 2181 697 2227 documentum,
729 2184 766 2220 in
784 2195 895 2221 sensu
913 2185 1057 2222 salubre
1083 2185 1288 2230 consilium,
1317 2186 1355 2222 in

292 2243 466 2290 mysterio
483 2244 695 2282 honorabile
713 2249 1011 2283 sacramentum?
1038 2246 1164 2294 Neque
1179 2247 1274 2283 enim
1298 2256 1355 2283 so-

291 2302 475 2343 lummodo
490 2306 621 2344 sufficit
639 2306 835 2345 lectoribus
860 2308 1064 2345 divinorum
1082 2308 1258 2346 librorum
1274 2318 1355 2345 sen-

291 2375 353 2402 sus
386 2366 595 2412 historicus,
614 2369 677 2406 sed
697 2370 806 2406 etiam
839 2369 1034 2417 diligenter
1066 2369 1119 2406 eis
1149 2375 1206 2405 est
1236 2370 1354 2406 consi-

290 2424 489 2464 derandum
500 2429 588 2475 quid
598 2440 664 2475 per
678 2430 888 2478 allegoriam
914 2432 967 2468 eis
981 2430 1216 2478 propheticus
1233 2440 1354 2467 sermo

291 2485 441 2525 innuere
470 2489 583 2526 velit:
609 2491 702 2527 sicut
723 2490 759 2527 in
779 2492 950 2538 praesenti
974 2492 1080 2535 libro,
1113 2492 1258 2538 quando
1288 2501 1355 2538 per

289 2545 478 2585 historiam
504 2550 725 2588 audierimus
746 2557 896 2598 propter
919 2551 1171 2588 crudelitatem
1191 2557 1354 2588 exertam

291 2606 443 2643 in.filios
462 2607 588 2651 lsrael,
608 2614 645 2644 et
662 2615 812 2655 propter
835 2610 1119 2647 inobedientiam
1141 2620 1213 2656 qua
1231 2610 1353 2648 divino

290 2663 444 2709 imperio
466 2666 640 2702 contrarii
653 2668 883 2712 exstiterunt,
906 2668 1096 2715 AEgyptios
1113 2669 1250 2715 justam
1266 2679 1352 2716 pro-

291 2723 468 2760 meruisse
483 2724 696 2769 vindictam,
711 2725 872 2772 cogitare
895 2727 1068 2764 debemus
1090 2738 1218 2765 eorum
1237 2729 1356 2766 lsrae-

291 2781 437 2820 litarum
454 2783 705 2821 liberationem
726 2785 771 2821 de
789 2785 967 2832 spirituali
991 2786 1164 2833 AEgypto,
1185 2793 1222 2823 et
1243 2789 1356 2826 intro-

292 2842 497 2881 ductionem
515 2845 554 2881 in
579 2850 717 2882 terram
734 2847 1042 2893 repromissionis,
1060 2848 1123 2883 ubi
1141 2848 1212 2884 mel
1242 2854 1279 2884 et
1298 2849 1354 2884 lac

291 2903 479 2949 spirituale
496 2905 686 2942 credentes
716 2907 851 2954 quique
881 2906 1098 2944 sufficienter
1121 2907 1326 2955 percipiunt
1345 2920 1354 2952 ;

292 2963 523 3012 hostiumque
560 2967 802 3013 spiritualium
825 2969 863 3005 in
886 2968 1116 3016 baptismatis
1136 2970 1231 3007 unda
1249 2996 1259 3014 ,
1289 2979 1355 3017 per

293 3017 441 3061 manum
457 3026 717 3073 omnipotentis
736 3028 815 3074 Dei,
850 3028 1008 3066 validam
1029 3028 1319 3066 intersectionem
1341 3042 1350 3074 ;

290 3090 333 3121 ut
346 3086 383 3122 in
396 3086 455 3124 his
462 3087 633 3125 omnibus
650 3088 831 3133 instructi,
840 3090 960 3137 parati
975 3089 1083 3126 simul
1096 3090 1140 3127 ad
1148 3099 1255 3126 omne
1264 3100 1355 3138 opus

292 3148 441 3184 bonum.
461 3147 549 3186 Post
565 3151 950 3189 commemorationem
965 3162 1053 3199 ergo
1065 3151 1229 3196 Paschae,
1239 3151 1357 3199 sequi-

292 3213 352 3244 tur
371 3218 493 3247 sermo
501 3210 545 3248 de
566 3211 722 3248 transitu
737 3211 893 3249 filiorum
902 3211 1014 3250 lsrael
1030 3222 1077 3250 ex
1085 3211 1256 3260 AEgypto,
1270 3221 1357 3259 pro-

292 3270 387 3308 latus
405 3272 469 3310 ita.

637 3333 792 3372 CAPUT
815 3333 1013 3373 PRIMUM.

292 3403 346 3441 De
367 3407 579 3453 profectione
595 3408 753 3455 filiorum
768 3408 885 3446 Israel
898 3419 942 3446 ex
954 3407 1006 3446 ΛΕ

340 3452 380 3488 iu
401 3450 527 3492 Socoth
560 3456 651 3492 rima
667 3455 871 3501 mansion&
886 3462 922 3494 et
936 3455 1008 3493 ritu

340 3499 408 3535 sito
424 3510 487 3547 per
543 3511 664 3548 oysen.

340 3574 566 3626 Prosmique
581 3585 662 3616 sunt
682 3579 750 3627 filit
762 3579 879 3618 Israel
907 3580 953 3618 de
966 3576 1166 3620 numme·
1151 3592 1191 3618 m
1207 3571 1384 3629 Soccus,>

294 3643 456 3676 amenta
475 3638 585 3687 ferme
614 3639 728 3678 ”tillia
747 3641 904 3688 peditam
923 3642 1093 3688 virorum,
1124 3642 1254 3691 absque
1267 3651 1354 3696 pce-

295 3699 386 3736 nafis
414 3707 448 3737 et
467 3701 695 3748 mulieribus&
714 3703 776 3740 sed
791 3709 825 3741 et
838 3701 964 3752 vulqus
984 3705 1224 3750 promiscuum
1243 3699 1359 3761 ¹¹er

297 3758 467 3798 motabile
482 3763 641 3803 ascendit
652 3774 735 3805 οιιιιι
745 3763 1035 3814 summ-xii).
1057 3757 1135 3814 (Eu
1116 3763 1358 3847 cimbro&

1076 3413 1112 3445 to
1125 3408 1169 3445 de
1185 3407 1354 3446 Rumam

1058 3455 1175 3493 aschae
1183 3454 1232 3492 ibi
1248 3466 1356 3503 expo-

1424 1805 1656 1855 Manisestum
1675 1820 1731 1852 est
1757 1815 1923 1851 homines
1943 1799 2180 1860 significatos,
2201 1812 2276 1848 sive
2296 1812 2332 1848 in
2360 1812 2490 1857 servis,

1425 1877 1502 1914 sive
1517 1877 1553 1912 in
1576 1876 1803 1918 mulieribus,
1825 1876 1903 1911 sive
1920 1875 1957 1911 in
1984 1874 2042 1911 his
2068 1874 2237 1910 aetatibus
2257 1883 2336 1918 quae
2355 1873 2495 1909 militiae

1423 1948 1495 1974 non
1515 1942 1638 1974 essent
1656 1937 1806 1980 idoneae,
1819 1942 1861 1972 ut
1879 1942 2050 1973 sexcenta
2071 1935 2183 1971 millia
2207 1935 2368 1981 peditum
2383 1934 2421 1972 in
2440 1934 2494 1972 eis

1424 2000 1511 2038 solis
1529 1999 1771 2046 intelligamus
1782 1998 1843 2044 qui
1858 2003 2008 2044 possent
2021 1996 2170 2033 militari
2185 1994 2330 2043 agmine
2342 1995 2492 2031 armari.

1425 2061 1544 2106 Quaeri
1566 2066 1688 2097 autem
1714 2059 1807 2096 solet
1825 2065 1946 2095 utrum
1978 2059 2023 2095 ad
2041 2063 2182 2094 tantum
2207 2066 2402 2094 numerum
2420 2056 2494 2093 He-

1423 2123 1511 2159 braei
1527 2122 1737 2169 pervenisse
1752 2121 1939 2167 potuerint
1954 2130 2021 2167 per
2037 2129 2100 2155 eos
2121 2128 2236 2155 annos
2267 2118 2304 2154 in
2318 2117 2492 2165 AEgypto.

1423 2183 1518 2220 Dicit
1536 2183 1632 2220 enim
1658 2182 1709 2218 ita
1730 2182 1766 2218 in
1786 2180 2049 2227 sequentibus.
2071 2179 2256 2215 Habitatio
2270 2184 2387 2214 autem
2401 2177 2495 2224 filio-

1424 2257 1502 2282 rum
1520 2245 1635 2282 Israel
1649 2256 1719 2292 qua
1739 2248 1942 2280 manserant
1956 2243 1993 2278 in
2002 2241 2158 2288 AEqypto
2174 2240 2241 2287 fuit
2257 2239 2494 2287 quadrinqen·

1424 2311 1540 2341 torum
1563 2305 1707 2351 triginta
1723 2314 1912 2339 annorum.
1953 2301 2089 2345 Quibus
2116 2299 2259 2347 expletis
2297 2299 2418 2335 eadem
2436 2298 2493 2335 die

1423 2377 1580 2413 cyressus
1593 2372 1640 2401 est
1657 2365 1769 2402 omnis
1786 2365 1960 2401 exercitus
1976 2363 2122 2399 Domini
2144 2362 2187 2397 de
2207 2361 2302 2397 terra
2326 2360 2489 2408 AEqypti.

1423 2429 1503 2466 Non
1528 2429 1626 2465 enim
1649 2429 1694 2464 ab
1719 2428 1871 2464 introitu
1894 2425 2006 2462 Jacob
2034 2425 2071 2461 in
2089 2423 2287 2471 AEgyptum
2306 2432 2421 2469 usque
2446 2422 2494 2459 ad

1423 2490 1564 2527 exitum
1585 2490 1742 2526 filiorum
1761 2487 1873 2525 lsrael
1894 2488 1937 2524 de
1956 2486 2127 2534 AEgypto,
2149 2484 2314 2531 quisquis
2333 2483 2494 2530 Scriptu-

1422 2563 1484 2589 ras
1505 2562 1630 2589 sacras
1657 2551 1848 2598 diligenter
1881 2547 2094 2596 inspexerit,
2125 2551 2266 2584 tantum
2302 2554 2491 2582 numerum

1424 2622 1602 2649 annorum
1622 2612 1815 2648 invenerit.
1855 2610 2014 2647 Proinde
2032 2609 2093 2644 illa
2111 2607 2494 2652 nimirumicomputa-

1423 2675 1474 2710 tio
1489 2683 1600 2720 quam
1616 2677 1762 2710 secutus
1784 2677 1840 2709 est
1866 2671 2045 2708 Eusebius
2059 2669 2097 2706 in
2110 2668 2272 2706 historiae
2291 2678 2364 2704 suae
2378 2666 2494 2704 Chro-

1425 2734 1526 2777 nico,
1544 2732 1744 2778 perspicuae
1762 2730 1909 2765 veritati
1932 2728 2087 2764 subnixa
2110 2732 2180 2763 est.
2214 2725 2271 2761 Ab
2298 2726 2359 2761 illa
2393 2726 2493 2763 enim

1426 2792 1669 2839 promissione
1690 2794 1878 2835 computat
1894 2788 2179 2835 quadringentos
2199 2791 2236 2824 et
2258 2787 2407 2834 triginta
2424 2799 2492 2826 an-

1426 2862 1506 2895 nos,
1518 2861 1590 2898 qua
1603 2850 1746 2887 vocavit
1760 2849 1857 2886 Deus
1864 2849 2050 2885 Abraham
2070 2853 2112 2885 ut
2124 2847 2241 2886 exiret
2254 2848 2299 2885 de
2313 2854 2411 2886 terra
2426 2859 2492 2886 sua

1426 2912 1465 2949 in
1478 2917 1615 2949 terram
1632 2911 1827 2954 Chanaaiu
1848 2909 1934 2956 quia
1953 2914 1990 2946 et
2009 2908 2204 2958 Apostolus
2234 2919 2318 2946 cum
2334 2907 2492 2947 Abrahae

1426 2972 1592 3008 laudaret
1615 2976 1652 3008 et
1682 2971 1954 3008 commendaret
1973 2970 2098 3014 fidem,
2129 2970 2166 3006 in
2187 2980 2229 3007 ea
2249 2969 2491 3018 promissione

1423 3043 1494 3080 qua
1509 3032 1693 3070 Christum
1713 3033 1790 3070 vult
1806 3033 1959 3081 intelligi
1977 3033 2253 3080 prophetarum,
2279 3033 2316 3070 id
2331 3036 2401 3077 est,
2417 3041 2490 3079 qua

1422 3094 1591 3141 promisit
1623 3095 1717 3131 Deus
1744 3094 1902 3132 Abrahae
1937 3094 2035 3140 quod
2065 3093 2367 3131 benedicerentur
2388 3092 2427 3129 in
2445 3103 2490 3131 eo

1424 3164 1551 3191 omnes
1583 3154 1699 3191 tribus
1735 3159 1853 3191 terrae.
1910 3153 1990 3191 Hoc
2007 3159 2125 3191 autem
2144 3153 2238 3197 dico,
2256 3151 2386 3199 inquit,
2404 3152 2490 3200 quia

1425 3221 1670 3252 testamentum
1700 3227 1722 3251 a
1738 3215 1812 3252 Deo
1832 3215 2094 3262 confirmatum,
2119 3223 2199 3261 quoe
2216 3217 2295 3260 post
2315 3211 2489 3260 quadrini·
2537 3224 2540 3233 ²

1425 3281 1544 3323 gentos
1565 3281 1597 3312 et
1610 3275 1753 3322 triqinta
1769 3286 1881 3313 annos
1889 3275 1987 3323 sacta
2007 3280 2059 3312 est
2081 3273 2154 3318 lex,
2173 3283 2247 3310 non
2265 3272 2424 3319 infirmat
2441 3272 2489 3309 ad

1421 3335 1643 3373 evacuandas
1663 3336 1909 3383 promissiones
1927 3333 2024 3385 (Gal.
2040 3333 2110 3384 ιιι).
2145 3333 2200 3370 Ex
2218 3332 2280 3370 illa
2298 3341 2387 3379 ergo
2403 3341 2491 3380 pro·¹
2532 3330 2540 3337 ’

1421 3396 1596 3433 missione
1632 3406 1703 3444 qua
1722 3402 1874 3434 vocatus
1904 3401 1962 3434 est
1978 3395 2165 3434 Abraham
2184 3399 2224 3432 et
2236 3392 2393 3445 credidit
2411 3391 2491 3445 Deo
2528 3407 2540 3444 -Ι

1422 3461 1505 3504 post
1537 3454 1823 3504 quadringentos
1840 3461 1879 3494 et
1897 3456 2048 3504 triginta
2066 3465 2196 3509 annos
2217 3453 2355 3507 tactam
2356 3451 2395 3509 1..
2413 3467 2477 3505 ty·

1423 3517 1512 3555 dicit
1525 3518 1736 3566 Apostolus,
1767 3528 1839 3556 non
1855 3528 1903 3556 ex
1921 3523 2086 3566 tempore
2143 3568 2146 3569 ⁷
2200 3530 2210 3540 -’
2297 3546 2328 3567 ,,
2351 3551 2357 3566 ,
2462 3558 2466 3563 ,

1424 3578 1462 3615 ιιι
1478 3578 1689 3627 AEgyptum.
1726 3578 1865 3617 Deinde
1878 3578 2002 3617 etiam
2007 3578 2101 3637 ipsa
2112 3616 2115 3619 .
2135 3620 2138 3622 ,
2160 3570 2164 3573 ’
2188 3627 2195 3630 ,
2263 3621 2270 3629 ,
2432 3589 2492 3609 =³v⁴

1427 3641 1474 3678 tis
1487 3641 1558 3679 hoc
1571 3639 1765 3696 significat.
1786 3639 1866 3678 Νοιι
1887 3641 1987 3681 enim
1993 3638 2092 3699 ‹lig-i
2258 3680 2285 3693 ,ι
2359 3684 2364 3691 Α
2426 3627 2433 3636 ’
2503 3660 2521 3699 ’,-

1423 3701 1534 3741 lsrael
1553 3704 1683 3749 quem
1679 3701 1942 3742 incoluerunt
1932 3713 1971 3741 ιιι
1987 3627 2272 3827 &ff
2357 3697 2374 3754 J
2396 3715 2408 3743 ,,·
2515 3734 2517 3740 .

1425 3755 1606 3836 ‹ii-ingenti
1617 3755 1777 3818 triginta,
1786 3763 1851 3802 sed
1867 3752 1993 3822 aperte
