2540 4016
34 0 91 20 ἐτ

37 97 120 151 ἶ”ψ

32 132 141 252 33⁹

59 343 162 380 punc
179 338 297 367 autem
316 330 378 366 lux
400 330 437 365 in
454 327 604 364 Domino
625 323 769 372 (Ephes.
790 320 843 368 v).

66 423 72 430 .
116 392 156 428 In
173 392 230 428 die
249 393 343 438 ergo‘
355 389 519 426 columna
541 395 605 434 per
619 383 752 420 nubem
772 383 971 417 monstrata
991 381 1062 420 est,
1082 382 1120 412 et

57 452 107 494 ,in
125 456 232 488 nocte
249 450 464 498 perignem,
482 447 567 494 quia
585 444 812 490 omnipotens
834 440 945 483 Deus,
964 443 1000 474 et
1017 437 1120 474 blan-

69 513 136 550 dus
154 513 276 560 justis,
304 510 534 554 et5terribilis
561 505 749 560 apparebit
766 503 922 549 injustis.
942 500 1064 538 Justos
1083 499 1120 535 in

63 571 200 617 judicio
214 571 364 608 veniens
382 581 448 618 per
464 568 623 606 lenitatis
646 564 957 602 mansuetudinem
981 559 1120 598 demul-

23 620 27 622 ἢ
69 638 149 674 eet;
183 631 263 668 illos
299 640 385 666 vero
418 639 484 675 per
512 628 691 676 justitiam
721 623 960 662 districtionis
992 624 1121 657 terret.

69 752 262 799 stigatione
279 751 497 795 discussum,
525 749 675 796 intelligi
703 754 740 786 et
759 748 862 784 aliter
877 750 1010 794 potest.
1029 743 1123 787 Quid

69 818 126 850 est
141 822 227 859 ergo
250 811 346 858 quod
369 811 535 847 columna
562 811 684 852 nubis,
703 819 783 855 quae
802 808 839 843 in
868 814 989 842 eremo
1008 812 1123 848 popu-

67 871 142 909 lum
168 871 318 918 praeibat
342 870 532 917 splendore
551 870 657 916 ignis,
674 867 799 903 nonin
815 866 888 908 die,
910 862 974 900 sed
993 862 1030 897 in
1056 871 1122 897 uo-

68 937 126 968 cte
146 932 322 975 radiabat,
352 931 423 967 nisi
449 931 533 976 quia
557 929 775 975 Redemptor
790 929 915 961 noster
941 932 1015 958 suae
1032 931 1121 957 con-

66 993 282 1029 versationis
299 992 477 1038 exemplo,
498 992 668 1027 ducatum
696 985 930 1033 sequentibus
957 994 997 1020 se
1024 993 1120 1029 prae-

67 1059 180 1096 stans,
193 1054 237 1089 de
250 1052 392 1098 J'ustitia
406 1062 470 1088 sua
487 1050 749 1088 conlidentibus
764 1047 862 1084 nulla
879 1047 960 1082 luce
975 1045 1119 1087 claruit,

64 1118 296 1161 peccatorum
345 1121 492 1148 suorum
527 1110 695 1147 tenebras
727 1107 1004 1156 agnoscentibus
1040 1106 1122 1152 igne

66 1173 122 1209 sui
139 1171 273 1209 amoris
296 1169 457 1208 infulsit?

472 1229 623 1267 CAPUT
655 1229 714 1265 lv.

395 1290 449 1327 De
477 1289 580 1326 modo
615 1288 789 1324 tubarum.

112 1351 212 1399 (Car.
238 1350 290 1398 x.)
318 1350 537 1396 Locutusque
561 1354 611 1384 est
631 1348 804 1384 Dominus
825 1346 870 1381 ad
890 1345 1050 1392 Moysen,
1071 1344 1124 1379 di-

65 1423 144 1448 cens
162 1421 173 1446 .·
199 1410 276 1447 Fac
298 1411 360 1446 tibi
378 1411 466 1446 duas
484 1410 584 1446 tubas
606 1414 787 1454 argenteas
808 1405 972 1448 ductiles,
999 1405 1124 1452 quibus

64 1482 254 1507 convocare
272 1472 382 1517 possis
397 1469 670 1511 multitudinem,
695 1468 835 1514 quando
857 1466 1026 1502 movenda
1043 1470 1123 1500 sunt

65 1538 195 1567 castra.
217 1530 371 1577 Cumque
386 1529 599 1575 increpueris
616 1528 723 1571 tubis,
745 1525 1010 1573 conqreqabitur
1028 1524 1074 1560 ad
1093 1531 1125 1560 te

65 1591 179 1625 omnis
211 1590 312 1624 turba
331 1588 376 1624 ad
397 1589 525 1624 ostium
546 1586 764 1622 tabernaculi
789 1585 942 1631 l'oederis.
963 1584 1003 1620 Si
1020 1582 1124 1619 semel

65 1650 275 1696 cffinqueris,
286 1650 517 1684 venientadte
527 1659 642 1683 omnes
658 1648 829 1694 principes
844 1652 876 1682 et
885 1646 999 1692 capita
1010 1645 1126 1680 multi-

65 1713 197 1748 tudinis
207 1705 332 1748 Israel.
344 1710 408 1747 Sin
427 1717 542 1747 autem
557 1710 727 1756 prolixior
737 1715 839 1755 atque
854 1708 1011 1744 concisus
1028 1706 1124 1742 clan-

64 1785 128 1820 90r
148 1774 373 1820 increpuerit,
399 1772 579 1809 movebant
605 1778 720 1806 castra
749 1770 868 1817 primi,
887 1770 946 1815 qui
971 1774 1051 1804 sunt
1078 1767 1124 1803 ad

65 1833 268 1869 orientalem
282 1833 435 1880 plaqam.
451 1832 520 1869 Per
538 1833 627 1868 duas
638 1832 735 1875 enim
749 1830 855 1865 tubas
864 1829 1045 1865 exercitus
1060 1829 1126 1864 due

65 1894 174 1936 citur,
190 1893 273 1938 quia
283 1903 348 1939 per
363 1894 432 1929 duo
446 1893 677 1928 Testamenta
696 1891 772 1926 sive
784 1899 849 1935 per
864 1889 933 1924 duo
946 1893 1125 1934 praecepta

69 1956 274 1998 charitatis,
288 1956 332 1991 ad
346 1956 572 2000 procinctum
583 1950 826 1998 fideipopulus
834 1954 1019 1986 evocatur.
1039 1948 1126 1992 Quae

65 2016 205 2052 idcirco
215 2021 395 2062 argenteae
412 2015 491 2051 fieri
505 2014 777 2061 praecipiuntur,
789 2018 830 2048 ut
844 2011 1125 2058 praedicatorum

66 2136 161 2171 nulla
180 2137 235 2172 sui
257 2136 477 2173 obscuritate
495 2135 728 2172 confundant.
755 2134 893 2170 Idcirco
911 2138 1032 2169 autem
1057 2133 1123 2168 du-

67 2198 183 2241 ctiles,
213 2198 298 2243 quia
315 2208 465 2234 necesse
492 2204 562 2241 est,
593 2202 633 2233 ut
649 2197 698 2239 hi,
719 2197 782 2243 qui
801 2201 993 2232 venturam
1010 2195 1124 2231 vitam

65 2259 286 2303 praedicant,
318 2258 591 2294 tribulationum
630 2257 861 2303 praesentium
893 2256 1124 2295 tunsionibus

67 2324 246 2353 crescant.
275 2319 374 2361 Quod
397 2325 517 2354 autem
533 2318 713 2361 subditur,
735 2317 774 2353 Si
790 2317 893 2353 semel
910 2317 1121 2363 clanqneris,

65 2376 203 2411 veniant
222 2377 268 2412 ad
292 2383 324 2412 te
340 2378 512 2424 principes
530 2384 561 2413 et
591 2378 705 2424 capita
731 2377 966 2412 multitudinis
994 2375 1123 2421 Israel,

67 2436 176 2472 semel
199 2437 293 2473 tubis
312 2441 492 2484 clangere,
515 2442 570 2474 est
588 2438 660 2473 vim
678 2437 780 2473 verbi
806 2437 978 2473 doctrinae
996 2447 1126 2473 secun-

67 2497 151 2533 dum
171 2499 345 2535 unitatem
371 2498 454 2535 fidei
482 2505 518 2535 et
540 2499 774 2535 concordiam
799 2508 927 2534 sensus
955 2498 1126 2534 catholici

67 2558 247 2604 proferre.
290 2560 345 2596 Ad
381 2569 489 2605 quem
530 2560 688 2595 sonitum
727 2559 909 2605 principes
940 2563 977 2594 et
1006 2558 1127 2603 capita

67 2619 308 2655 multitudinis
340 2619 537 2655 convenire
565 2619 711 2661 debent,
747 2618 830 2663 quia
856 2618 959 2653 valde
990 2617 1125 2653 conde-

67 2690 153 2716 cens
169 2685 236 2723 est,
256 2685 296 2716 ut
315 2679 366 2716 illi
395 2679 458 2725 qui
482 2684 643 2725 praesunt
660 2679 815 2722 caeteris,
838 2689 910 2714 una
941 2678 1012 2716 fide
1038 2689 1128 2716 uua-

68 2750 138 2785 que
172 2740 366 2776 dilectione
401 2741 669 2782 convenientes,
703 2739 748 2776 de
767 2739 881 2775 salute
901 2750 965 2775 sua
997 2750 1040 2775 ae
1056 2739 1127 2776 sibi

69 2801 293 2838 subditorum
331 2801 484 2848 pacifice
517 2801 716 2848 disputent,
766 2801 919 2847 aliisque
959 2800 1058 2847 pacis
1091 2806 1127 2836 et

69 2862 269 2898 concordiae
287 2863 422 2899 bonum
440 2862 485 2898 ad
502 2862 710 2908 exemplum
727 2863 930 2908 praebeant,
958 2872 1005 2898 ne
1032 2862 1127 2899 sorte

68 2921 99 2957 si
120 2921 224 2958 aliter
241 2922 452 2964 cecinerint,
480 2922 611 2958 merito
634 2932 696 2957 eos
715 2921 959 2967 reprehendat
979 2927 1125 2970 aposto-

68 2982 137 3019 lica
167 2984 384 3028 auctoritas;
416 2994 497 3030 quae
529 2985 575 3020 ad
596 2983 805 3021 Corinthios
836 2985 1013 3028 scribens,
1046 2985 1123 3021 ait:

69 3041 160 3079 Cum
177 3044 269 3079 enim
293 3044 339 3080 sit
355 3044 446 3080 inter
463 3055 521 3079 vos
539 3043 633 3079 zelus
656 3049 687 3079 et
707 3044 896 3087 contentio,
919 3054 1034 3079 nonne
1046 3055 1128 3083 car-

70 3102 166 3138 nales
182 3103 279 3146 estis,
291 3108 323 3138 et
331 3103 521 3139 secundum
530 3104 705 3140 hominem
713 3102 928 3140 ambulatis?
939 3103 974 3151 (1
985 3103 1067 3141 Gor.
1083 3104 1127 3152 1.)

70 3162 116 3198 Et
135 3163 221 3199 item
239 3174 248 3197 :
275 3162 578 3208 Convenientibus,
597 3165 728 3211 inquit,
757 3165 852 3201 vobis
878 3165 915 3201 in
932 3165 1126 3209 ecclesiam,

70 3225 177 3261 audio
208 3226 300 3261 inter
323 3237 382 3262 vos
420 3227 612 3263 schismata
642 3239 727 3270 esse,
758 3234 791 3264 et
821 3239 864 3263 ea:
893 3233 992 3274 parte
1024 3228 1128 3264 credo

72 3285 106 3334 (1
125 3284 205 3322 Gor.
226 3286 293 3335 xi).
313 3286 386 3324 Sed
414 3288 531 3335 magis
560 3288 648 3325 illud
680 3294 894 3336 sequantur,
916 3289 1014 3336 quod
1032 3289 1128 3326 idem

70 3345 263 3393 Apostolus
298 3348 428 3384 iisdem
464 3349 662 3386 Corinthiis
706 3350 757 3386 ait
784 3363 793 3386 ι
831 3349 980 3387 Obsecro
1011 3357 1129 3387 autem

72 3417 131 3442 vos
145 3418 207 3453 per
223 3418 349 3444 nomen
365 3408 507 3446 Domini
523 3411 636 3446 nostri
651 3411 737 3447 Jesu
755 3410 901 3454 Christi,
919 3417 958 3447 ut
973 3411 1128 3458 idipsum

73 3467 198 3503 dicatis
213 3479 343 3513 omnes,
359 3477 391 3505 et
409 3481 479 3507 non
492 3472 614 3507 sintin
629 3471 722 3508 vobis
739 3472 942 3508 schismata.
963 3472 1049 3508 Sitis
1063 3483 1129 3507 au-

74 3534 142 3565 tem
169 3529 312 3575 perfecti
341 3531 379 3567 in
407 3532 528 3567 eodem
559 3544 663 3569 sensu
693 3539 726 3569 et
759 3533 796 3568 in
827 3532 949 3568 eadem
980 3533 1128 3569 scientia

76 3586 111 3632 (1
136 3586 218 3624 Gor.
230 3589 272 3637 1).
283 3589 380 3628 Beue
391 3596 512 3628 autem
525 3592 670 3636 dicitur,
691 3594 782 3630 Cum
796 3593 961 3630 concisus
982 3592 1129 3639 clangor

76 3645 305 3693 increpuerit,
324 3651 566 3688 movebuntur
583 3660 728 3690 castra:
748 3653 833 3700 quia
858 3652 1031 3689 nimirum
1045 3662 1129 3689 cum

78 3703 245 3742 subtilius
265 3717 309 3745 ae
324 3709 498 3748 minutius
513 3699 780 3759 praedicationis
796 3722 919 3750 sermo
935 3718 1125 3758 tractatur,

79 3762 284 3820 auditorum
309 3771 451 3804 mentes
479 3774 607 3810 eontra
645 3771 887 3810 tentationum
925 3772 1127 3811 certamina

343 3826 528 3870 Parnoi..
549 3821 710 3871 cvl11.'

20 3924 103 4016 il-

556 171 915 230 ENARRATIONES
938 185 983 222 IN
1007 184 1183 222 LIBRUM
1206 182 1516 221 NUMERORUM.
1541 204 1588 212 —
1609 187 1695 224 Lm,
1721 188 1763 224 ιι,

42 246 255 318 &sutoribus
272 270 406 309 Paulus
437 268 524 307 dicit
544 279 552 303 :
586 264 721 301 Fuistis
741 260 930 309 aliquando
951 258 1115 302 tenebroe,
1135 260 1169 298 A
1181 256 1373 298 ,ardentius
1387 256 1606 292 excitantur.
1622 257 1822 300 Movelmnt,
1838 259 1969 304 inquit,
1983 271 2100 305 cama
2110 269 2234 315 primi,
2283 258 2286 261 Α

57 692 226 745 ¹Rursum
249 692 293 728 de
317 691 386 727 hac
403 691 570 728 columna
595 690 689 737 ignis
705 694 748 725 fet
766 687 873 724 nubis
887 684 1010 722 subtili
1018 684 1124 720 ‹inve-

1256 130 1279 151 θ

2162 193 2232 231 650

1185 317 1245 362 qui
1274 322 1356 352 sunt
1384 316 1430 352 ad
1459 315 1664 352 orientalem
1693 315 1849 362 plagam.
1884 318 2038 362 Quinam
2074 334 2158 364 sunt
2182 329 2236 366 im

1185 377 1248 424 qui
1265 378 1310 414 ad
1342 378 1555 415 orientalem
1584 377 1727 424 plagam
1759 384 1878 414 castra
1906 388 2065 426 movent,
2097 387 2168 424 nisi
2197 391 2239 427 hi

1187 438 1317 485 quibus
1345 438 1408 475 lux
1450 438 1534 475 fidei
1567 439 1725 485 primum
1759 438 1888 475 fulsit?
1924 439 2108 480 Ordinatis
2153 456 2240 494 ergo

1188 499 1373 545 Evangelii
1398 499 1711 546 praedicatoribus,
1734 499 1894 544 primum
1921 498 2088 538 Salvator
2106 512 2243 548 praeoe.

1187 559 1268 606 pit':
1290 559 1337 595 In
1353 559 1444 595 viam
1464 560 1618 606 gentium
1639 570 1681 595 ne
1699 559 1869 603 abieritis,
1889 566 1922 596 et
1946 562 1984 596 in
2000 562 2153 600 civitates
2173 563 2244 601 Sa-

1189 620 1445 655 maritanorum
1475 630 1517 655 ne
1535 620 1764 663 intraveritis,
1785 620 1846 656 sed
1872 622 1989 666 potius
2018 622 2064 657 ite
2082 623 2129 658 ad
2149 635 2240 669 oves,

1189 689 1267 726 quae
1293 680 1470 726 perierunt
1500 679 1626 716 domus
1646 679 1762 716 Israel
1793 680 1939 728 (Matth.
1972 681 2036 729 x):
2059 683 2188 729 quibus
2207 691 2245 721 et

1190 739 1267 785 ipsa
1293 738 1438 777 Veritas
1471 740 1749 786 praesentialiter
1780 740 1878 779 inter
1912 751 1974 778 eos
2007 736 2243 788 eonve‘rsans,

1190 799 1423 847 Evangelium
1443 801 1675 847 praedicabat,
1706 801 1769 838 sed
1799 803 1965 848 passione
1993 803 2246 852 Redemptoris

1190 861 1305 897 nostri
1336 871 1378 897 ac
1417 862 1684 899 resurrectione
1716 868 1937 908 perpetrata,
1971 865 2064 901 idem
2090 865 2246 903 Redem-

1189 926 1272 966 ptor
1290 931 1469 967 apparens
1500 921 1687 968 discipulis
1721 922 1798 958 ait:
1819 922 1913 959 Data
1942 930 1993 959 est
2025 925 2111 961 mihi
2133 928 2246 963 omnis

1190 987 1342 1026 potestas
1359 984 1396 1017 in
1409 983 1494 1018 coelo
1518 989 1549 1018 et
1573 984 1611 1018 in
1627 990 1734 1018 terra.
1756 984 1889 1020 Euntes
1913 996 2008 1032 erqo,
2030 987 2148 1023 docete
2167 999 2244 1023 om-

1191 1052 1250 1076 nes
1273 1048 1402 1087 qentes,
1422 1043 1636 1087 baptizantes
1657 1054 1714 1079 eos
1741 1045 1778 1079 in
1803 1045 1941 1080 nomine
1962 1045 2082 1083 Patris
2110 1056 2142 1084 et
2159 1048 2191 1082 F
2194 1049 2246 1084 ilii

1193 1105 1223 1135 et
1245 1099 1401 1146 Spiritus
1418 1102 1532 1137 sancti
1551 1101 1696 1148 (Matth.
1726 1103 1870 1151 xxvm).
1893 1105 2024 1142 Tribus
2040 1117 2129 1154 ergo
2157 1108 2248 1144 Juda

1142 1155 1174 1193 B
1193 1171 1275 1198 cum
1290 1162 1444 1206 caeteris,
1477 1162 1539 1208 qui
1572 1173 1695 1198 secum
1731 1164 1777 1200 ad
1811 1164 1988 1203 orientem
2022 1167 2247 1212 habitabant,

1191 1221 1350 1267 primum
1367 1226 1488 1256 castra
1520 1223 1708 1266 movebat;
1728 1223 1858 1260 deinde
1886 1230 2026 1263 caeterae
2054 1228 2169 1264 tribus
2197 1240 2251 1265 se-

1193 1282 1350 1318 cundum
1381 1282 1546 1322 ordinem
1572 1293 1677 1320 suum
1711 1296 1719 1319 ε
1747 1285 1831 1331 quia
1862 1286 2021 1332 primum
2053 1286 2090 1324 in
2124 1289 2247 1326 Judaea

1192 1342 1353 1387 oportuit
1378 1342 1580 1379 Ecclesiam
1605 1344 1828 1391 primitivam
1851 1348 2026 1392 construi,
2048 1349 2178 1386 deinde
2202 1362 2246 1387 ex

1193 1405 1333 1442 cunctis
1355 1416 1420 1452 per
1441 1407 1567 1443 orbem
1585 1408 1791 1444 nationibus
1809 1415 1933 1455 gentes
1961 1411 2007 1447 ad
2034 1411 2139 1448 fidem
2163 1424 2249 1449 con-

1193 1467 1331 1502 vocari.
1353 1466 1506 1511 Quando
1538 1473 1659 1504 autem
1692 1470 1967 1517 congregandus
1994 1478 2050 1508 est
2083 1474 2247 1519 populns,

1193 1526 1348 1573 simplici
1369 1529 1534 1565 tubarum
1553 1528 1722 1576 clangore
1742 1535 1777 1566 et
1795 1541 1867 1566 non
1882 1532 2028 1568 concise
2046 1533 2246 1569 ululabunt.

1192 1586 1231 1622 ln
1251 1587 1510 1625 convocatione
1534 1589 1656 1635 populi
1677 1590 1827 1636 simplex
1848 1591 2014 1627 tubarum
2033 1593 2194 1639 clangor,
2214 1601 2250 1630 et

1193 1659 1266 1685 non
1283 1650 1450 1686 concisus
1470 1660 1551 1686 esse
1563 1650 1725 1695 jubetur,
1742 1652 1826 1696 quia
1844 1652 1906 1698 qui
1931 1653 2153 1689 multitudini
2168 1665 2247 1689 ver-

1192 1711 1280 1746 bum
1301 1710 1386 1747 fidei
1418 1712 1606 1758 praedicat,
1646 1712 1801 1759 simplici
1834 1719 1871 1749 et
1906 1719 2030 1760 aperta
2070 1714 2251 1750 locutione

1194 1770 1299 1807 (lebet
1326 1772 1393 1815 uti,
1425 1779 1604 1818 quatenus
1626 1783 1668 1810 ea
1696 1784 1775 1819 quae
1795 1774 1964 1811 dicuntur
1988 1775 2091 1811 multi
2121 1776 2252 1812 intolli-

1193 1836 1293 1876 gant,
1314 1837 1351 1868 et
1370 1833 1471 1868 multi
1491 1834 1574 1870 inde
1592 1834 1832 1878 aedificentur,
1852 1845 1896 1871 ne
1922 1835 2014 1871 torte
2034 1837 2063 1872 si
2082 1837 2246 1872 obscurae

1193 1889 1366 1927 locutioni
1382 1894 1507 1928 doctor
1523 1904 1670 1938 operam
1693 1895 1848 1938 dederit,
1870 1901 1906 1931 et
1925 1896 2046 1942 ignota
2066 1897 2175 1932 verba
2195 1898 2249 1932 in-

1193 1951 1425 1995 terposuerit,
1443 1952 1585 1988 auditor
1604 1954 1681 1990 sine
1696 1954 1813 1990 fructu
1837 1955 2095 1997 aedificationis,
2114 1967 2249 1993 vacuus

1194 2010 1277 2046 inde
1294 2012 1449 2047 recedat.
1480 2012 1573 2049 Hinc
1593 2020 1629 2049 et
1652 2014 1777 2051 doctor
1794 2016 1953 2061 gentium
1972 2017 2188 2062 quibusdam
2207 2019 2251 2054 de

65 2076 207 2122 eloquia
243 2077 361 2118 nitore
395 2075 611 2122 refulgeant,
650 2079 687 2110 et
723 2074 928 2110 auditorum
962 2076 1122 2108 mentem
1141 2061 1171 2103 C
1192 2071 1395 2117 linguarum
1416 2073 1625 2110 diversitate
1649 2074 1886 2121 gloriantibus
1917 2077 1992 2112 ait:
2028 2075 2190 2120 Fratres,
2221 2080 2251 2113 si

1191 2144 1316 2169 venero
1352 2135 1398 2170 ad
1432 2146 1490 2171 vos
1515 2135 1646 2183 linquis
1673 2136 1831 2183 loquens,
1864 2137 1947 2184 quid
1974 2138 2067 2173 uobis
2089 2139 2252 2185 prodero,

1192 2195 1261 2230 nisi
1288 2195 1382 2231 vobis
1407 2196 1544 2244 loquar,
1569 2203 1631 2233 aut
1658 2199 1696 2234 in
1716 2198 1936 2243 revelatione,
1959 2206 2019 2235 aut
2037 2201 2073 2236 in
2092 2201 2251 2244 scientia,

1192 2260 1254 2291 aut
1273 2256 1310 2291 in
1331 2257 1526 2304 prophetia,
1545 2264 1606 2294 aut
1625 2258 1663 2294 in
1691 2258 1883 2294 doctrina?
1904 2258 2048 2303 Tamen,
2072 2271 2150 2307 quce
2178 2261 2253 2296 sine

1194 2316 1312 2351 anima
1331 2322 1410 2351 sunt
1428 2328 1545 2353 vocem
1565 2317 1703 2362 dantia,
1724 2319 1793 2353 sive
1808 2318 1904 2360 tibia,
1923 2319 1992 2354 sive
2010 2320 2159 2361 cithara,
2181 2319 2248 2354 nisi

1193 2375 1450 2411 distinctionem
1478 2377 1614 2412 sonitus
1646 2378 1829 2422 dederint,
1858 2379 2031 2424 quomodo
2063 2379 2191 2415 scietur
2215 2379 2251 2413 id

1193 2435 1286 2481 quod
1306 2436 1457 2479 canitur,
1483 2442 1544 2472 aut
1576 2438 1837 2473 citharizatur?
1856 2437 1996 2474 Etenim
2029 2441 2060 2474 si
2084 2441 2252 2475 incertam

1193 2505 1310 2530 vocem
1326 2495 1384 2530 det
1402 2495 1497 2538 tuba,
1517 2496 1595 2542 quis
1613 2498 1751 2542 parabit
1769 2508 1805 2533 se
1822 2498 1867 2532 ad
1886 2498 2012 2533 bellum
2028 2499 2045 2533 ,⁹
2058 2499 2116 2535 Ita
2134 2507 2165 2535 et
2189 2511 2248 2536 vos

1193 2565 1254 2601 per
1268 2554 1437 2600 linquam,
1449 2556 1517 2591 nisi
1532 2556 1756 2602 manifestum
1766 2568 1958 2593 sermonem
1966 2559 2145 2604 dederitis,
2163 2573 2246 2607 quo·

1193 2615 1296 2650 modo
1312 2616 1442 2651 scietur
1464 2616 1500 2651 id
1524 2617 1616 2662 quod
1633 2617 1793 2653 dicitur?
1809 2619 1854 2654 Et
1878 2619 1965 2655 item
1989 2632 1997 2654 ε
2028 2620 2121 2663 Quid
2143 2633 2246 2668 erqo,

1194 2675 1326 2722 inquit,
1349 2682 1399 2713 est
1422 2676 1581 2721 fratres?
1600 2677 1688 2713 Cum
1719 2680 1919 2721 convenitis,
1942 2683 2179 2728 unusquisque
2199 2694 2251 2718 ve·

1193 2743 1303 2772 strum
1326 2737 1502 2784 psalmum
1519 2738 1634 2782 habet,
1662 2739 1859 2775 doctrinam
1875 2740 1990 2784 habet,
2006 2742 2249 2789 apocalypsim

1194 2796 1311 2841 habet,
1334 2797 1492 2844 linquam
1515 2798 1632 2842 habet,
1655 2799 1976 2846 interpretationem
1996 2801 2112 2845 habet,
2134 2804 2252 2839 omnia

1194 2857 1240 2892 ad
1255 2858 1525 2903 (edificationem
1537 2860 1627 2905 fiant
1645 2859 1682 2908 (1
1701 2859 1783 2896 Gor.
1803 2860 1892 2907 xiv).
1904 2861 2077 2905 Quamvis
2094 2864 2193 2899 enim
2211 2864 2250 2900 in

1196 2919 1301 2955 bonis
1319 2920 1529 2958 doctoribus
1548 2927 1649 2958 tanta
1668 2922 1819 2959 docendi
1846 2934 1933 2959 cura
1948 2925 1996 2960 sit
2011 2925 2069 2960 vel
2084 2935 2164 2962 esse
2192 2927 2254 2962 de-

1197 2980 1296 3024 beat,
1314 2987 1354 3017 ut
1370 2982 1534 3026 verbum,
1554 2983 1636 3030 quia
1661 2984 1769 3021 nimis
1788 2985 1982 3021 obscurum
1999 2986 2046 3022 sit
2062 2987 2119 3022 vel
2138 2988 2253 3024 anibi-

1198 3041 1503 3088 guum,Latinum
1514 3053 1678 3080 essenon
1698 3045 1826 3091 possit,
1848 3046 1944 3092 vulgi
1957 3051 2076 3083 tamen
2085 3047 2137 3083 sic
2150 3058 2252 3085 more

1199 3102 1355 3147 dicatur,
1365 3109 1406 3140 ut
1423 3105 1644 3152 ambiguitas
1661 3106 1935 3152 obscuritasque
1944 3107 2079 3143 vitetur
2093 3119 2100 3142 :
2118 3118 2188 3143 non
2199 3108 2253 3143 sic

1199 3162 1355 3207 dicatur,
1375 3169 1416 3200 ut
1434 3175 1456 3200 a
1473 3165 1603 3209 doctis,
1624 3165 1688 3202 sed
1716 3166 1837 3212 potius
1858 3171 1897 3200 ut
1925 3166 1969 3201 ab
1996 3165 2151 3201 indoctis
2179 3165 2249 3200 dici

1200 3224 1303 3262 solet.
1353 3224 1447 3270 Quid
1488 3226 1585 3262 enim
1626 3226 1774 3271 prodest
1811 3225 2003 3261 locutionis
2033 3225 2223 3270 integritas
2237 3252 2247 3268 ,

1198 3297 1307 3333 quam
1335 3297 1408 3323 non
1434 3286 1598 3332 sequitur
1619 3284 1822 3321 intellectus
1850 3283 2042 3326 audientis,
2076 3293 2158 3319 cum
2194 3283 2248 3321 lo-

1197 3350 1332 3396 quendi
1351 3349 1498 3385 omnino
1520 3347 1619 3384 nulla
1644 3347 1690 3383 sit
1715 3355 1839 3389 causa,
1873 3345 1936 3381 sed
1965 3345 2061 3390 quod
2090 3345 2250 3392 loquitur

1197 3421 1270 3446 non
1291 3409 1506 3455 intelligunt,
1542 3413 1688 3453 propter
1721 3415 1811 3451 quos
1835 3409 1873 3440 ut
1898 3405 2099 3452 intelligant
2129 3406 2248 3454 loqui-

1197 3470 1303 3505 mur?
1321 3468 1388 3511 Qui
1408 3477 1494 3513 ergo
1513 3466 1631 3508 docet,
1650 3465 1780 3500 vitabit
1805 3464 1928 3501 omnia
1944 3466 2055 3502 verba
2074 3477 2155 3513 quae
2173 3478 2246 3505 non

1199 3528 1340 3564 docent.
1372 3527 1417 3562 Et
1435 3527 1466 3562 si
1485 3535 1550 3571 pro
1578 3526 1634 3560 his
1656 3524 1789 3570 aliqua,
1818 3534 1898 3571 quae
1918 3525 2170 3573 intelliguntur
2187 3529 2247 3564 in·

1199 3594 1300 3634 tegra
1323 3591 1444 3633 potest
1475 3585 1610 3627 dicere,
1635 3585 1672 3620 id
1693 3584 1808 3631 magis
1832 3585 1950 3632 eliget.
1973 3586 2010 3622 si
2031 3590 2153 3624 autem
2176 3597 2247 3624 non

1198 3650 1332 3696 potest,
1354 3645 1428 3682 sive
1444 3644 1530 3690 quia
1542 3653 1614 3680 non
1635 3649 1730 3686 sunt,
1750 3644 1826 3681 sive
1838 3644 1876 3680 in
1891 3636 2086 3692 prdsentia
2102 3655 2175 3685 non
2191 3656 2250 3684 oe-

1198 3710 1362 3749 currunt‚
1382 3709 1505 3741 utetur
1536 3703 1646 3740 etiam
1679 3703 1797 3741 verbis
1818 3703 1939 3741 miuus
1967 3704 2133 3751 integris,
2161 3703 2249 3741 dum

1200 3777 1320 3807 tamen
1344 3775 1403 3804 res
1434 3765 1513 3812 ipsa
1549 3763 1721 3802 doceatur
1756 3769 1865 3811 atque
1896 3763 2056 3813 discatur
2088 3763 2243 3817 integre.
