2540 4016
71 148 139 185 281

690 137 1029 179 EXPOSITIONES
1055 135 1102 174 ΙΝ
1128 134 1396 176 LEvl‘rtctm.
1424 159 1473 168 —
1497 141 1588 178 LlB.
1614 141 1644 177 1.

2190 149 2262 187 282

69 226 220 263 dicens:
241 223 281 260 Si
297 220 487 270 peccaverit
503 219 637 262 anima,
657 226 887 263 nequaquam
907 214 1059 257 addidit,
1084 213 1128 249 de
1144 212 1398 253 Avenantium
1426 215 1542 263 (Psat.
1572 217 1716 264 cxxnt).
1745 217 1812 256 Hie
1839 229 1926 267 ergo
1952 223 2160 265 immundus
2188 240 2262 267 nou

69 286 200 333 populo
227 290 346 327 terrae,
379 287 416 319 et
442 280 657 322 rectissime,
687 277 775 314 dicit
800 277 898 314 enim
926 280 1075 322 peccata
1103 285 1125 312 a

70 350 201 396 quibus
230 355 376 384 neeesse
408 345 478 389 sit,
509 342 707 380 seeundum
737 340 833 387 quod
866 340 917 375 ait
946 337 1121 382 Jacobus,

69 409 172 444 etiam
195 409 257 444 hos
276 407 336 454 qui
351 411 434 442 'sunt
457 415 500 441 ex
516 404 674 452 qentibus
697 402 883 445 abstinere,
907 400 944 435 id
963 406 1027 444 est,
1045 400 1124 436 ido-

69 468 215 512 lothitis,
232 474 264 505 et
280 467 472 514 suffocatis,
493 471 526 502 et
545 463 713 511 sanquine
729 469 762 499 et
779 462 1010 509 fornicatione
1026 460 1119 508 (Act.

67 539 127 573 xv,
147 530 236 577 xxi).
265 528 305 566 ln
332 529 389 566 his
414 528 511 564 enim
536 526 697 563 invenies
716 525 902 571 sequentia
924 533 1122 561 connume-

67 597 158 627 rata.
186 592 320 628 Deinde
349 591 513 637 superius
532 589 626 636 quod
656 594 711 625 est
738 593 926 634 peccatum
951 586 1122 622 uniuscu-

61 651 192 699 jusque
210 663 274 698 per
292 653 524 699 semetipsum
550 650 802 696 delinquentis,
829 654 864 685 et
882 648 977 694 quod
998 658 1063 694 per
1083 657 1122 684 se

65 714 145 761 quis
173 716 284 759 gessit
310 715 540 760 designatur;
569 714 629 750 hic
655 718 778 749 autem
807 722 888 748 enm
909 710 969 756 qui
993 710 1120 746 alienis

62 776 222 822 peccatis
234 777 528 820 communicavit,
545 777 782 817 demonstrat,
802 775 870 810 hoe
883 774 979 809 enim
1001 778 1119 809 taetus

63 837 252 880 immundi,
274 843 309 873 et
326 838 520 882 morticini,
542 843 578 874 et
598 848 618 872 a
638 836 753 872 bestia
773 835 869 881 eapti
893 835 1023 877 innuit,
1046 844 1118 870 non

60 906 125 943 per
155 898 359 944 aenigmata,
387 900 450 935 sed
480 903 602 944 aperte
632 905 816 941 exponens
847 896 942 940 quod
971 895 1117 940 quidam

61 958 278 1004 despiciunt,
299 960 333 994 id
351 964 419 1001 est,
440 958 587 993 alterius
605 957 640 991 in
660 965 822 991 errorem
838 955 1027 997 mittentis,
1046 964 1116 990 non

59 1028 211 1064 arguere
243 1028 428 1061 errorem,
466 1017 528 1053 sed
557 1027 771 1053 consensum
803 1017 976 1063 praebere.
1013 1016 1116 1053 Nunc

58 1090 144 1126 ergo
161 1078 317 1114 ostendit
341 1078 422 1124 quia
442 1083 477 1114 et
505 1079 542 1113 in
570 1079 638 1114 boc
665 1078 897 1119 oblationem.
915 1071 995 1114 eam
1015 1078 1115 1114 vide-

1197 281 1266 320 est,
1289 277 1353 313 sed
1372 277 1538 324 quaedam
1559 277 1792 323 differentiae,
1817 279 1913 317 idem
1932 287 2132 325 seeundum
2147 289 2258 335 Lxx,

1196 338 1475 375 morticinorum
1501 339 1629 385 positae
1648 345 1753 385 sunt,
1778 341 1822 377 de
1841 341 1972 387 quibus
1989 347 2152 390 quaedam
2169 350 2260 388 dixit

1194 408 1276 435 esse
1294 409 1440 445 pecora,
1462 402 1625 448 quaedam
1644 413 1732 440 vero
1762 403 2064 443 abominationes.
2096 407 2259 448 Moitiei-

1194 470 1281 496 num
1305 467 1426 498 autem
1456 473 1566 509 pecus
1594 469 1650 500 est
1681 468 1803 509 homo,
1827 465 1889 512 qui
1921 476 1987 512 per
2017 467 2260 514 insipientiam

1192 532 1362 569 peccans,
1392 529 1430 560 et
1459 525 1639 570 pecudum
1672 532 1797 563 contra
1833 527 1950 575 legem
1980 528 2093 565 vitam
2113 530 2257 577 vivens;

1194 585 1480 623 abominationes
1499 592 1621 623 autem
1642 588 1852 632 immundae,
1877 590 1989 626 veluti
2010 601 2119 628 canes
2148 597 2185 628 et
2204 594 2260 629 si-

1193 645 1276 681 miae
1293 651 1330 682 et
1349 657 1576 694 quaeeunque
1597 648 1683 684 talia
1710 654 1795 685 sunt
1822 650 1866 686 de
1892 651 2109 687 animalibus
2138 653 2260 699 appel-

1192 705 1331 750 lantur,
1365 718 1445 753 quae
1479 708 1590 744 etiam
1622 709 1668 745 ab
1697 709 1904 747 infidelibus
1937 711 2168 756 colebantur,
2202 714 2259 750 vel

1192 768 1376 812 quodlibet
1399 769 1548 815 reptile,
1570 770 1606 806 id
1631 776 1706 815 est,
1728 773 1822 817 quod
1843 783 1952 819 super
1969 779 2133 810 ventrem
2153 786 2258 812 suum

1193 831 1361 866 trahitur.
1385 831 1480 878 Ergo
1498 843 1565 878 per
1582 834 1672 875 haee,
1697 839 1768 869 tam
1798 834 2009 873 idololatras
2029 837 2258 882 apertissime

1190 891 1370 937 significat
1384 903 1490 938 quam
1513 894 1548 929 in
1567 894 1637 930 alio
1657 894 1752 931 malo
1771 895 1945 938 viventes,
1968 896 2004 932 id
2022 902 2092 941 est,
2113 898 2148 933 in
2159 896 2257 935 ‘dolis

1188 957 1225 986 et
1244 953 1279 987 in
1298 954 1448 999 rapinis,
1470 964 1534 990 seu
1551 955 1587 990 in
1609 955 1690 992 aliis
1707 956 1988 1001 cupiditatibus;
2012 958 2068 994 his
2089 959 2256 997 omnibns

1188 1013 1218 1049 si
1242 1013 1323 1059 quis
1343 1019 1439 1050 tactu
1458 1017 1799 1058 communicaverit,
1826 1024 1862 1053 et
1879 1019 2011 1055 oblitus
2030 1019 2159 1063 suerit,
2182 1020 2253 1063 vel,

1187 1074 1281 1110 sicut
1311 1074 1408 1110 Lxx
1429 1075 1573 1118 dicunt,
1603 1075 1747 1111 latuerit
1774 1077 1896 1121 illum,
1922 1080 2092 1123 quoniam
2121 1080 2255 1116 obliv10

55 1139 138 1175 licet
157 1149 236 1184 quae
255 1140 299 1175 ad
320 1139 541 1185 poenitentiae
570 1139 833 1176 ahsolutionem
862 1140 1020 1185 pertinet
1050 1149 1115 1175 ne-
1134 1131 1166 1170 Β
1186 1134 1329 1177 animae‚
1352 1140 1386 1169 et
1402 1135 1607 1171 obscuritas
1627 1137 1774 1179 mentis,
1794 1137 1868 1172 Sive
1889 1138 1984 1173 actio
2003 1138 2110 1181 mala,
2132 1138 2254 1184 inqui-

56 1200 249 1236 cessariam
268 1200 478 1237 habeamus.
501 1201 542 1237 Si
559 1202 748 1248 peccaverit
765 1201 896 1244 anima,
914 1207 946 1236 et
963 1201 1115 1237 audierit

54 1272 168 1297 vocem
179 1262 349 1308 jurantis,
367 1265 529 1310 testisque
545 1263 650 1307 suerit
664 1263 756 1310 quod
775 1269 834 1299 aut
849 1264 920 1310 ipse
938 1263 1035 1307 vidit,
1054 1269 1115 1300 aut

54 1323 210 1360 conscius
234 1325 292 1368 sit,
315 1325 351 1360 id
371 1329 438 1367 est,
464 1325 493 1360 si
511 1324 631 1370 aliquo
651 1324 787 1360 furtum
818 1330 880 1361 aut
906 1325 1026 1362 dolum
1057 1326 1113 1361 sa-

54 1385 183 1429 ciente,
204 1391 241 1421 et
264 1384 517 1431 jusjurandum
536 1396 601 1432 pro
621 1387 674 1422 eis
694 1387 813 1428 dante,
836 1387 962 1424 videns
982 1387 1113 1432 aliquis

54 1448 189 1485 furtum
214 1449 270 1485 vel
299 1449 418 1486 dolum
447 1460 553 1496 quem
584 1449 688 1494 feeit,
719 1450 777 1486 vel
806 1451 910 1486 aliter
946 1450 1114 1486 conscius

54 1511 149 1556 quod
168 1510 259 1546 salso
285 1512 396 1557 juret,
425 1522 495 1548 non
519 1513 729 1558 prodiderit,
751 1512 909 1557 portabit
938 1512 1112 1558 iniquita-

54 1577 139 1607 tem.
161 1572 205 1607 Et
223 1578 322 1608 reete
341 1586 348 1607 2
371 1583 454 1608 nam
471 1574 528 1609 cui
546 1573 648 1608 licuit
665 1583 816 1620 arguere
836 1578 1046 1619 peccatum,
1078 1578 1114 1609 et

54 1634 155 1677 texit,
178 1633 319 1678 adjutor
337 1635 414 1681 ejtis
433 1635 556 1680 procul
578 1635 687 1670 dubio
710 1633 826 1671 sactus
846 1640 920 1678 est;
945 1635 1005 1680 qui
1025 1645 1111 1671 vero

53 1695 246 1731 auxiliatus
265 1700 339 1738 est,
366 1695 402 1730 in
426 1696 658 1740 semetipsum
675 1700 863 1741 peecatum
888 1695 1012 1730 traxit.
1034 1694 1112 1731 Non

52 1756 168 1791 solum
187 1761 305 1792 autem
326 1756 490 1801 praedicti
518 1756 658 1801 peccati
680 1755 948 1791 immunditiam
968 1755 1110 1791 evitan-

51 1816 132 1852 dam
148 1816 299 1862 putavit,
321 1815 382 1851 sed
402 1820 438 1851 et
458 1816 486 1850 si
509 1815 589 1861 quis
609 1815 766 1861 tetigerit
786 1825 930 1850 omnem
949 1825 1026 1851 rem
1044 1815 1111 1850 im-

50 1878 232 1921 mundam,
254 1883 315 1913 aut
333 1877 573 1919 morticinam,
593 1882 654 1912 aut
674 1887 693 1912 a
710 1876 837 1912 bestiis
854 1882 1011 1921 captam,
1038 1886 1110 1911 non

55 1938 231 1983 corporis,
249 1939 310 1974 scd
327 1938 379 1973 rei
412 1938 617 1974 immundas
645 1938 806 1973 actiones
823 1937 1027 1973 'ostendere
1048 1947 1110 1972 cu-

47 1999 160 2045 piens,
194 2010 262 2036 nec
286 2000 366 2036 illas
396 2000 641 2036 immunditias
671 2010 759 2045 quas
786 1998 991 2035 Judaeorum
1019 2009 1106 2045 gens

1186 1196 1286 1231 natio
1305 1202 1373 1239 est,
1395 1196 1431 1231 in
1452 1197 1580 1232 borum
1600 1202 1711 1241 tactu,
1732 1198 1767 1234 id
1784 1203 1851 1242 cst,
1872 1199 1928 1234 vel
1943 1199 1979 1234 in
1998 1209 2042 1235 eo
2059 1201 2155 1246 qnod
2173 1201 2254 1247 quis

1184 1257 1262 1293 baec
1296 1258 1530 1304 operantibus
1566 1259 1836 1295 conniventiam
1868 1261 2026 1306 praebet,
2059 1261 2115 1297 vel
2144 1262 2179 1297 in
2210 1271 2254 1298 eo

1184 1319 1279 1365 quod
1309 1320 1452 1366 placent
1472 1320 1572 1363 talia,
1595 1322 1712 1357 modis
1732 1322 1901 1358 omnibus
1927 1323 2112 1368 polluitur,
2135 1324 2198 1360 sed
2217 1328 2254 1360 et

1184 1379 1213 1415 si
1232 1380 1393 1427 tetigerit
1412 1381 1597 1426 quippiam
1618 1382 1662 1417 de
1691 1382 1921 1418 immunditia
1948 1384 2106 1420 hominis
2120 1412 2129 1428 ,
2147 1385 2252 1432 juxta

1184 1450 1328 1476 onmem
1359 1441 1606 1486 impuritatem
1634 1452 1703 1487 qua
1734 1442 1842 1488 pollui
1870 1443 1961 1479 solet
1990 1445 2034 1481 de
2063 1447 2161 1481 omni
2189 1447 2253 1481 im-

1183 1501 1359 1536 munditia
1381 1502 1470 1548 ejus,
1493 1512 1745 1549 quamcunque
1767 1509 1918 1551 tangens
1941 1505 2099 1551 pollutus
2126 1506 2250 1543 suerit.

1183 1560 1278 1596 Dicit
1311 1565 1430 1596 autem
1467 1563 1667 1598 secundum
1701 1563 1860 1599 litteram
1899 1575 1961 1600 eos
1999 1566 2062 1611 qui
2103 1566 2251 1603 seminis

1181 1620 1318 1657 fluxum
1339 1623 1539 1668 patiuntur,
1559 1630 1594 1660 et
1615 1630 1877 1670 menstruatas,
1896 1632 1931 1661 et
1951 1628 2126 1672 quosdam
2145 1630 2249 1673 alios,

1183 1684 1227 1720 de
1244 1684 1376 1730 quihus
1406 1685 1575 1721 subtilius
1595 1685 1672 1732 ipse
1691 1686 1877 1733 legislator
1902 1687 2008 1733 paulo
2036 1694 2118 1734 post
2145 1690 2248 1734 dixit,

1181 1746 1218 1782 in
1254 1747 1385 1792 quibus
1425 1747 1557 1783 horum
1594 1749 1857 1794 expositionem
1891 1751 2117 1787 servavimus
2135 1779 2143 1794 ,
2182 1753 2251 1789 boe

1181 1808 1407 1845 solummodo
1443 1820 1538 1845 nunc
1569 1820 1635 1856 pro
1669 1811 2015 1847 commemoratione
2046 1818 2247 1858 ponentes,

1180 1871 1276 1914 quod
1295 1881 1366 1906 non
1382 1871 1501 1906 omnis
1519 1871 1751 1907 immunditia
1771 1871 1928 1907 bominis
1946 1871 2075 1917 polluit
2096 1878 2248 1919 tangen-

1179 1937 1265 1968 tem.
1291 1933 1448 1978 Ideoque
1472 1933 1568 1968 enim
1590 1934 1680 1969 dixit
1701 1946 1708 1969 :
1727 1934 1831 1979 juxta
1851 1945 1987 1970 omnem
2010 1935 2250 1982 impuritatem

1178 2005 1247 2041 qua
1262 1993 1373 2040 pollui
1386 1993 1484 2029 solet.
1506 1993 1634 2029 Anima
1654 2005 1732 2040 (μαι)
1746 1995 1921 2040 juraverit
1939 2001 1969 2029 et
1989 1995 2172 2041 protulerit
2195 1995 2248 2030 Ια-

48 2060 242 2095 existimat.
277 2060 363 2104 Quae
392 2061 464 2096 sint
490 2067 609 2096 autem
643 2060 803 2097 actiones
831 2070 982 2106 quarum
1011 2070 1108 2095 eom-
1128 2047 1156 2088 C
1179 2054 1244 2089 [21'1‘8
1261 2055 1349 2098 suis,
1381 2054 1416 2089 id
1437 2059 1505 2097 est,
1527 2059 1651 2100 390¹*oe
1668 2054 1900 2100 ΡΙὈΙΠὶῑῑθΠὲ,
1922 2055 2027 2091 uwel
2054 2055 2144 2090 male
2163 2055 2247 2102 quid

49 2122 247 2158 municatio
265 2122 358 2158 sicut
377 2122 645 2158 immundarum
665 2122 831 2158 evitanda
854 2126 922 2164 est,
944 2120 1110 2157 Salvator

0 2181 1 2195 ³
52 2182 231 2227 apostolos
250 2182 371 2219 docuit
388 2183 510 2219 dicens
532 2195 541 2217 z
567 2183 690 2218 Adhuc
714 2189 746 2218 et
764 2194 821 2218 vos
842 2183 916 2218 sine
932 2182 1109 2218 intellectu

0 2252 1 2282 1
48 2244 156 2279 estis?
177 2243 327 2280 Nescitis
353 2245 436 2291 quia
463 2256 562 2280 enine
587 2246 678 2292 quod
705 2246 900 2292 inqretlitur
926 2246 962 2281 in
990 2257 1042 2289 os,
1072 2246 1109 2281 in

48 2310 195 2340 ventrem
222 2305 328 2349 vadit,
358 2307 446 2342 etin
467 2317 636 2342 secessum
665 2307 858 2342 emittitur?
883 2306 970 2349 Quae
991 2313 1108 2342 autem

0 2378 1 2407 ς
45 2366 269 2412 eqrediuntur
292 2366 334 2402 de
361 2378 434 2410 ore,
457 2367 499 2402 de
525 2367 628 2402 corde
647 2372 784 2408 exeunt,
804 2373 835 2402 et
854 2367 927 2402 tzoec
945 2366 1106 2413 coinqui-

45 2437 130 2463 nant
154 2427 327 2463 hominem
348 2437 359 2461 .·
382 2429 506 2463 etenim
535 2428 577 2463 de
605 2428 708 2463 corde
734 2434 858 2463 exeunt
880 2427 1106 2473 cogitationes

45 2489 163 2533 maloe,
184 2489 383 2532 homicidia,
417 2488 603 2532 adulteria,
634 2487 726 2534 salsa
750 2488 963 2529 testimonia,
994 2486 1104 2531 furta,

46 2548 287 2594 blasphemie,
325 2550 398 2584 ltoee
435 2556 515 2583 sunt
555 2559 632 2594 quoe
669 2548 895 2594 coinquinant
931 2546 1103 2581 [comittem

48 2606 191 2653 (Matth.
214 2606 287 2653 xv).
304 2607 454 2653 Propter
474 2608 568 2652 quod
591 2612 627 2642 et
643 2606 836 2642 immunda:
863 2616 934 2649 res,
963 2610 1106 2650 utpote

45 2669 245 2715 polluentes
271 2678 333 2704 eos
360 2678 380 2703 a
408 2669 537 2714 quibus
566 2673 772 2714 tanguntur,
795 2667 920 2710 idest,
951 2677 1014 2703 eos
1043 2667 1104 2713 qui

45 2730 99 2766 eis
117 2728 403 2780 communicant,
425 2738 445 2763 a
464 2727 669 2774 legislatore
691 2728 881 2764 intellectae
900 2733 983 2763 sunt
1007 2738 1105 2763 mor-

45 2789 184 2832 ticinae;
213 2788 269 2824 bis
295 2787 423 2824 similis
449 2787 559 2823 estin
586 2787 788 2833 polluendo,
819 2788 927 2823 homo
953 2787 1015 2833 qui
1039 2797 1104 2833 per

44 2851 232 2896 peceatum
259 2853 421 2884 mortuus
449 2853 518 2884 est.
545 2848 596 2883 De
623 2847 788 2894 qualibus
814 2847 989 2884 Dominus
1006 2848 1103 2883 dice-

43 2909 107 2947 bat
125 2922 133 2946 2
155 2909 297 2946 Dimitte
311 2915 466 2945 mortuos
484 2908 626 2955 sepetire
639 2914 795 2944 mortuos
815 2920 909 2944 suos.
927 2908 957 2944 A
975 2908 1101 2945 bestiis

45 2977 165 3008 autem
181 2976 307 3017 captus
320 2975 387 3014 est,
405 2970 480 3016 qui,
497 2975 668 3016 operante
684 2970 720 3005 in
734 2980 776 3005 eo
791 2969 946 3014 diabolo,
965 2974 1101 3007 tractus

45 3035 100 3067 est
117 3031 162 3067 ad
181 3031 338 3077 aliquam
356 3030 535 3066 actionem
553 3029 697 3072 malam,
719 3030 1020 3075 quemadmodum
1038 3029 1100 3066 Ju-

0 3128 1 3133 ,
40 3094 109 3130 das
133 3093 178 3129 ad
197 3091 412 3128 tradendum
435 3091 639 3128 Dominum.
666 3091 716 3126 De
734 3101 805 3136 quo
821 3089 977 3127 Joannes
992 3102 1100 3127 evan-

0 3159 1 3180 3
45 3155 171 3202 gelista
190 3155 266 3191 ait:
290 3154 335 3190 Et
354 3154 447 3200 sacta
476 3164 584 3193 coena,
603 3154 758 3188 mittente
776 3152 916 3188 diabolo
936 3154 972 3188 in
996 3153 1099 3190 corde

0 3243 1 3248 ,
44 3217 120 3264 ojus
145 3222 183 3252 ut
202 3215 352 3252 traderet
368 3225 447 3250 eum
470 3212 584 3249 Judas
602 3212 753 3249 Simonis
772 3213 955 3249 Iscariotis
975 3213 1096 3262 (Joan.

0 3306 1 3310 ,
49 3276 140 3326 mu).
156 3277 259 3321 Quod
274 3282 394 3314 autem
411 3275 446 3311 in
457 3274 552 3310 LXX
568 3275 802 3311 translatione
820 3285 891 3311 non
909 3275 1001 3311 dixit
1014 3276 1100 3312 sim-

0 3347 1 3351 *
39 3337 198 3396 Qliciter,
214 3349 236 3375 a
252 3339 366 3376 bestia
382 3346 540 3384 captum,
558 3337 620 3373 sed
636 3336 771 3372 addidit
787 3337 1021 3381 immundum,
1038 3338 1100 3384 qui

0 3401 1 3404 ’
48 3398 104 3444 ss
119 3409 142 3436 a
157 3399 272 3436 bestia
290 3403 431 3446 captus,
450 3402 558 3445 putas
576 3406 648 3433 non
663 3401 721 3432 est
749 3396 956 3433 omnimodo
974 3402 1009 3432 et
1029 3397 1098 3433 im-

47 3459 223 3513 mas?
238 3466 276 3498 et
291 3460 444 3497 dicimus
461 3469 687 3506 nequaquam
705 3468 715 3493 t
734 3468 852 3504 neque
869 3458 964 3494 enim
983 3458 1101 3496 omnis

99 3509 278 3571 ,abestia
305 3520 460 3567 capitur,
484 3519 560 3567 jam
587 3517 794 3561 omnimodo
811 3517 855 3554 ab
874 3527 916 3553 ea
936 3522 973 3553 et
997 3517 1096 3554 occi-

163 3579 444 3626 sersitanenim
470 3586 508 3618 et
530 3585 722 3628 postquam
743 3579 896 3626 capitur,
907 3578 1096 3622 liberatur,

109 3638 119 3643 ’
192 3631 194 3637 ’
302 3651 313 3676 :
332 3639 464 3678 Incidit
479 3641 576 3678 enim
594 3640 631 3677 in
655 3639 788 3678 diaboli
806 3639 988 3685 laqueum,
1007 3643 1100 3674 tem-

259 3699 269 3708 '
319 3699 328 3709 “
382 3700 448 3742 Sed
460 3699 690 3748 resipiscens,
706 3699 835 3737 evasit.
853 3699 899 3735 Et
912 3697 1001 3735 dicit
1016 3709 1099 3735 cum

319 3800 322 3801 ⁷
356 3749 686 3806 ma'siout'pauer
706 3765 824 3806 erepta
845 3764 897 3797 est
914 3758 958 3797 de
975 3756 1100 3807 laqueo

52 3754 194 3795 David:

1178 2118 1294 2162 lacere
1327 2115 1451 2158 vellet,
1486 2115 1538 2151 vet
1570 2115 1667 2151 bene.
1704 2116 1743 2151 In
1779 2116 1910 2161 quibus
1941 2122 2131 2162 peccatum
2165 2122 2244 2158 cst,

1178 2177 1323 2224 qnando
1352 2177 1383 2213 is
1405 2177 1466 2222 qui
1492 2177 1586 2213 bene
1611 2177 1799 2223 promisit,
1822 2177 1942 2214 facere
1963 2178 2156 2222 mentitur;
2185 2184 2247 2215 aut

1178 2240 1237 2286 qui
1258 2238 1353 2274 mala
1371 2239 1531 2274 minatus
1551 2243 1618 2280 est,
1638 2238 1828 2274 veritatem
1847 2239 1948 2281 dicit,
1969 2239 2065 2285 quod
2085 2244 2121 2275 et
2140 2239 2246 2274 llero-

1177 2303 1239 2338 des
1257 2312 1449 2348 perpessus
1468 2306 1535 2344 est,
1556 2301 1616 2347 qui
1637 2311 1704 2347 pro
1718 2311 1762 2337 eo
1778 2302 1872 2347 quod
1884 2302 2020 2348 juravit
2035 2301 2243 2347 Herodiadi,

1175 2363 1349 2399 Joannem
1370 2363 1570 2408 Baptistam
1586 2363 1703 2408 capite
1725 2362 1954 2398 detruncavit
1978 2362 2122 2410 (Manli.
2140 2363 2241 2409 x1v);

1176 2424 1348 2470 oblitaque
1377 2430 1495 2469 postea
1530 2423 1739 2459 intellexerit
1768 2422 1932 2458 delictum
1962 2434 2079 2458 suum.
2114 2422 2243 2461 Omnia

1175 2486 1251 2520 haec
1266 2485 1434 2520 videlicet
1449 2495 1529 2530 quae
1545 2485 1641 2520 dieta
1665 2489 1760 2527 sunt,
1787 2485 2037 2530 unusquisque
2053 2494 2134 2520 cum
2157 2495 2241 2520 sen-

1175 2547 1264 2582 serit
1279 2551 1315 2582 et
1334 2545 1557 2591 cognoverit,
1574 2544 1790 2581 confiteatur
1810 2550 2001 2590 peccatum
2021 2544 2118 2590 quod
2139 2544 2239 2589 fecit,

1173 2615 1205 2643 et
1235 2607 1359 2652 offerat
1387 2617 1514 2652 aquam
1542 2605 1584 2641 de
1603 2604 1763 2652 qreyibus
1792 2605 1868 2641 sive
1895 2615 2055 2651 capram,
2083 2606 2166 2652 quia
2197 2607 2241 2643 de

1174 2667 1295 2713 aliquo
1310 2666 1431 2712 quide
1452 2666 1585 2712 populo
1607 2671 1675 2709 est,
1691 2666 1860 2702 videlicet
1874 2666 1918 2702 de
1939 2666 2060 2713 vulgo,
2078 2666 2239 2713 loquitur

1173 2728 1241 2764 boc
1264 2728 1356 2770 loco,
1386 2728 1482 2763 inter
1498 2737 1588 2773 quos
1610 2726 1785 2773 possibile
1800 2732 1869 2770 est,
1886 2727 2088 2773 simplicem
2114 2739 2239 2775 quem-

1171 2790 1267 2836 piam
1296 2789 1463 2832 inveniri,
1493 2799 1625 2836 agnam
1653 2789 1698 2825 de
1723 2788 1904 2836 gregibus,
1933 2794 1973 2824 ut
2002 2795 2086 2835 pote
2115 2796 2236 2836 aptam

1171 2851 1347 2898 simplici,
1371 2849 1674 2897 quemadmodum
1705 2849 1871 2896 superius
1898 2849 2069 2885 diximus.
2091 2849 2236 2885 (trabit-

1170 2923 1236 2959 que
1259 2923 1322 2958 pro
1347 2923 1385 2947 eo
1413 2911 1577 2947 sacerdos
1604 2916 1635 2946 et
1665 2921 1728 2957 pro
1756 2916 1898 2957 peceato
1924 2910 2014 2956 ejus.
2046 2900 2237 2946 Consuetis

1170 2975 1285 3010 utitur
1313 2973 1448 3017 verbis,
1480 2973 1518 3008 in
1550 2971 1763 3008 memoriam
1794 2976 1955 3008 nostram
1986 2979 2161 3007 revocans
2192 2980 2235 3006 ea

1170 3043 1250 3081 quae
1268 3034 1435 3080 superius
1461 3034 1498 3069 in
1518 3033 1771 3079 deprecatione
1795 3041 1862 3078 pro
1886 3032 2044 3078 peccatis
2063 3031 2236 3078 proecepit

1168 3096 1314 3142 peragi;
1341 3105 1420 3141 quae
1438 3095 1570 3130 iterum
1590 3095 1723 3138 dicere,
1748 3098 1888 3139 utpote
1912 3093 2023 3129 semel
2041 3093 2151 3134 dicta,
2174 3102 2235 3127 ne-

1169 3154 1369 3190 cessarium
1387 3164 1461 3190 non
1479 3154 1668 3190 habemus.
1689 3153 1925 3189 Solummodo
1941 3153 2062 3189 'autem
2083 3153 2151 3187 hoc
2173 3151 2232 3186 ad-

1165 3213 1350 3260 jiciamus,
1367 3218 1407 3249 ut
1425 3214 1455 3250 si
1476 3213 1564 3260 quid
1578 3213 1710 3249 horum
1734 3212 1939 3258 peccaverit
1952 3211 2134 3257 princeps,
2155 3208 2231 3244 hir-

1168 3285 1252 3312 cum
1281 3274 1326 3310 de
1355 3274 1476 3320 capris
1494 3273 1645 3316 offerat,
1676 3271 1894 3308 oblationem
1923 3270 1990 3305 sibi
2018 3269 2162 3314 dignam
2192 3273 2231 3304 et

1167 3334 1437 3382 poenitentiam3
1471 3343 1539 3369 nee
1570 3333 1688 3378 ipsum
1720 3340 1871 3376 peccare
1903 3332 2126 3374 oportuerat,
2160 3337 2228 3364 nec

1168 3394 1318 3431 alterius
1336 3393 1606 3430 communicare
1634 3390 1803 3436 peccatis,
1831 3398 1902 3423 non
1928 3387 2025 3423 enim
2046 3387 2095 3431 ‚ad
2112 3387 2227 3424 virtu-

1169 3459 1254 3498 tem,
1290 3454 1355 3490 sed
1387 3453 1433 3489 ad
1465 3452 1695 3497 iniquitatem
1722 3448 1931 3484 aemulantes
1961 3457 2012 3492 se,
2044 3447 2227 3485 invenitur

1166 3513 1369 3560 producere
1399 3512 1476 3548 sive
1504 3517 1703 3557 provocare
1733 3507 1928 3555 subjectos,
1955 3513 2102 3556 propter
2128 3509 2227 3556 quod

1165 3573 1272 3616 illud,
1294 3572 1399 3618 quasi
1419 3571 1515 3617 quod
1542 3578 1610 3605 nec
1628 3569 1774 3605 evenire
1788 3568 1956 3614 deberet,
1982 3569 2226 3607 indiscussum

1166 3633 1326 3680 reliquit.
1348 3631 1421 3668 Sed
1439 3636 1476 3667 et
1489 3631 1559 3667 hoc
1574 3629 1774 3666 notandum
1791 3634 1848 3666 est
1864 3629 1948 3676 quia
1967 3629 2139 3666 delictum
2157 3628 2225 3667 ali-¹

1166 3693 1310 3741 quando
1336 3690 1482 3738 quidem
1506 3689 1698 3737 specialem
1730 3689 1958 3735 iniquitatem
1985 3698 2065 3736 quae
2095 3694 2223 3728 eontra

1167 3755 1284 3795 solum
1304 3753 1536 3803 praesumitur
1551 3751 1680 3799 Deum,
1700 3750 1817 3800 quatis
1832 3756 1888 3790 est
1906 3761 1988 3801 quae
2005 3752 2045 3791 in
2065 3752 2219 3801 sanctis,
