2540 4016
1224 104 1242 125 η

266 186 335 223 547
476 196 495 211 ⁵*

679 169 720 205 B.
745 165 915 204 RABANI
941 162 1087 201 MAURI
1111 158 1325 198 ARCfflEP.
1353 157 1557 197 MOGUNT.
1585 155 1773 195 OPERUM
1799 154 1919 191 PARS
1945 154 1972 190 Ι.

2347 153 2417 192 548

262 252 477 296 holocaustis
496 246 632 285 Domini
655 271 665 287 .
707 244 775 279 hoc
809 239 918 283 dixit,
949 238 1045 286 quod
1077 240 1240 282 superest
1259 234 1302 270 de
1320 234 1356 273 A
1373 233 1515 279 reperit,
1543 232 1749 275 ostendens,
1774 235 1813 266 ut
1840 230 1924 276 quia
1938 227 2086 264 alterius
2105 227 2276 265 doetrinae
2291 239 2422 276 pecca-

262 315 390 356 simila.
423 312 554 357 Aperte
587 315 669 352 ergo
701 301 830 348 Aquila
860 299 972 335 edidit
995 298 1143 334 dicens:
1163 295 1300 361 Donum

262 374 353 424 quod
372 372 540 419 reliquum
564 372 611 402 est
632 365 672 399 de
695 363 882 408 frumento.
914 358 1026 405 HuJus
1051 357 1302 421 interpretatio

262 440 317 472 est
337 433 443 469 etiam
468 430 536 465 hoc
565 423 657 471 quod
682 419 865 467 legislator
891 416 1061 453 subdidit.
1087 414 1148 450 Ait
1171 423 1268 450 emm
1290 424 1298 447 :

263 493 309 530 Et
328 491 491 528 comedite
509 487 635 531 absque
670 482 838 528 fermento
863 478 970 524 juxta
1004 475 1127 512 altare.
1162 474 1303 520 Ubique

263 553 457 589 doctrinam
479 543 660 590 theologiae
691 542 785 577 hane
813 538 1005 585 significat,
1026 535 1243 573 sacrificium
1259 536 1304 571 si-

198 601 202 605 *
262 612 353 650 milae
367 610 442 644 sine
460 606 633 642 fermento
652 611 731 636 esse
749 606 921 646 quantum
940 597 985 634 ad
1003 597 1219 634 exteriOrem
1240 596 1302 632 do-

259 670 410 707 ctrinam
427 665 569 707 volens3
592 661 757 698 similiter
776 660 881 695 ctiam
898 658 1092 694 ostendens
1108 657 1203 703 quod
1215 666 1301 702 par-

260 728 380 764 titialis
410 725 570 772 quaedam
602 722 694 768 apud
727 732 792 757 nos
810 726 865 756 cst
900 718 1077 764 theologia
1101 730 1107 752 :
1132 718 1168 752 iu
1204 716 1303 752 coelis

260 788 387 834 quippe
405 785 480 832 ejus
504 789 558 819 est
584 781 765 828 plenitudo
784 807 792 823 ,
827 784 973 825 propter
993 778 1087 823 qnod
1110 779 1178 812 hoc
1197 775 1303 836 ¹quod

263 847 442 890 remansit,
454 847 488 882 id
507 850 571 888 est,
591 845 658 879 hoe
673 843 766 890 qnod
784 847 946 887 superest
960 839 1098 876 comedi
1114 839 1300 884 praecepit,

260 914 299 944 ut
317 908 477 945 ostendat
491 915 665 942 summam
692 904 785 950 apud
800 913 882 938 eum
914 912 993 937 esse
1012 906 1119 946 atque
1150 899 1300 936 servari.

261 969 406 1015 Oportet
428 972 543 1002 autem
574 975 652 1001 eam
686 963 824 999 comedi
860 961 962 1008 juxta
983 961 1121 1003 altare,
1159 960 1194 995 id
1225 965 1301 1002 est,

260 1028 391 1064 Christi
414 1037 554 1074 eorpus.
588 1026 642 1060 Ex
661 1035 703 1060 eo
732 1024 826 1059 enim
851 1023 954 1058 nobis
976 1021 1154 1068 theologia
1189 1020 1304 1056 omnis

259 1090 495 1131 ministratur,
519 1087 581 1123 sed
600 1086 694 1132 quod
714 1085 886 1121 remansit
903 1084 946 1119 de
964 1083 1081 1118 simila
1097 1081 1215 1118 Aaron
1235 1082 1303 1117 erit

260 1153 296 1183 et
314 1149 468 1184 filiorum
484 1149 571 1194 ejus.
595 1148 680 1191 Quae
699 1157 783 1182 vero
810 1147 852 1181 de
870 1144 1055 1181 sacrificiis
1072 1143 1302 1190 pacificorum
1323 1127 1354 1165 B

262 1210 335 1245 sive
351 1210 565 1245 salutaribus
583 1215 678 1251 sunt,
700 1207 818 1243 Aaron
853 1212 888 1242 et
920 1207 1072 1241 filiorum
1097 1206 1194 1251 ejns;
1231 1205 1304 1241 sive

263 1271 455 1306 secundum
476 1270 718 1315 Septuaginta,
739 1275 767 1304 et
789 1268 909 1303 domni
933 1267 1023 1312 ejus,
1049 1276 1174 1302 omnes
1203 1266 1302 1300 vide-

261 1329 348 1365 licet
361 1330 494 1376 populi.
509 1329 738 1374 Theologiam
758 1328 887 1374 qnippe
904 1328 1047 1363 studere
1066 1338 1135 1362 non
1146 1327 1306 1362 omnium

262 1392 329 1430 est,
346 1387 407 1422 sed
438 1387 639 1422 sublimium
674 1391 709 1420 et
737 1386 1098 1431 appropinquantium
1132 1385 1303 1427 Domino,

261 1451 368 1491 atque
383 1456 505 1481 eorum
525 1446 584 1491 qui
603 1451 799 1490 sequuntur
824 1444 1018 1479 Christum.
1043 1444 1220 1490 Consequi
1240 1455 1304 1479 au-

260 1492 331 1542 tem
352 1517 392 1542 ea
412 1517 490 1552 quae
517 1506 561 1541 ad
591 1506 740 1551 pacifica
761 1516 821 1542 seu
850 1506 1000 1541 salutem
1018 1507 1223 1552 pertinent,
1254 1512 1309 1543 to-

261 1566 330 1603 tius
348 1567 460 1612 plebis
475 1572 568 1603 sunt.
590 1566 687 1602 Inter
706 1567 778 1602 lzoec
797 1567 931 1601 hircum
952 1568 1010 1614 qui
1029 1567 1164 1603 oblatus
1193 1568 1308 1614 fuerat

260 1638 321 1673 pro
346 1634 482 1673 peccato
508 1638 585 1662 cum
613 1633 779 1674 quoereret
800 1627 952 1674 Moyses,
970 1635 1130 1663 eoeustutn
1164 1629 1306 1675 reperit,

262 1688 437 1734 iratusque
453 1694 572 1722 contra
602 1687 755 1722 Eleazar
774 1693 805 1722 et
826 1687 986 1723 Itltamar
1006 1688 1097 1734 filios
1116 1689 1233 1724 Aaron
1252 1690 1309 1736 qui

263 1755 499 1783 remanserant
527 1749 609 1784 ait:
639 1748 709 1784 Cur
742 1761 809 1786 non
843 1751 1038 1787 comedistis
1069 1753 1217 1788 bostiam
1247 1764 1309 1799 pro

262 1815 401 1857 peccato
416 1810 452 1844 in
466 1809 539 1844 loco
563 1816 682 1844 sancto
711 1821 788 1858 quae
812 1818 929 1847 sancta
959 1819 1158 1847 sanctorum
1188 1818 1257 1856 est,
1280 1820 1311 1848 et

263 1866 346 1902 data
377 1867 480 1912 vobis,
499 1874 537 1903 ut
570 1870 711 1914 portetis
741 1870 956 1917 iniquitatem
988 1871 1248 1916 multitudinis,
1280 1879 1312 1908 et

263 1927 366 1960 oretis
385 1937 447 1973 pro
465 1938 505 1962 ea
522 1926 558 1962 in
578 1935 759 1975 conspectu
781 1929 934 1974 Domini,
958 1933 1150 1977 proesertim
1165 1943 1243 1967 cum
1271 1933 1313 1968 de

263 1986 429 2031 sanquine
447 1985 541 2022 illius
562 1998 630 2022 non
657 1988 700 2023 sit
730 1987 869 2023 illatum
887 1990 981 2024 intra
1001 1996 1136 2033 sancta,
1152 1997 1183 2026 et
1202 2003 1313 2027 come-

263 2045 343 2082 dere
363 2058 438 2081 eam
455 2047 650 2083 debueratis
683 2049 719 2084 in
736 2051 959 2095 sanctuario,
988 2051 1079 2087 sicut
1103 2059 1313 2098 pra‘ceptum

264 2112 315 2142 est
340 2107 452 2142 milti?
474 2108 545 2154 (Ex
564 2108 767 2156 Hesychia.)
804 2110 895 2155 Quia
922 2122 1027 2149 omne
1046 2118 1233 2159 peecatum
1251 2125 1314 2161 per

264 2165 512 2213 poenitentiam
532 2167 681 2211 deletur,
701 2174 735 2205 et
750 2170 832 2215 quia
848 2171 883 2206 hi
898 2172 1110 2218 praedictum
1125 2179 1315 2220 peccatum

266 2223 415 2275 alterius
435 2226 605 2263 doctrinae
637 2233 673 2263 et
705 2229 936 2275 blasphemiae
954 2233 1226 2278 commiserunt,
1248 2234 1317 2269 sal-

266 2285 339 2319 vati
356 2294 427 2320 non
442 2292 539 2330 sunt,
556 2298 700 2324 eausam
722 2289 905 2335 legislator
924 2291 1029 2337 hujus
1048 2303 1127 2338 quae
1159 2294 1211 2330 eis
1241 2295 1317 2331 sine

267 2344 512 2382 misericordia
538 2348 636 2383 venit
662 2349 788 2385 mortis
817 2351 975 2396 exponit.
998 2351 1088 2388 Hinc
1122 2353 1318 2390 introducit

267 2402 411 2450 Moysen
437 2415 503 2450 pro
533 2413 681 2452 peccato
710 2410 872 2460 hircum,
906 2412 1127 2458 poenitentiae
1152 2414 1318 2451 videlicet

266 2462 495 2508 oblationem,
511 2467 594 2512 quia
629 2479 786 2515 quoerens
812 2472 1008 2518 exquisivit,
1043 2474 1135 2509 sicut
1161 2474 1316 2521 Septua-

267 2525 364 2571 ginta
384 2526 518 2563 edunt:
537 2530 631 2577 quod
651 2537 719 2575 est,
734 2531 837 2568 valde
857 2533 1036 2578 quaesivit,
1059 2534 1244 2582 iratusque
1267 2538 1318 2573 ait

267 2585 322 2621 his
335 2587 395 2632 qui
408 2587 522 2624 relicti
540 2596 644 2626 erant
656 2590 739 2628 filiis
753 2591 874 2629 Aaron
891 2595 985 2641 quod
1000 2605 1070 2631 non
1088 2598 1316 2634 comederint

266 2644 442 2692 hoequod
454 2657 520 2694 pro
536 2656 684 2695 peccato
702 2657 780 2688 erat
799 2653 835 2688 in
853 2653 932 2690 loco
951 2661 1090 2700 sancto,
1109 2656 1144 2693 id
1164 2664 1232 2701 est,
1250 2668 1316 2704 pro

266 2713 311 2739 eo
325 2707 422 2750 quod
439 2708 688 2752 poenitentiam
706 2711 742 2746 in
757 2712 953 2750 Ecclesiam
971 2717 1153 2755 commissi
1175 2720 1314 2764 peccati

266 2765 404 2809 peragi,
430 2770 469 2800 ut
480 2768 685 2805 sacerdotes
720 2781 793 2806 non
823 2773 997 2810 fecerint:
1020 2776 1106 2822 ipsis
1135 2779 1231 2813 enim
1253 2789 1315 2816 co-

270 2823 414 2860 medere
426 2835 506 2870 quae
522 2837 588 2872 pro
604 2834 751 2873 peccato
769 2837 852 2866 sunt
871 2837 906 2867 et
924 2843 1028 2869 orare
1053 2837 1218 2873 oratione
1238 2848 1317 2885 quae

269 2886 327 2917 est
338 2892 404 2928 pro
420 2885 632 2930 poenitentia
649 2891 946 2935 congregationis,
965 2899 1002 2927 et
1021 2895 1210 2940 acquirere
1222 2907 1316 2942 prae-

270 2947 414 2987 oeplum
427 2949 494 2980 ‘³⁸²-
510 2945 649 2989 Quaoe?
674 2946 764 2990 Quia
790 2948 956 2987 Christus
973 2962 1034 2989 <²108
1065 2954 1102 2989 in
1130 2957 1317 3001 proprium
1333 2936 1370 2975 D
1387 2960 1466 2997 dit:
1492 2960 1664 3003 Quoniam
1700 2973 1781 3009 erqo
1819 2971 1974 3011 superest
2015 2964 2188 3012 quosdam
2223 2963 2369 3000 introire
2406 2963 2445 2999 in

270 2999 389 3037 locum
413 3003 582 3040 Ecclesiis
598 3007 795 3043 constituit.
814 3009 894 3054 Ipse
918 3017 1038 3048 autem
1073 3024 1147 3050 suae
1166 3015 1318 3052 oblatio-

270 3060 329 3096 nis
343 3063 565 3109 sanguinem,
593 3075 672 3111 quae
688 3077 754 3113 pro
783 3075 907 3107 nostro
925 3074 1099 3119 sanguine
1128 3075 1247 3112 oblata
1264 3083 1319 3114 est

270 3119 310 3156 in
328 3127 503 3166 sanctum,
514 3123 780 3163 intusvidelicet
797 3128 834 3164 in
843 3130 1027 3168 coelestem
1043 3133 1315 3181 habitationem,

271 3185 478 3230 conspectui
491 3185 610 3224 Patris
626 3188 681 3225 sui
697 3189 838 3235 obtulit,
861 3197 897 3228 et
913 3192 951 3228 in
970 3193 1048 3230 loco
1062 3201 1199 3240 saneto,
1212 3208 1319 3244 quem

270 3244 424 3282 dicimus
442 3246 650 3295 Ecclesiam,
665 3251 806 3288 comedi
837 3253 907 3290 hoc
939 3254 1158 3298 sacrificium
1190 3258 1235 3294 ad
1262 3268 1319 3295 re-

271 3305 478 3344 missionem
494 3313 531 3346 et.
547 3311 837 3359 propitiationem
861 3321 1094 3363 peccatorum
1123 3319 1317 3366 praecepit,

269 3372 416 3413 propter
431 3369 525 3415 quod
542 3370 594 3417 ait
611 3370 772 3420 Moyses:
791 3373 1094 3419 Quemadmodum
1108 3387 1319 3429 praeceptum

272 3434 323 3464 est
337 3430 437 3479 mihi,
452 3431 491 3470 id
505 3438 573 3479 est,
589 3431 891 3482 quemadmodum
905 3440 1059 3491 praecepi
1073 3445 1110 3478 et
1127 3443 1316 3482 mandavi:

271 3486 407 3526 Christi
425 3491 521 3528 enim
538 3503 662 3540 gerere
691 3505 884 3544 personam
902 3500 1012 3542 etiam
1035 3501 1194 3552 Moysem
1223 3505 1319 3542 dixi·

273 3554 368 3582 mus.
388 3546 539 3595 lnquirit
559 3559 680 3592 autem
711 3566 784 3596 non
809 3557 1000 3607 ignor-anm
1022 3571 1107 3598 nam
1140 3565 1320 3613 quomodo

272 3605 314 3643 in
341 3609 626 3655 praecedentibus
662 3626 808 3662 causam
843 3620 982 3659 addidit
1009 3634 1018 3658 ε
1050 3632 1134 3660 cum
1171 3623 1322 3663 dixisset

274 3669 384 3716 enim,
405 3672 545 3713 hircum
559 3686 627 3724 pro
640 3685 788 3727 peccato
806 3691 969 3729 quaerens
999 3684 1196 3733 exquisivit.
1222 3686 1320 3738 Moy}-

275 3731 642 3798 tetgiflioo'nbdidit,
657 3745 694 3787 et
705 3730 763 3787 Ιιίσ
786 3743 946 3788 tacemus
963 3750 1053 3792 erat,
1066 3745 1144 3786 sive
1157 3743 1318 3790 cauatam

1310 3834 1327 3848 >

1369 297 1459 336 tum,
1481 291 1704 338 blasphemia
1721 296 1776 327 est
1806 290 1843 326 in
1871 293 2036 325 sanctum
2052 287 2240 334 Spiritum.
2269 289 2423 339 Propter

1368 353 1464 399 quod
1481 352 1685 399 Stephanus
1713 352 1879 387 doctores
1906 349 2111 386 Judaeorum
2130 356 2169 387 ut
2184 353 2423 399 praevarican-

1369 418 1424 450 tes
1441 413 1555 460 legem
1582 418 1618 449 et
1642 412 1904 455 inobedientes,
1940 410 2108 448 suhdurae
2128 415 2272 450 cervicis
2291 421 2329 452 et
2342 417 2424 454 duri

1369 474 1489 510 cordis
1513 474 1678 519 appellat.
1703 472 1749 509 Ut
1769 477 1888 507 autem
1921 471 2014 508 male
2039 472 2358 520 interpretantibus
2373 475 2425 515 le-

1370 544 1449 581 gem
1464 540 1500 570 et
1511 534 1704 580 prophetas
1722 533 1864 569 dicebat
1883 545 1891 567 ε
1917 531 1987 568 Vos
2002 545 2133 582 semper
2145 543 2265 573 sancto
2275 537 2425 585 Spiritui
2464 546 2467 547 ’

1373 595 1547 630 restitistis
1577 594 1667 642 (Act.
1684 595 1750 642 vr),
1763 595 1968 631 necessario
1985 595 2038 632 eis
2056 597 2100 633 ab
2116 597 2332 644 intelligibili
2345 602 2426 648 igne
2468 599 2469 602 ’

1371 653 1538 688 videlicet
1560 652 1716 699 Spiritus
1736 665 1801 700 pro
1816 655 2029 701 pcenitentia
2048 657 2182 694 oblatio
2208 659 2328 696 ablata
2348 667 2425 706 est3

1370 718 1406 747 et
1421 718 1610 758 propterea
1623 725 1689 759 pro
1704 721 1852 760 peccato
1870 716 1993 753 hircus
2013 725 2161 755 exustus
2176 719 2320 765 dicitur,
2342 724 2428 769 quia

1371 773 1526 810 seientes
1555 780 1590 810 et
1608 776 1811 812 voluntarie
1829 784 2036 823 peccantes,
2056 781 2123 816 etsi
2144 791 2182 817 se
2201 782 2325 819 dieunt
2347 794 2427 830 poe-

1371 833 1507 877 nitere,
1527 845 1596 869 non
1612 836 1786 880 poenitent
1802 847 1903 883 pure.
1931 837 2157 885 Blasphemio
2175 842 2270 876 enim
2290 852 2353 878 cor
2369 854 2431 881 eo-

1360 881 1453 930 'rum
1473 896 1696 932 obeaecatum
1732 903 1788 934 est
1806 912 1812 933 :
1833 905 1980 945 propter
2002 902 2098 946 quod
2122 908 2159 938 et
2171 903 2304 940 Paulus
2333 905 2430 942 dice-

1372 959 1455 997 bat:
1479 961 1683 998 Voluntarie
1714 964 1803 998 enim
1836 966 2058 1011 peccantibus
2082 967 2179 1002 nobis
2209 973 2286 1014 post
2314 979 2431 1004 susce-

1372 1027 1467 1067 ptam
1481 1023 1709 1068 coqnitionem
1724 1024 1893 1067 veritatis,
1914 1026 1991 1070 jam
2006 1037 2075 1061 non
2088 1038 2151 1072 pro
2170 1034 2310 1073 peceato
2326 1027 2433 1063 relin-

1375 1081 1493 1127 quitur
1505 1082 1618 1118 ltostia
1641 1082 1763 1130 (Hebr.
1790 1083 1842 1130 x).
1871 1083 1962 1119 Nam
1979 1085 2074 1120 sieut.
2102 1096 2186 1121 vera
2216 1087 2433 1133 poenitentia
2480 1087 2483 1090 ’

1373 1149 1393 1174 a
1408 1140 1686 1179 clementissimo
1703 1143 1823 1189 judice
1837 1144 1980 1180 veniam
2010 1147 2210 1191 promereri
2227 1153 2362 1191 potest,
2381 1147 2432 1183 ita

1373 1200 1555 1237 simulatio
1578 1203 1801 1248 poenitentiae
1820 1213 1891 1239 non
1912 1204 2044 1250 placat,
2067 1206 2130 1241 sed
2163 1206 2284 1242 irritat
2299 1207 2430 1250 Deum,
2453 1234 2460 1238 -

1373 1262 1457 1307 quia
1475 1261 1627 1308 Spiritus
1660 1268 1802 1297 sanctus
1835 1263 2029 1310 disciplinae
2060 1265 2201 1312 effugiet
2225 1266 2370 1311 fictum:
2390 1267 2436 1304 de

1374 1334 1446 1370 quo
1458 1325 1651 1370 praedictus
1665 1326 1862 1372 Apostolus
1875 1325 1924 1361 ait
1942 1340 1949 1361 z
1973 1326 2167 1362 Existimas
2187 1327 2265 1372 boc,
2278 1339 2298 1363 o
2315 1328 2435 1373 homo,

1373 1385 1455 1430 quia
1473 1386 1662 1431 tueffuqies
1674 1386 2019 1432 JudiciuntDei?An
2034 1387 2172 1422 divitias
2184 1387 2347 1423 bonitatis
2358 1388 2434 1434 ejus

1374 1449 1406 1479 et
1425 1446 1601 1491 patientize
1618 1473 1626 1488 ,
1654 1453 1686 1482 et
1716 1446 1990 1492 lonyanimitatis
2024 1449 2238 1492 contemnis,
2268 1449 2436 1494 iqnorans
2484 1455 2492 1475 >⁴

1374 1505 1538 1551 quoniam
1560 1506 1751 1553 beniqnitas
1772 1507 1838 1542 Dei
1872 1507 1917 1542 ad
1941 1507 2178 1554 poenitentiam
2197 1514 2229 1543 te
2263 1508 2436 1551 adducet;

1375 1566 1566 1602 secundum
1595 1566 1761 1601 duritiam
1795 1572 1910 1602 autem
1932 1574 2029 1602 tuam
2061 1573 2091 1602 et
2112 1568 2332 1613 impoenitens
2362 1578 2434 1610 cor,

1377 1626 1595 1661 thesaurizas
1611 1626 1671 1661 tibi
1689 1627 1778 1662 iram
1800 1627 1836 1662 in
1855 1628 1912 1662 die
1944 1628 2006 1662 irre
2037 1633 2069 1662 et
2101 1627 2318 1663 revelationis
2347 1627 2439 1674 justi

1371 1687 1501 1733 judicii
1535 1688 1612 1731 Dei,
1639 1688 1698 1734 qui
1736 1687 1854 1723 reddet
1891 1687 2078 1735 unicuique
2110 1687 2301 1724 secundum
2332 1698 2439 1734 opera

1378 1747 1452 1793 ejus
1467 1747 1584 1794 (Rom.
1607 1747 1661 1795 n).
1697 1747 1772 1784 Hoc
1791 1749 1887 1784 euim
1910 1749 2027 1784 sancti
2042 1749 2170 1785 Patres
2187 1748 2438 1786 irremissibile

1377 1814 1566 1852 peccatum
1586 1816 1622 1844 et
1640 1809 1901 1855 blasphemiam
1926 1809 1963 1844 in
1983 1807 2159 1855 Spiritum
2180 1815 2346 1846 sanctum
2359 1819 2440 1847 esse
2486 1832 2491 1836 -

1380 1868 1559 1913 dixerunt,
1583 1871 1727 1916 quando
1751 1871 1831 1917 quis
1849 1871 1885 1907 in
1910 1871 2094 1908 erroribus
2112 1877 2148 1907 et
2161 1871 2359 1907 sceleribus
2376 1881 2439 1908 us·
2487 1875 2489 1882 ’

1381 1943 1450 1978 que
1478 1934 1522 1968 ad
1552 1933 1661 1970 finem
1679 1934 1761 1970 vitae
1793 1934 2105 1983 perseveraverit,
2147 1943 2216 1970 nec
2247 1933 2324 1970 vult
2356 1933 2441 1970 dum

1384 1999 1521 2040 tempus
1553 1996 1661 2032 habet
1699 1996 1863 2032 converti
1896 1997 1942 2032 ad
1979 1995 2123 2032 Domini
2153 1995 2442 2032 miserIcordiam

1383 2053 1659 2100 deprecandam,
1681 2056 1724 2092 de
1745 2056 1861 2093 salute
1882 2067 1947 2093 sua
1977 2057 2093 2104 magis
2114 2057 2309 2102 desperans
2333 2065 2443 2103 quam

1383 2113 1427 2150 de
1450 2113 1701 2159 Redemptoris
1735 2117 1894 2153 omnium
1915 2116 2077 2164 potentia
2095 2115 2280 2152 confidens
2296 2141 2306 2161 ‚
2340 2116 2444 2162 cujus
2479 2138 2484 2143 ·

1384 2171 1467 2208 finis
1506 2179 1700 2219 perpetuus
1743 2177 1812 2212 erit
1855 2177 2034 2213 interitus.
2077 2175 2265 2223 Respondit
2294 2174 2416 2212 Aaron
2430 2185 2444 2212 .·
2496 2226 2499 2227 ⁷

1386 2231 1512 2270 Oblata
1531 2239 1579 2268 est
1599 2235 1702 2270 bodie
1716 2236 1854 2271 victima
1868 2249 1932 2283 pro
1946 2242 2088 2282 peccato
2102 2236 2141 2272 t'n
2158 2235 2364 2271 holocausto
2384 2244 2443 2271 co-

1386 2302 1460 2326 ram
1476 2292 1743 2336 Domino;mihi
1759 2301 1872 2332 autem
1891 2297 2018 2332 accidit
2031 2296 2125 2343 quod
2142 2295 2252 2340 vides,
2271 2294 2445 2342 quomodo

1383 2352 1481 2397 potui
1500 2353 1676 2390 comedere
1695 2355 1799 2391 eam?
1819 2362 1879 2391 aut
1897 2356 2072 2402 quomodo
2086 2356 2224 2403 placere
2241 2355 2388 2390 Domino
2404 2355 2445 2390 in

1386 2414 1600 2450 coeretnoniis
1617 2422 1729 2451 mente
1751 2415 1919 2463 lugubri?
1938 2416 2041 2460 Quod
2058 2427 2137 2452 cum
2157 2417 2312 2453 audisset
2343 2415 2447 2463 Moy·
2483 2414 2486 2419 ’

1384 2484 1438 2510 ses
1453 2501 1463 2518 ,
1497 2475 1622 2522 recepit
1662 2476 1951 2521 satisfactionem.
1991 2476 2063 2523 (Ex
2089 2474 2295 2522 Hesychia.)
2333 2475 2449 2512 Hodie
2481 2521 2488 2534 .

1385 2534 1481 2579 quod
1499 2539 1639 2580 tempus
1658 2541 1823 2584 oporteat
1841 2536 1992 2584 intelligi
2008 2563 2018 2582 ,
2052 2541 2176 2583 aperte
2191 2536 2295 2572 nobis
2312 2535 2448 2575 Paulus

1386 2593 1547 2636 tradidit,
1566 2604 1649 2629 cum
1682 2595 1833 2632 dixisset
1862 2596 1959 2632 enim
1975 2595 2112 2632 David:
2135 2593 2254 2631 Hodie
2279 2595 2310 2631 si
2330 2605 2447 2635 vocem
2476 2631 2478 2635 ,

1385 2651 1460 2698 ejus
1479 2652 1676 2698 audieritis,
1696 2653 1801 2690 nolite
1815 2654 1989 2690 obdurare
2017 2654 2123 2692 corda
2149 2660 2262 2692 vestra
2285 2654 2376 2690 sicut
2407 2653 2447 2694 ἐπ

1385 2713 1646 2750 exacerbatione
1667 2713 1783 2761 (Psat.
1801 2714 1912 2763 xciv).
1930 2716 1975 2752 Et
2005 2716 2248 2762 interpretans
2265 2716 2342 2762 ipse
2360 2714 2446 2765 quia

1386 2777 1431 2813 de
1448 2778 1616 2823 praesenti
1649 2777 1793 2824 quidem
1828 2784 1989 2825 tempore
2023 2779 2257 2826 usurpat-ive,
2300 2776 2445 2828 proprie

1385 2849 1471 2876 vero
1490 2840 1534 2876 de
1555 2846 1716 2886 tempore
1738 2842 1835 2886 quod
1854 2847 1936 2888 post
1968 2843 2164 2880 adventum
2189 2841 2331 2879 Domini
2363 2845 2444 2886 est,
2470 2855 2477 2869 ι’

1386 2900 1576 2946 oportebat
1589 2900 1740 2947 intelligi
1762 2902 1858 2948 quod
1876 2902 2012 2940 dictum
2029 2908 2098 2948 est,
2118 2903 2200 2940 vide
2214 2901 2301 2950 quid
2318 2901 2445 2942 subdi—

1384 3032 1475 3064 eam,
1496 3027 1528 3056 et
1551 3022 1587 3056 hi
1618 3023 1742 3069 quibus
1779 3025 1955 3071 prioribus
1981 3026 2234 3063 annunciatum
2262 3029 2340 3070 est,
2374 3035 2446 3061 non

1383 3081 1592 3117 introierunt
1619 3090 1758 3131 propter
1777 3085 2062 3123 incredulitatem
2081 3099 2089 3122 ;
2115 3087 2247 3123 iterum
2271 3084 2444 3123 terminat

1385 3140 1480 3178 diem
1496 3143 1687 3188 quamdam
1706 3145 1826 3188 hodie,
1846 3145 1884 3181 in
1899 3145 2013 3183 David
2032 3147 2185 3184 dicendo
2198 3151 2282 3189 post
2305 3149 2445 3182 tantum

1385 3204 1560 3250 temporis
1575 3204 1669 3240 sieut
1687 3215 1795 3251 supra
1809 3205 1946 3242 dictum
1964 3211 2022 3243 est
2033 3207 2160 3245 dicens
2177 3220 2186 3243 ε
2202 3206 2319 3243 Hodie
2335 3207 2368 3244 si
2385 3216 2446 3242 vo-

1392 3273 1465 3299 cem
1478 3264 1555 3310 ejus
1575 3263 1772 3308 audieritis,
1802 3263 1908 3300 nolite
1923 3265 2098 3301 obdurare
2117 3266 2224 3303 corda
2255 3271 2380 3302 vestra.
2404 3263 2447 3302 si

1392 3323 1489 3359 enim
1517 3323 1572 3360 eis
1597 3323 1703 3360 Jesus
1719 3325 1884 3373 requiem
1900 3326 2152 3372 praestitisset,
2181 3337 2369 3374 nunquam
2400 3326 2446 3365 (le

1392 3382 1464 3420 alio
1484 3383 1694 3431 loqueretur
1725 3388 1808 3431 post
1823 3381 1919 3421 hane
1937 3384 2052 3431 diem;
2073 3395 2161 3432 ergo
2177 3385 2236 3423 his
2252 3396 2334 3432 quae
2347 3395 2443 3434 prae-

1392 3443 1508 3482 dicata
1522 3440 1613 3481 'sunt
1636 3443 1852 3489 ostenditur,
1870 3444 1955 3491 quia
1971 3451 2094 3491 aperte
2109 3450 2250 3494 tempus
2265 3450 2348 3494 post
2378 3445 2447 3484 ad-

1391 3509 1540 3542 ventum
1570 3503 1769 3541 Salvatoris
1803 3503 2001 3551 significat,
2031 3505 2068 3541 in
2103 3515 2175 3553 quo
2209 3504 2360 3553 intelligi

1392 3564 1534 3603 sabbati
1562 3565 1770 3605 hominibus
1793 3565 1938 3615 requies
1966 3564 2138 3613 praedicta
2154 3570 2224 3604 est.
2261 3562 2339 3606 noo

1389 3626 1511 3665 Aaron
1535 3636 1581 3664 ex
1608 3635 1762 3674 persona
1781 3624 1902 3663 dicere
1919 3625 2101 3672 Ecclesiae,
2117 3630 2160 3662 ut
2195 3625 2351 3676 iigurffi
2404 3622 2426 3632 “¹

1389 3696 1486 3732 reus,
1506 3695 1581 3727 non
1604 3685 1723 3724 solum
1748 3684 1882 3723 Christi
1916 3685 1980 3723 sed
2005 3685 2177 3726 Ecclesiae
2204 3680 2373 3747 Μ’,
2399 3726 2401 3730 ⁴

1387 3746 1476 3817 qua
1491 3746 1600 3790 noae
1624 3745 1832 3788 astuterunt
1851 3755 1942 3797 ‘quae
1957 3756 2024 3799 pro
2039 3734 2401 3825 pemffiffl
