2540 4016
315 195 409 235 {115

314 271 397 308 tiliis
439 268 574 306 Jethim
605 266 809 303 Madianitae
831 292 841 310 ‚
874 266 936 312 qui
966 265 1035 302 suit
1070 275 1180 312 gener
1213 265 1366 308 Moseos,

315 338 450 368 terram
470 329 517 366 ad
537 328 792 376 possidendum
813 339 822 362 :
839 337 924 363 nam
949 328 1105 373 patriam
1119 327 1366 373 relinquentes

313 391 428 429 secuti
448 395 532 428 sunt
551 400 626 434 eoS,
648 394 684 425 et
705 389 850 425 suerunt
869 389 904 424 in
923 388 1069 425 deserto
1089 390 1249 426 cumeis.

359 452 522 498 Gepitque
548 449 664 487 Iudas
683 447 816 486 Gazam
832 460 910 485 cam
928 449 1057 494 sinibus
1087 451 1175 493 suis,
1204 456 1235 485 et
1251 449 1363 485 Asea·

312 514 437 555 lenem,
456 517 559 558 atque
578 510 736 546 Aeearon
751 520 829 545 eum
847 509 1005 545 terminis
1019 511 1106 546 suis.
1129 509 1278 557 Fuitque
1295 510 1366 545 Do-

310 575 426 611 minus
443 585 520 610 cum
546 573 657 617 Juda,
688 579 721 609 et
753 577 919 608 montana
951 572 1116 619 possedit.
1154 570 1229 607 Nee
1251 570 1364 617 potuit

310 637 423 672 delere
447 635 659 671 habitatores
675 633 789 677 vallis,
808 634 891 680 quia
908 632 1047 679 falcatis
1076 632 1236 668 curribus
1257 631 1363 666 aban-

311 699 454 734 dabant.
484 697 729 743 Dederuntque
755 694 860 731 Gateb
896 694 1038 731 Hebron
1055 722 1064 738 ,
1099 695 1187 730 sieut
1227 693 1363 728 flixerat

311 759 463 806 Moyses,
481 759 541 806 qui
563 758 688 794 delevit
707 769 749 794 ex
767 769 805 793 eo
828 763 896 793 tres
919 757 1012 803 filios
1031 756 1170 791 Enaeh.
1205 754 1306 799 Quod
1325 754 1361 789 in

310 819 402 857 libro
418 819 503 856 Jesu
524 819 621 855 Nave
640 845 650 862 ,
670 827 753 854 cum
773 817 873 853 illum
905 816 1025 852 locum
1061 820 1255 850 tractarem
1275 841 1283 857 ‚
1302 812 1362 848 ubi

310 881 486 928 scriptum
501 885 577 917 est:
592 880 638 915 Et
650 879 744 915 dedit
753 878 923 914 Dominus
941 875 1055 913 Israel
1072 886 1206 911 oannem
1216 881 1343 910 terram
1346 902 1360 941 ὅ

309 951 392 978 cum
410 941 542 977 multas
571 939 649 986 ejus
677 943 800 986 partes
830 937 991 973 nondum
1018 935 1258 982 possiderent,
1286 933 1360 970 dixi

310 1002 359 1038 ita
374 1011 480 1049 posse
498 1001 649 1048 intelligi
665 1008 811 1036 omnem
826 1004 960 1034 terram
970 997 1104 1040 datam,
1126 997 1207 1042 quia
1226 1005 1268 1031 ca
1283 1004 1362 1041 quse

309 1061 392 1097 data
412 1071 486 1098 non
502 1066 560 1098 est
579 1061 616 1096 in
638 1060 918 1107 possessionem,
936 1058 1020 1093 data
1038 1062 1094 1094 cst
1114 1057 1151 1093 in
1169 1056 1361 1102 quamdam

309 1120 577 1157 exercitationis
595 1120 786 1155 utilitatem
804 1131 811 1153 :
828 1118 897 1154 hoc
930 1118 1042 1152 multo
1072 1115 1274 1152 evidentius
1301 1115 1361 1150 hic

309 1186 483 1227 apparet,
516 1180 806 1227 quandoquidem
837 1181 1166 1214 commemorantur
1195 1176 1360 1212 civitates

308 1251 398 1287 quas
414 1250 486 1278 non
502 1240 728 1277 haereditavit
742 1239 864 1282 Judas,
877 1239 1055 1275 etdicitur
1069 1238 1176 1274 :Erat
1191 1238 1362 1273 Dominus

307 1313 387 1337 cum
408 1302 521 1345 Juda,
539 1306 570 1336 et
589 1300 806 1336 licereditavit
827 1304 992 1341 montem,
1017 1299 1186 1344 quoniam
1213 1309 1282 1332 non
1301 1308 1363 1343 po-

308 1367 447 1397 tuerunt
465 1361 671 1396 hoereditare
702 1360 935 1394 inhabitantes
967 1359 1003 1393 in
1035 1358 1135 1394 valle.
1155 1358 1242 1400 Quis
1265 1357 1362 1392 enim

307 1420 378 1455 non
397 1419 572 1465 intelligat
591 1445 601 1462 ,
623 1418 732 1454 etiam
767 1418 836 1453 hoc
867 1418 983 1462 ipsum
1001 1417 1045 1451 ad
1081 1417 1117 1451 id
1144 1415 1362 1461 pertinuisse

306 1479 498 1526 quoderat
515 1479 688 1514 Dominus
709 1488 791 1514 eum
811 1476 915 1520 Juda,
936 1488 980 1511 ne
998 1482 1112 1512 totum
1133 1480 1283 1522 repente
1302 1476 1362 1512 ob-

307 1539 455 1575 tinendo
477 1539 735 1575 extolleretur?
752 1537 854 1582 Quod
877 1538 972 1573 enim
1002 1536 1163 1582 adjungit
1182 1535 1360 1581 quomodo

306 1598 443 1635 Rechab
463 1599 605 1643 obstitit,
620 1605 653 1635 et
668 1609 791 1634 currus
805 1604 904 1633 erant
918 1598 966 1633 eis
985 1597 1111 1643 serrei,·
1128 1607 1198 1643 quo
1215 1607 1361 1632 scurrus

307 1660 479 1704 timuerit,
502 1660 717 1703 dictumest,
736 1669 806 1695 non
823 1659 1009 1702 Dominus,
1032 1659 1181 1704 quierat
1199 1658 1235 1693 in
1254 1656 1360 1701 Juda,

306 1720 372 1756 sed
388 1720 463 1767 ipse
478 1719 601 1757 Judas.
624 1720 696 1757 Cur
710 1726 830 1756 autem
849 1720 1025 1763 timuerit,
1046 1729 1128 1754 cum
1149 1728 1219 1765 quo
1241 1717 1360 1753 Domi-

307 1791 375 1816 nus
398 1786 490 1825 erat,
511 1782 542 1817 si
560 1782 734 1828 quaeritur
756 1807 765 1825 ,
786 1782 855 1817 hoc
874 1782 969 1827 quod
1000 1781 1197 1827 prudenter
1226 1779 1359 1815 intelli-

306 1841 460 1887 gendum
498 1847 553 1879 est
589 1842 788 1889 refringere
818 1842 930 1878 Deum
961 1842 1155 1888 propitium
1187 1841 1296 1876 etiam
1323 1841 1359 1876 in

306 1901 475 1938 cordibus
500 1912 647 1938 suorum
673 1902 794 1939 nimia:
831 1903 1081 1949 prosperitatis
1103 1912 1294 1946 excessus,
1320 1907 1360 1937 ut

307 1962 343 1998 in
359 1973 425 1998 usu
442 1972 566 1999 eorum
586 1969 773 1999 convertat
799 1964 980 2007 inimicos,
996 1974 1068 1999 non
1089 1963 1203 1999 solum
1215 1963 1359 2008 quando

306 2022 498 2059 vincuntur
523 2023 673 2066 inimici,
714 2025 777 2060 sed
808 2024 917 2060 etiam
947 2024 1091 2069 quando
1121 2028 1355 2059 metuuntur:

742 190 783 226 B.
811 188 980 227 RABANI
1005 188 1153 227 HAURI
1176 183 1388 227 Ancmm’.

1415 181 1622 226 noeuur.
1649 175 1839 224 erenum
1863 184 1984 222 PARS
2006 184 2033 220 1.
2346 187 2366 198 ‘-
2386 184 2432 226 n
2452 188 2455 219 ς

1386 265 1419 306 Α
1438 263 1548 300 Nave.
1564 263 1643 310 lpsa
1660 262 1819 299 estenim
1828 259 1949 305 lelius,
1967 269 2048 306 quae
2063 259 2300 297 Hierusalem.
2310 259 2393 299 ideo
2414 254 2478 308 25⁴¹,

1435 325 1512 362 istae
1523 325 1637 361 tribus
1651 327 1905 362 remanserunt
1922 323 1968 359 ad
1980 321 2154 368 templum
2166 318 2323 367 Domini,
2365 337 2383 354 ·‚
2402 331 2429 355 ῑ.,

1435 391 1589 429 caeterae,
1625 389 1776 431 excepta
1805 383 1919 428 Levi,
1961 391 2043 429 quae
2078 382 2316 421 sacerdotalis
2353 381 2422 421 ruit
2444 388 2448 390 “
2477 426 2480 428 v

1433 451 1549 482 terras
1566 446 1603 480 in
1620 445 1834 480 divisionem
1850 454 1922 480 non
1947 443 2086 489 accepit
2104 470 2114 487 ‚
2134 448 2392 490 separaverunt
2412 452 2461 486 se

1432 517 1544 552 reguo
1561 505 1652 541 Juda
1676 515 1757 541 eum
1786 503 1990 541 Jeroboam.
2009 504 2283 552 Intelligendum
2307 510 2364 543 est
2382 515 2404 544 e
2431 522 2438 547 ·,
2481 544 2484 551 ,

1434 577 1454 603 a
1471 567 1489 603 J
1495 567 1562 603 uda
1578 566 1723 611 quidem
1737 565 1923 602 civitatem
1939 570 2083 612 captam
2100 570 2136 602 et
2161 565 2358 610 incensam,
2376 566 2414 604 in
2465 600 2487 605 ,,

1432 627 1537 663 sectis
1552 626 1613 673 qui
1638 626 1711 662 illic
1729 626 1863 672 reperti
1877 625 2035 670 fuerant,
2051 628 2114 663 sed
2141 637 2215 663 non
2238 637 2363 664 omnes
2382 626 2439 664 Je«
2457 647 2497 669 μ),

1433 701 1523 727 saeos
1535 691 1732 727 exstinctos
1745 702 1754 734 ;
1770 691 1845 728 sive
1857 691 1941 738 quia
1951 697 2054 729 erant
2063 698 2166 730 extra
2180 693 2277 730 illam
2288 694 2432 730 civitate
2455 709 2459 725 ι
2468 691 2495 736 ,ιί

1433 752 1508 787 sive
1525 752 1608 797 quia
1627 751 1749 798 fugere
1766 757 1960 798 potuerunt
1977 766 1984 789 :
2013 764 2104 800 quos
2124 755 2283 801 reliquos
2299 755 2457 792 Ιθὺιιεεε
2479 767 2487 795 j

1432 813 1608 849 admissos
1633 824 1712 850 esse
1738 824 1759 849 a
1794 813 1878 851 filiis
1908 814 2108 860 Beniamin,
2143 816 2358 862 quibuscum
2396 812 2487 867 ‚ludi⁴¹
2518 823 2521 862 ’ς

1431 879 1509 909 erat
1529 875 1655 910 civitas
1677 874 1737 910 illa
1755 875 1970 920 communis,
1988 876 2072 912 acin
2087 886 2129 912 ea
2145 872 2491 921 simulhabitabant‘&
2514 869 2521 914 η’

1431 934 1532 979 Quod
1542 946 1627 981 ergo
1643 935 1856 979 dictumest,
1878 936 1961 972 Non
1972 937 2266 973 haereditaverunt
2284 937 2487 975 Jebusoeum
2508 931 2522 969 -ἶ

1430 996 1495 1041 filii
1519 996 1706 1042 Benjamin
1725 1024 1734 1040 ,
1760 996 2035 1043 intelligendum
2070 998 2166 1044 quod
2187 998 2398 1034 tributarios
2425 1006 2487 1037 eos
2511 1002 2523 1036 ·'·

1429 1059 1550 1095 facere
1569 1063 1776 1105 potuerunt,
1794 1058 1869 1094 sive
1881 1058 2083 1094 voluerunt.
2104 1058 2175 1094 Aut
2193 1064 2311 1102 certe,
2327 1065 2359 1094 et
2387 1056 2487 1094 habi-

1431 1119 1514 1155 tavit
1537 1118 1731 1161 Jebasoeus,
1753 1118 1887 1154 dictum
1906 1123 1972 1161 cst,
1995 1118 2078 1163 quia
2098 1128 2171 1154 non
2191 1118 2269 1155 sine
2288 1118 2349 1154 illo
2371 1118 2486 1154 tenuit
2511 1107 2519 1130 ³

1382 1187 1414 1226 Β
1439 1185 1588 1223 terram,
1612 1190 1719 1225 quam
1735 1180 1779 1215 ab
1798 1179 1857 1215 illo
1876 1179 2094 1224 possidebat.

1479 1242 1662 1277 Manasses
1685 1251 1818 1286 quoque
1834 1251 1902 1275 non
1927 1239 2051 1274 delevit
2073 1238 2237 1281 Bethsan‚
2267 1246 2299 1275 et
2317 1239 2483 1276 Thanaclt
2511 1251 2516 1254 ·

1431 1314 1508 1338 cum
1528 1302 1650 1337 viculis
1685 1302 1770 1343 suis,
1806 1307 1837 1336 et
1857 1300 2069 1335 habitatores
2101 1300 2176 1336 Dor
2193 1308 2223 1336 et
2241 1301 2417 1345 Jeblaam,
2446 1306 2480 1338 et

1431 1362 1470 1397 M
1473 1362 1604 1406 asleddo
1622 1373 1699 1396 eam
1717 1361 1840 1396 viculis
1858 1361 1945 1404 suis,
1964 1362 2129 1408 coepitque
2145 1360 2366 1398 Cltananoeus
2384 1362 2484 1398 habi·
2512 1362 2521 1393 Ϊ

1431 1426 1504 1456 tare
1526 1432 1604 1456 cam
1624 1422 1686 1456 eis.
1718 1420 1762 1455 Et
1783 1431 1850 1455 non
1871 1421 2087 1456 Izan-editavit
2115 1420 2296 1457 Manasses
2312 1421 2481 1466 Bethsan,
2516 1426 2526 1457 ’ῑ

1431 1492 1508 1528 quae
1525 1488 1580 1518 est
1609 1482 1825 1528 Scytharum
1862 1481 2010 1525 eivitas3
2038 1482 2115 1527 ipsa
2145 1481 2249 1518 hodie
2275 1481 2484 1527 perhibetur
2520 1479 2526 1482 “

1431 1542 1658 1588 Scythopolis
1677 1542 1759 1578 diei.
1784 1542 1905 1578 Potest
1924 1547 2043 1578 autem
2068 1551 2224 1585 movere,
2246 1542 2425 1588 quomodo
2442 1543 2481 1579 in
2517 1578 2525 1585 ,

1429 1601 1500 1638 illis
1534 1602 1697 1648 partibus
1727 1603 1878 1638 multum
1911 1605 1956 1639 ab
1975 1603 2121 1651 Scythia
2141 1605 2292 1641 diversis
2325 1603 2484 1652 potuerit
2520 1605 2529 1612 '

1429 1672 1510 1699 esse
1530 1662 1747 1709 Scytharum
1764 1663 1915 1699 civitas?
1932 1663 2002 1700 Sed
2018 1665 2185 1701 similiter
2198 1670 2315 1711 potest
2323 1676 2482 1711 movere,
2519 1691 2530 1698 2

1430 1723 1609 1769 quomodo
1631 1728 1701 1758 tam
1721 1723 1827 1770 longe
1846 1735 1865 1759 a
1883 1725 2090 1761 Macedonia
2117 1725 2263 1762 Macedo
2278 1725 2484 1763 Alexander

1429 1782 1629 1818 condiderit
1643 1782 1899 1820 Alexandriam
1915 1784 2123 1821 civitatem?
2141 1785 2243 1830 Quod
2262 1785 2383 1832 itaque
2397 1785 2485 1823 feeit

1428 1842 1533 1890 longe
1551 1843 1695 1890 lateque
1728 1844 1905 1890 bellando,
1928 1846 1978 1882 ita
2002 1847 2111 1883 etiam
2146 1857 2227 1883 eum
2256 1847 2400 1895 Scythae
2419 1847 2486 1884 ali·
2528 1892 2535 1893 ἶ

1428 1905 1572 1950 quando
1587 1904 1754 1942 bellando
1772 1906 1809 1942 in
1829 1906 2024 1954 longinqua
2039 1908 2357 1955 progrederentur,
2376 1908 2485 1946 istam
2530 1907 2533 1909 ’

1427 1967 1584 2004 condere
1608 1974 1820 2014 potuerunt,
1841 1969 1931 2005 Nam
1952 1969 2085 2016 legitur
2100 1969 2136 2005 in
2155 1969 2305 2006 historia
2324 1969 2485 2016 genuum

1427 2028 1634 2064 universam
1654 2040 1745 2075 pene
1764 2030 1887 2065 Asiam
1910 2029 2063 2076 Scythas
2091 2031 2283 2075 aliquando
2311 2030 2482 2074 tenuisse,
2527 2038 2530 2039 ’

307 2086 394 2123 illud
408 2088 453 2122 ad
469 2088 790 2124 commendandum
821 2087 1024 2133 largitatem
1053 2096 1170 2130 suam,
1192 2087 1278 2122 illud
1312 2085 1356 2121 ad
1375 2086 1404 2127 C
1427 2098 1508 2124 cum
1537 2089 1612 2135 regi
1640 2088 1894 2135 AEgyptiorum
1929 2089 1979 2124 illi
1998 2090 2059 2136 qui
2084 2090 2136 2126 eis
2155 2090 2252 2126 ultro
2278 2090 2411 2127 bellum
2425 2090 2484 2127 in-

306 2155 433 2182 eorum
453 2146 719 2192 reprimendam
738 2147 946 2183 elationem.
977 2147 1067 2182 Nam
1093 2148 1219 2193 utique
1238 2147 1357 2182 inimi-

306 2215 372 2242 cus
409 2212 616 2242 sanctorum
642 2211 697 2242 est
730 2207 878 2252 angelus
913 2207 1077 2250 Satanae,
1113 2216 1218 2252 quem
1238 2211 1359 2242 tamen

302 2266 376 2302 sibi
395 2266 517 2302 datum
533 2266 816 2312 colaphizantem
833 2268 920 2303 dicit
937 2267 1144 2313 Apostolus,
1162 2279 1207 2304 ne
1223 2267 1359 2314 magni-

306 2325 431 2362 tudine
446 2325 702 2362 revelationum
717 2327 949 2363 extolleretur
963 2327 1017 2374 (ΙΙ
1040 2327 1121 2363 Cor.
1145 2328 1225 2374 xn).

354 2384 400 2420 Et
420 2385 603 2429 dederunt,
630 2386 761 2432 inquit,
793 2385 896 2422 Caleb
927 2386 1060 2430 Ebu-on,
1094 2388 1186 2422 sicut
1222 2387 1359 2423 locutus

307 2450 357 2481 est
375 2444 528 2491 Moyses,
544 2452 575 2482 et
592 2446 808 2482 hoereditavit
836 2446 917 2482 inde
934 2453 1003 2483 tres
1029 2448 1183 2484 civitates
1204 2447 1359 2493 {iliorum

308 2507 445 2551 Enach‚
476 2513 510 2543 et
534 2507 677 2544 abstulit
705 2509 786 2544 inde
802 2513 868 2544 tres
888 2508 980 2555 filios
1012 2509 1149 2545 Enach.
1183 2509 1264 2546 Jam
1293 2510 1361 2546 hoc

306 2568 444 2605 dictum
473 2573 528 2606 est
547 2569 585 2605 in
615 2569 709 2606 libro
732 2569 819 2606 Jcsu
845 2570 961 2614 Nave,
983 2571 1152 2616 quoniam
1188 2571 1249 2607 illo
1278 2571 1360 2607 vivo

308 2627 445 2666 factum
460 2634 539 2674 est3
567 2630 632 2668 sed
649 2631 709 2667 hic
737 2632 1008 2678 recapitulando
1037 2638 1360 2670 commemoratum

308 2697 379 2736 est,
395 2703 478 2729 cum
491 2692 659 2739 desuda,
680 2694 775 2731 unde
790 2694 858 2730 fuit
882 2694 991 2732 Caleb
1018 2694 1206 2740 Scriptura
1237 2694 1361 2731 leuue-

312 2757 425 2789 retur.

720 2814 872 2852 CAPUT
888 2814 947 2852 lv.

306 2874 416 2919 «Quod
435 2874 502 2921 filii
519 2874 707 2922 Benjamin
724 2887 793 2912 non
811 2881 998 2922 potuerunt
1021 2875 1135 2911 delere
1157 2875 1358 2911 Jebusoeum

359 2923 397 2957 in
414 2922 649 2966 Hierusalem,
663 2934 724 2959 nec
738 2922 777 2958 M
779 2934 933 2965 anasses
947 2923 984 2957 in
998 2922 1139 2957 urbibus
1154 2923 1258 2958 sortis
1272 2933 1360 2965 saoe,

360 2967 481 3003 delevit
494 2968 746 3010 Chananaeum
757 2969 816 3004 sed
830 2969 1071 3006 habitaverunt
1085 2979 1163 3003 cum
1178 2969 1240 3003 eis.
1259 2967 1362 3003 Post-

362 3024 466 3060 quam
481 3020 596 3048 autem
615 3014 830 3060 confortatus
859 3020 908 3049 est
928 3013 1056 3056 Isi-‚ael
1077 3013 1157 3058 fecit
1173 3025 1231 3049 eos
1248 3014 1362 3050 tribu-

362 3061 487 3104 tarios,
505 3065 538 3095 et
552 3059 664 3095 delere
683 3059 811 3094 noluit.

362 3119 482 3168 (lum.)
507 3119 708 3155 Jebusoeum
740 3125 856 3154 autem
884 3119 1112 3155 habitatorem
1144 3119 1366 3157 Hierusalem

315 3194 387 3221 non
412 3182 610 3219 deleverunt
624 3181 690 3227 [ilii
703 3181 893 3228 Benjamin
905 3209 914 3226 ‚
934 3182 1167 3229 habitavitque
1183 3183 1366 3220 Jebusaeus

322 3256 401 3281 cum
421 3244 506 3290 filiis
533 3242 723 3290 Benjamin
741 3243 778 3278 in
795 3242 1016 3279 Hierusalem
1037 3254 1144 3290 usque
1163 3245 1200 3279 in
1215 3255 1367 3290 proesen-

319 3310 386 3340 tem
414 3304 519 3339 diem.
540 3303 720 3347 Quaeritur
738 3302 916 3348 quomodo
948 3302 1082 3339 dietum
1109 3303 1167 3346 sit,
1193 3303 1240 3338 Et
1259 3304 1368 3340 Jebu-

320 3374 431 3400 swam
452 3362 666 3399 habitantem
697 3361 920 3398 Hierusalem
939 3372 1009 3397 non
1037 3361 1232 3398 deleverunt
1247 3373 1259 3398 :
1276 3363 1366 3407 sive,

319 3433 393 3459 non
405 3421 695 3458 haereditaverunt
709 3420 777 3467 filii
793 3420 1006 3467 Benjamin;
1028 3426 1062 3457 et
1075 3411 1245 3457 habitarit
1257 3420 1369 3457 Jebu-

320 3494 416 3521 soeus
448 3493 526 3519 cum
557 3483 640 3529 filiis
677 3483 863 3530 Benjamin
894 3483 931 3519 in
961 3481 1184 3519 Hierusalem
1210 3483 1372 3530 usquein

324 3545 530 3582 hodiernum
547 3544 651 3590 diem,
666 3555 749 3581 cum
767 3544 932 3591 superius
946 3543 1086 3591 legatur
1102 3544 1227 3581 eadem
1246 3543 1375 3580 civitas

325 3616 349 3644 a
365 3605 457 3644 tuda
473 3610 580 3653 capta
597 3611 635 3643 et
653 3606 814 3650 incensa,
835 3605 1038 3642 interfectis
1057 3605 1096 3642 in
1114 3615 1165 3642 ea
1179 3604 1374 3643 Jebusaeis?

325 3667 401 3706 Sed
420 3669 714 3718 cognoscendum
736 3673 794 3705 est
807 3667 915 3705 istam
931 3667 1115 3705 civitatem
1144 3676 1374 3705 communem

323 3727 501 3767 habuisse
532 3730 623 3768 duas
653 3729 784 3775 tribus,
810 3728 940 3766 ludam
967 3734 1005 3766 et
1033 3727 1224 3776 Beniamin
1239 3756 1250 3775 ‚
1273 3730 1374 3767 sicut

321 3790 488 3829 ‘ostendit
507 3792 733 3840 ipsa-divisio
745 3797 942 3839 terrarum,
968 3789 1160 3840 quaefacta
1177 3796 1236 3831 est
1252 3790 1374 3844 avesa

1429 2151 1582 2195 dixerat,
1594 2152 1688 2186 irent
1701 2152 1859 2195 obviam,
1869 2162 2023 2198 quorum
2045 2152 2200 2188 adventu
2212 2151 2361 2189 territus
2377 2160 2484 2190 suum

1429 2212 1466 2248 in
1486 2223 1637 2258 regnum
1664 2213 1813 2258 recepit.

1476 2274 1669 2321 Postquam
1697 2281 1813 2310 autem
1843 2274 2059 2320 confortatus
2087 2280 2136 2311 est
2154 2274 2291 2319 Israel,
2323 2275 2405 2322 fecit
2425 2286 2483 2313 eos

1429 2333 1649 2378 tributarios,
1671 2340 1702 2370 et
1720 2334 1834 2370 delere
1850 2335 1975 2371 noluit.
1998 2335 2079 2371 Jam
2105 2336 2177 2372 tale
2194 2335 2330 2382 aliquid
2345 2336 2482 2373 dictum

1428 2402 1484 2432 est
1513 2396 1549 2431 in
1584 2396 1675 2432 libro
1692 2395 1776 2432 Jesu
1801 2397 1900 2433 Nave
1937 2408 2029 2442 pene
2053 2397 2141 2443 ipsis
2169 2397 2302 2434 verbis.
2324 2398 2481 2435 Proinde

1429 2462 1491 2493 aut
1508 2458 1567 2493 hic
1588 2467 1652 2503 per
1670 2458 1977 2504 anacephalaeosin
1994 2458 2139 2502 dicitur,
2154 2464 2216 2494 aut
2237 2458 2308 2494 illic
2322 2469 2387 2504 per
2398 2468 2483 2505 pro-

1427 2516 1542 2562 lepsin
1563 2517 1698 2553 dictum
1715 2524 1785 2561 est,
1801 2517 1838 2554 id
1855 2522 1922 2559 est,
1945 2522 2008 2554 aut
2031 2518 2091 2554 hic
2116 2517 2398 2563 recapitulando,
2420 2522 2483 2554 aut

1429 2577 1502 2613 illic
1522 2578 1820 2624 praeoccupando.
1843 2577 1937 2622 Quid
1954 2578 2050 2614 enim
2069 2577 2309 2621 Chananaeus‚
2338 2577 2482 2624 gentilis
2534 2631 2540 2634 η

1427 2637 1592 2674 videlieet
1610 2638 1777 2685 populus,
1808 2638 1877 2674 nisi
1893 2638 2020 2674 vitium
2051 2639 2192 2686 signat?
2210 2639 2257 2675 Et
2282 2639 2318 2674 in
2337 2639 2479 2685 magnis

1427 2699 1623 2735 virtutibus
1656 2705 1793 2735 terram
1817 2699 2107 2746 repromissionis
2139 2698 2372 2746 ingredimur,
2396 2697 2481 2743 quia
2531 2727 2540 2731 ..

1429 2772 1493 2809 spe
1518 2763 1645 2799 intima
1662 2763 1706 2799 de
1726 2762 1927 2798 aeternitate
1942 2762 2168 2798 roboramur.
2188 2761 2259 2797 Sed
2279 2760 2364 2796 dum
2387 2759 2482 2796 inter
2533 2762 2540 2770 ““

1430 2828 1510 2859 acta
1530 2823 1696 2859 sublimia
1713 2823 1800 2858 vitia
1819 2823 1982 2868 quaedam
2010 2832 2123 2868 parva
2141 2820 2358 2864 retinemus,
2376 2819 2481 2866 quasi
2535 2822 2540 2834 ²

1429 2882 1674 2919 chananaeum
1698 2882 1861 2918 habitare
1883 2882 1920 2918 in
1948 2887 2048 2918 terra
2078 2885 2202 2918 nostra
2238 2879 2480 2924 concedimus,
2535 2909 2540 2918 2

1431 2941 1493 2986 qui
1519 2947 1638 2977 tamen
1682 2942 1894 2978 tributarius
1929 2940 2103 2983 efficitur,
2137 2940 2223 2987 quia
2258 2940 2328 2976 hoc
2364 2939 2483 2986 ipsum

1378 2987 1414 3027 D
1431 3001 1573 3044 vitium,
1591 3001 1686 3046 quod
1703 3002 1868 3048 subigere
1895 3011 1968 3039 non
1986 3010 2189 3047 possumus,
2221 3000 2266 3036 ad
2281 3009 2388 3036 usum
2406 2999 2483 3036 uti·-
2533 3025 2540 3034 -.

1432 3060 1547 3098 litatis
1573 3065 1704 3097 nostrae
1737 3060 1922 3098 humiliter
1942 3066 2216 3107 retorquemus,
2245 3063 2287 3096 ut
2317 3068 2361 3096 eo
2386 3058 2430 3096 de
2445 3067 2485 3096 se

1433 3132 1535 3159 mens
1554 3126 1590 3158 et
1609 3121 1645 3157 in
1668 3122 1816 3158 summis
1842 3122 1928 3158 vilia
1957 3121 2102 3166 sentiat,
2135 3131 2207 3168 quo
2240 3119 2318 3157 suis
2334 3118 2479 3156 viribus

1433 3184 1542 3220 etiam
1560 3193 1672 3229 parva
1703 3193 1782 3228 quae
1802 3183 1938 3230 appetit
1967 3193 2040 3219 non
2057 3185 2262 3228 expugnat;
2281 3178 2378 3216 unde
2391 3179 2485 3216 bene
2537 3176 2540 3215 ἶ

1906 3241 1974 3278 11oe
1998 3246 2084 3277 sunt
2103 3246 2240 3286 aemes,
2256 3250 2343 3286 quas
2362 3239 2485 3276 Dami—
2534 3246 2540 3266 ἔ

1434 3312 1502 3338 nus
1522 3299 1718 3348 dereliquit,
1738 3308 1777 3336 ut
1792 3301 1946 3336 erudiret
1964 3301 2002 3336 in
2018 3300 2067 3336 eis
2080 3298 2208 3336 Israel.
2229 3300 2284 3338 Ad
2299 3300 2368 3338 hoc
2382 3310 2486 3337 nam-
2523 3277 2540 3326 'l

1433 3372 1508 3410 que
1527 3362 1690 3408 quaedam
1704 3362 1853 3398 minima
1873 3366 1999 3398 nostra
2013 3360 2104 3398 vitia
2118 3361 2337 3406 retinentur,
2351 3366 2393 3398 ut
2405 3367 2487 3399 sese
2519 3353 2540 3405 “l

1437 3427 1564 3461 nostra
1580 3422 1781 3460 intentione
1790 3422 1943 3460 sollicita
1957 3422 2000 3460 ‘in
2015 3423 2213 3460 certamine
2231 3433 2374 3470 semper
2382 3427 2487 3461 exer-v
2512 3426 2515 3445 ¹

1433 3252 1579 3278 rursum
1606 3243 1779 3288 scriptum
1802 3248 1856 3278 est
1873 3254 1882 3277 :

1435 3488 1518 3520 eeat
1534 3511 1544 3528 ‚
1562 3489 1603 3520 ut
1621 3493 1664 3521 eo
1689 3483 1734 3521 de
1750 3483 1903 3520 victoria
1936 3494 2010 3521 non
2040 3484 2238 3531 superbiat,
2258 3493 2331 3530 quo
2361 3484 2486 3521 vivere

1442 3544 1481 3581 in
1497 3554 1538 3581 se
1554 3544 1683 3582 hostes
1701 3544 1889 3591 conspicit,
1916 3554 1937 3580 a
1959 3543 2091 3592 quibus
2111 3544 2228 3582 adhuc
2243 3543 2342 3580 vinci
2358 3534 2498 3580 tbrmi-'

1443 3604 1518 3643 dat.
1527 3604 1647 3643 ‘Israel
1656 3614 1745 3652 ergo
1761 3605 1955 3642 reservatis
1969 3605 2136 3652 gentibus
2150 3603 2330 3648 eruditur,
2345 3603 2489 3651 quando

1439 3666 1482 3705 in
1513 3666 1728 3714 quibusdam
1757 3666 1915 3704 minimis
1934 3666 2033 3704 vitiis
2065 3665 2176 3704 elatio
2192 3663 2340 3702 virtutis
2356 3666 2492 3702 nostrae

1442 3728 1704 3777 comprimitur,
1725 3732 1762 3765 et
1786 3728 1826 3764 in
1854 3728 1978 3775 parvis
1998 3725 2078 3766 sibi
2110 3725 2365 3769 resistentem
2382 3718 2493 3766 (fison

1439 3791 1558 3850 ‘quod
1550 3799 1599 3830 ex
1608 3799 1654 3846 se
1652 3789 1800 3847 maiora
1811 3798 1884 3830 non
1901 3792 2060 3846 superat
2099 3810 2101 3813 ⁴
