2540 4016
306 162 373 198 72⁷

734 162 776 200 Β.
801 162 972 202 RABANI
997 163 1144 204 MAURI
1167 163 1382 203 ARGmEP.
1408 163 1615 204 MOGUNT.
1640 164 1831 204 OPERUM
1852 164 1972 204 PARS
1994 164 2023 203 1.

2403 166 2468 206 ηε
2488 160 2498 219 j

299 241 466 275 testatem
485 235 676 274 invocandi
689 239 912 286 unigenitum
925 239 1002 286 ejus
1017 240 1140 278 Jesum
1153 240 1351 278 Christum.
1370 246 1406 287 A
1421 239 1515 277 tiunt
1541 240 1681 285 audire,
1700 246 1922 288 possuntque
1948 250 2077 287 capere
2095 239 2293 287 spiritalem
2323 251 2470 280 sensum
2495 271 2498 280 .

296 297 391 342 Ergo
418 296 599 335 daemones
630 304 710 336 arte
737 302 892 347 quadam
922 308 959 338 et
979 302 1239 349 compositione
1263 314 1347 341 ver-

295 358 447 403 borum,
480 358 518 394 in
543 359 739 405 amicitias,
767 368 807 398 ut
826 364 877 399 ita
900 365 1032 408 dicam,
1063 371 1250 402 cesserant
1279 366 1347 402 Ba-

293 417 404 462 laam,
423 420 575 465 quor'um
595 421 765 459 amicitiis
784 422 913 467 fretus,
944 435 1094 471 magnus
1118 427 1211 472 apud
1232 427 1348 463 homi-

291 489 357 516 nes
388 479 590 516 videbatur.
619 480 674 517 Ob
694 481 763 518 hoc
782 492 868 529 ergo
896 484 1009 520 mittit
1041 486 1087 522 ad
1105 496 1189 522 eum
1224 498 1287 524 rex
1311 491 1348 523 et

294 540 369 575 ait:
394 538 479 575 Veni
503 551 594 577 nunc
613 547 645 577 et
670 542 820 579 maledic
844 544 930 580 milti
948 546 1114 593 populum
1133 548 1237 591 hunc,
1264 546 1348 595 quia

292 601 420 646 sortior
437 601 493 637 hic
519 608 584 646 est,
599 614 705 649 quam
724 615 808 641 nos:
825 606 855 641 si
870 605 960 651 sorte
985 608 1156 654 possimus
1170 615 1347 655 percutere

287 662 428 709 aliquos
449 674 492 699 ex
513 663 578 709 eis,
596 670 628 700 et
651 665 776 712 ejicere
805 678 863 703 eos
895 679 917 704 a
943 675 1049 705 terra.
1081 669 1232 706 Videtur
1258 669 1347 705 mihi

289 732 355 758 rex
377 723 436 760 hic
456 733 527 759 non
547 735 589 761 ex
614 725 757 773 integro
786 727 969 764 confidere
996 730 1033 765 in
1050 730 1198 765 Balaam
1223 731 1346 766 divino

288 783 444 829 ingent1;
464 786 570 823 credo
589 787 632 823 de
651 788 845 826 virtutibus
859 800 938 836 quae
956 791 992 826 in
1010 792 1140 837 populo
1164 792 1224 828 Dei
1243 792 1346 828 sactae

288 850 373 880 sunt
391 847 572 883 auditione
593 850 825 894 perterritus,
847 856 883 886 et
902 851 982 887 ideo
1002 853 1102 895 dicit,
1123 853 1153 888 si
1173 852 1266 888 forte
1289 852 1346 889 vel

287 916 330 941 eo
356 917 468 952 usque
492 909 712 954 praevaleant
741 911 1014 948 maledictiones
1030 912 1199 957 Balaam,
1219 920 1258 949 ut
1280 913 1347 949 ali-

289 978 376 1014 quos
395 979 440 1007 ex
459 970 546 1016 ipsis
574 972 688 1016 possit
716 979 919 1018 percutere,
938 980 1089 1010 caeteros
1108 984 1195 1010 vero
1219 974 1345 1020 fugare

287 1031 512 1074 perterritos,
534 1036 570 1067 et
588 1033 735 1078 propria
756 1039 852 1069 terra
871 1035 1063 1080 depellere.
1087 1036 1234 1072 Addidit
1253 1046 1345 1082 prae-

288 1095 401 1134 terea,
423 1091 517 1134 Quia
536 1093 620 1136 scio,
643 1094 770 1139 inquit,
789 1095 881 1141 quod
901 1107 987 1141 quos
1009 1096 1248 1141 maledixeris,
1270 1110 1346 1134 ma-

1416 310 1530 347 pauca
1540 302 1659 349 aliqua
1673 303 1824 340 dicimus
1835 313 1881 339 ex
1895 303 2032 339 multis.
2043 301 2166 338 Potest
2179 311 2264 349 ergo
2277 302 2384 348 objici
2398 305 2470 342 tale

1415 362 1551 409 aliquid
1573 373 1616 400 ac
1636 363 1720 399 dici.
1741 363 1886 400 invocet
1902 363 2084 399 daemones
2099 362 2260 407 Balaam,
2280 363 2472 401 maledicat

1413 423 1544 469 populo
1570 435 1579 459 :
1603 423 1763 460 invocari
1785 424 1965 460 daemones
1996 422 2133 459 iaciant
2166 423 2261 470 quod
2291 429 2469 470 possunt:

1414 484 1574 529 nunquid
1606 494 1679 520 non
1701 488 1820 529 potest
1853 483 1947 519 Deus
1977 481 2169 520 defendere
2197 495 2218 520 a
2249 484 2472 524 daemonibus

1412 543 1596 589 populum,
1614 543 1761 588 vimque
1780 551 1905 578 eorum
1924 542 1961 577 in
1979 542 2238 580 malefaciendo
2257 544 2472 583 destruere?

1414 603 1507 647 Quid
1525 613 1611 649 ergo
1633 611 1723 648 opus
1745 607 1838 647 erat,
1858 608 1898 638 ut
1922 603 1998 648 ipse
2022 604 2164 640 veniret
2182 605 2230 641 ad
2251 605 2411 648 Balaam,
2433 610 2472 643 et
2523 598 2527 599 ⁷

1414 666 1604 697 consuetos
1621 662 1803 698 daemones
1827 663 2036 708 prohiberet
2052 665 2238 708 accedere,
2254 675 2301 700 ne
2316 665 2373 701 vel
2392 670 2470 703 ten-

1414 730 1533 760 tarent
1550 729 1614 760 aut
1631 729 1849 760 conarentur
1866 724 1996 761 laedere
2012 725 2104 761 velle
2122 725 2294 772 populum
2310 726 2400 763 Dei?
2413 726 2472 765 Ad

1413 785 1490 820 haec
1513 794 1612 831 ergo,
1645 784 1729 821 licet
1753 794 1825 820 non
1855 785 1976 821 omnia
2002 795 2082 830 quae
2106 790 2258 831 possunt
2276 795 2471 823 occurrere
2521 815 2529 820 .

1411 846 1628 894 proferenda
1646 853 1743 891 sunt,
1767 853 1889 884 tamen
1913 848 2065 884 dicimus
2087 859 2131 885 ex
2150 853 2268 894 parte,
2295 847 2379 893 quia
2396 857 2470 883 non
2533 862 2535 899 j

1412 910 1488 945 vult
1507 910 1600 945 Deus
1630 910 1831 945 daemonum
1862 920 1974 955 genus
2003 915 2085 945 ante
2117 915 2258 955 tempus
2278 908 2466 944 damnare.

1414 968 1541 1005 Sciunt
1569 969 1664 1005 enim
1687 974 1723 1005 et
1748 969 1817 1014 ipsi
1848 970 2042 1014 daemones,
2067 969 2150 1015 quia
2170 975 2311 1014 tempus
2341 977 2468 1003 eorum

1411 1040 1570 1076 praesens
1591 1030 1660 1066 hoc
1687 1029 1858 1065 saeculum
1887 1029 2061 1065 continet.
2096 1029 2291 1074 Propterea
2315 1027 2470 1073 denique

1413 1097 1449 1127 et
1469 1091 1660 1126 Dominum
1692 1091 1885 1137 rogabant,
1916 1096 1956 1125 ut
1987 1100 2058 1126 non
2087 1095 2271 1135 torqueret
2301 1100 2364 1126 eos
2383 1095 2470 1126 ante

287 1150 404 1188 [edicti
433 1160 532 1189 erunt
556 1164 568 1189 .·
596 1161 627 1190 et
659 1166 744 1201 quos
771 1156 1006 1202 benedixeris,
1031 1158 1198 1193 benedicti
1219 1164 1340 1210 erunt.
1362 1155 1394 1193 B
1415 1158 1570 1198 tempuS,
1591 1161 1707 1196 neque
1730 1151 1767 1186 iss
1789 1151 1958 1198 abyssum
1978 1151 2151 1187 mitteret·
2181 1151 2226 1187 Εῑ
2243 1152 2289 1187 Ob
2307 1152 2376 1187 hOC
2406 1160 2472 1186 ¹¹8·

285 1210 361 1256 Ego
381 1222 452 1248 non
484 1216 591 1250 credo
610 1215 694 1260 quia
724 1215 834 1251 sciret
863 1227 925 1252 rex
946 1219 1041 1262 quod
1071 1218 1344 1264 quibuscunque

286 1272 527 1310 benedixisset
558 1275 714 1318 Balaam,
744 1277 922 1313 benedicti
947 1284 1080 1313 essent.
1112 1278 1182 1315 Sed
1203 1280 1345 1315 videtur

287 1334 375 1370 tnihi
395 1335 563 1370 adulandi
582 1336 698 1381 gratia
731 1337 807 1371 haec
836 1338 971 1379 dicere,
998 1343 1036 1372 ut
1056 1343 1172 1373 artem
1193 1338 1271 1383 ejus
1295 1338 1346 1373 es-

284 1393 404 1429 ser-cns
423 1400 459 1430 et
477 1395 666 1439 extollens,
682 1396 941 1442 promptiorem
959 1398 1027 1433 sibi
1051 1407 1134 1433 eum
1153 1399 1281 1433 reddat
1299 1399 1344 1435 ad

285 1452 438 1490 facinus.
469 1453 539 1491 Ars
569 1456 666 1490 enim
698 1457 837 1502 magica
866 1458 982 1493 nescit
1010 1458 1237 1502 benedicere,
1259 1459 1343 1504 quia

285 1524 352 1550 nec
371 1515 551 1552 daemones
569 1517 687 1552 sciunt
718 1518 945 1555 benefacere.
975 1519 1100 1555 Noseit
1129 1520 1344 1556 benedicere

283 1577 384 1612 Isaac
413 1583 449 1613 et
480 1576 603 1621 Jacob,
624 1584 659 1614 et
678 1590 804 1616 omnes
833 1581 974 1616 sancti:
998 1581 1191 1626 impiorum
1221 1581 1343 1617 nullus

284 1636 352 1670 scit
371 1636 596 1673 benedicere.
619 1637 688 1674 Sed
722 1639 866 1675 tandem
891 1640 1043 1676 veniunt
1065 1640 1171 1687 legati
1202 1641 1247 1676 ad
1270 1642 1341 1677 Ba-

285 1694 391 1730 laani.

340 1754 514 1793 Venerunt
544 1758 648 1801 enim,
669 1759 800 1805 inquit,
822 1760 972 1796 seniores
1001 1760 1105 1796 Moab
1125 1766 1156 1796 et
1189 1762 1342 1803 sen-iores

283 1814 438 1861 Madau,
469 1818 629 1855 habentes
659 1820 883 1856 divinationis
917 1822 1066 1868 pretium
1099 1822 1136 1857 in
1164 1823 1340 1866 manibus,

283 1876 358 1914 sive
393 1880 589 1916 secundum
618 1880 726 1916 aliam
747 1882 960 1925 editionem,
991 1883 1189 1918 divinacula
1211 1884 1247 1918 in
1265 1894 1342 1918 ma-

283 1939 384 1974 nibus
404 1951 536 1976 eorum.
567 1942 606 1977 ln
637 1942 706 1978 illis
733 1943 965 1979 divinationis
984 1944 1138 1987 artibus,
1157 1954 1249 1989 quas
1276 1954 1341 1980 cu-

284 1999 429 2036 riositas
451 2002 607 2038 humana
625 2003 843 2048 composuit,
862 2009 944 2039 sunt
961 2004 1124 2050 quaedam
1143 2014 1223 2050 quae
1244 2004 1342 2040 Scri-

1416 1223 1484 1259 qne
1517 1212 1698 1248 diabolum
1724 1213 1876 1248 removit
1909 1222 1929 1247 a
1958 1213 2160 1258 principatu
2195 1213 2315 1248 saeculi
2347 1211 2471 1257 hujus,

1414 1273 1499 1320 qnia
1517 1274 1634 1309 adhuc
1659 1283 1748 1318 opus
1778 1278 1832 1309 est
1852 1283 1961 1318 opera
1991 1274 2069 1319 eJus
2089 1273 2133 1308 ad
2153 1273 2326 1309 exercitia
2348 1277 2469 1309 certa-

1413 1333 1551 1367 minum
1569 1337 1606 1368 et
1627 1332 1817 1368 victoriam
1836 1333 2038 1368 beatorum.
2067 1332 2106 1368 Si
2126 1333 2222 1368 enim
2244 1333 2468 1371 daemonibus

1413 1391 1599 1427 auferatur
1615 1392 1764 1427 libertas
1782 1392 1937 1435 arbitrii,
1969 1392 2088 1428 nullus
2116 1393 2211 1428 ultra
2242 1392 2469 1440 impugnabit

1413 1450 1567 1486 athletas
1584 1450 1732 1486 Christi.
1754 1450 1858 1485 Nullo
1884 1456 2005 1485 autem
2029 1458 2271 1497 oppugnante,
2302 1463 2369 1488 nec
2393 1463 2473 1489 cer-

1413 1518 1532 1548 tamen
1564 1512 1709 1558 aliquod
1735 1511 1830 1554 erit3
1864 1517 1899 1547 et
1925 1511 2065 1548 sublato
2098 1513 2309 1556 certamine,
2337 1515 2474 1551 nullum

1412 1574 1482 1609 erit
1506 1574 1708 1618 praemium,
1730 1573 1826 1608 nulla
1853 1573 2017 1609 victoria.
2042 1574 2180 1610 ldcirco
2200 1574 2308 1621 igitur
2328 1576 2390 1611 tali
2413 1577 2473 1613 via

1411 1636 1527 1671 utitur
1548 1635 1659 1678 Deus,
1679 1640 1718 1669 nt
1737 1640 1774 1670 et
1792 1635 1946 1680 populus
1962 1635 2078 1670 adhuc
2093 1635 2205 1678 rudis,
2224 1640 2260 1671 et
2278 1636 2339 1681 qui
2359 1647 2474 1682 nuper

1416 1699 1577 1735 abstrahi
1614 1704 1775 1744 coeperat
1809 1708 1829 1733 a
1865 1698 1964 1733 cultu
2001 1699 2221 1740 daemonum,
2251 1698 2474 1735 daemonibus

1412 1774 1482 1798 non
1503 1762 1684 1804 tradatur;
1707 1766 1744 1797 et
1772 1760 1955 1796 invocanti
1981 1771 2086 1807 mago
2112 1771 2282 1806 responsa
2302 1760 2467 1797 deseran-

1411 1829 1482 1868 tur,
1502 1829 1538 1859 et
1558 1834 1669 1870 genus
1695 1823 1897 1858 daemonum
1915 1833 1987 1859 non
2006 1822 2160 1858 nudetur
2183 1823 2321 1858 arbitrii
2350 1829 2472 1868 potes-

1412 1890 1497 1919 tate.
1527 1884 1572 1919 Et
1605 1883 1686 1920 ideo
1706 1884 1881 1930 praevenit
1912 1884 2007 1919 Deus
2033 1882 2134 1918 adire
2161 1883 2328 1925 Balaam,
2361 1888 2471 1930 atque

1412 1945 1581 1981 invocare
1611 1944 1792 1980 daemones
1822 1944 1867 1980 ad
1899 1944 2186 1981 maledicendum
2213 1944 2404 1990 prohibet,
2431 1942 2464 1980 si

1412 2010 1534 2041 tamen
1564 2016 1585 2041 a
1605 2005 1801 2051 cupiditate
1834 2010 2024 2041 cessasset.
2047 2005 2118 2042 Sed
2136 2006 2220 2051 quia
2238 2005 2400 2051 persistit
2427 2004 2466 2040 in

283 2064 389 2104 ptura
408 2061 553 2105 quidem
570 2062 772 2099 divinacula
804 2065 1016 2101 nominavit.
1048 2064 1202 2101 Gentilis
1220 2071 1342 2102 autem
1361 2045 1390 2086 C
1416 2065 1593 2102 desiderio
1616 2066 1778 2112 pecuniae
1808 2065 2011 2113 indulgens,
2032 2066 2125 2102 Deus
2146 2066 2287 2102 arbitrii
2305 2066 2474 2103 libertate

284 2123 520 2166 consuetudo,
545 2124 602 2159 vel
623 2125 783 2170 tripodas
806 2126 863 2162 vel
895 2127 1070 2170 cortinas,
1089 2127 1147 2163 vel
1168 2127 1250 2163 aliis
1276 2128 1345 2163 hu-

283 2180 438 2226 iusmodi
458 2184 643 2221 vocabulis
660 2186 824 2232 appellat.
848 2186 935 2230 Quae
953 2188 1054 2232 quasi
1077 2187 1122 2223 ad
1139 2188 1208 2224 hoc
1226 2187 1345 2232 ipsum

283 2249 515 2286 consecrata,
553 2245 689 2280 moveri
722 2245 767 2281 ab
801 2246 855 2283 eis
885 2252 922 2282 et
952 2247 1173 2283 contrectari
1209 2247 1342 2283 solent.

284 2301 472 2348 Scriptura
504 2304 625 2341 divina
667 2316 753 2342 sane
786 2307 904 2352 Ephot
940 2309 1120 2353 quoddam
1150 2308 1345 2344 vernaculo

286 2372 453 2400 sermone
483 2365 646 2401 nominat
674 2366 711 2402 in
740 2368 938 2414 prophetis,
971 2369 1067 2414 quod
1096 2369 1345 2405 indumentum

284 2424 433 2460 tradunt
456 2435 536 2462 esse
555 2427 862 2473 prophetantium.
892 2430 1004 2476 Igitur
1034 2430 1181 2466 Balaam
1206 2430 1346 2468 divina-

285 2483 375 2520 culis
399 2486 570 2531 acceptis,
589 2497 673 2523 cum
694 2487 854 2524 solerent
871 2489 1053 2526 daemones
1073 2490 1117 2526 ad
1145 2500 1185 2527 se
1204 2491 1343 2535 venire,

284 2543 426 2592 fugatos
445 2547 589 2592 quidem
611 2548 792 2585 daemones
818 2549 936 2594 videt,
966 2551 1028 2587 sed
1054 2550 1181 2588 adesse
1207 2550 1343 2595 Deum;

285 2611 322 2641 et
341 2606 421 2642 ideo
448 2607 534 2643 dicit
562 2608 788 2656 interrogare
819 2620 858 2646 se
881 2612 1014 2655 Deum,
1037 2613 1120 2659 quia
1152 2618 1346 2649 consuetos

286 2665 352 2699 sibi
387 2676 516 2711 parere
550 2679 726 2713 nusquam
764 2670 943 2708 daemones
973 2673 1086 2709 videt.
1117 2673 1225 2710 Venit
1260 2682 1347 2719 ergo

287 2725 362 2770 ipse
383 2726 428 2761 ad
450 2726 618 2770 Balaam,
651 2739 722 2764 non
757 2732 852 2775 quod
877 2732 1005 2778 dignus
1036 2737 1132 2769 esset
1164 2733 1210 2769 ad
1239 2743 1347 2780 quem

288 2787 430 2823 veniret
455 2788 563 2832 Dens,
585 2789 648 2825 sed
666 2795 706 2824 ut
732 2791 942 2837 fugarentur
970 2794 1020 2829 illi
1055 2795 1117 2840 qui
1144 2795 1178 2831 ei
1208 2796 1253 2831 ad
1270 2805 1348 2832 ma-

287 2846 512 2885 ledicendum
529 2855 566 2885 et
583 2850 674 2885 male
695 2851 900 2888 faciendum
920 2855 1047 2891 adesse
1067 2863 1344 2893 consueverant.

288 2905 370 2942 Jam
390 2908 476 2943 hine
500 2909 596 2944 enini
619 2910 832 2954 providebat
861 2913 956 2948 Deus
975 2914 1106 2960 populo
1136 2926 1213 2951 suo.
1235 2917 1348 2953 Adest

290 2976 389 3012 ergo,
410 2972 446 3002 et
466 2967 553 3003 dicit
577 2968 672 3005 Deus
692 2970 737 3005 ad
766 2979 847 3005 eum
869 2984 876 3006 :
900 2971 993 3014 Quid
1024 2974 1179 3010 homines
1203 2977 1260 3011 isti
1291 2988 1347 3013 ve-

291 3035 416 3065 rterunt
445 3036 481 3065 at
500 3030 560 3066 te?
575 3030 620 3065 Et
652 3031 742 3067 dixit
762 3031 913 3068 Balaam
940 3034 986 3068 ad
1011 3034 1123 3071 Deum
1140 3047 1152 3071 .·
1172 3036 1283 3073 Balac
1307 3039 1348 3083 fi-

291 3090 358 3126 lius
388 3089 523 3138 Sepltor
560 3103 621 3128 rex
654 3092 781 3136 Moab,
814 3094 908 3130 misit
933 3106 991 3131 eos
1026 3096 1071 3132 ad
1094 3109 1170 3142 me,
1193 3099 1346 3135 dicens:

292 3151 384 3187 Ecce
402 3151 550 3199 populus
577 3154 678 3189 exivit
707 3153 749 3189 de
778 3153 933 3202 AEyypto
961 3161 994 3191 et
1020 3159 1197 3204 cooperuit
1222 3159 1349 3204 faciem

292 3216 409 3255 terrie,
430 3217 463 3247 et
481 3211 537 3248 liic
562 3212 649 3248 sedit
667 3213 775 3259 juxta
792 3224 860 3250 me.
886 3213 969 3251 Veni
992 3226 1073 3263 erqo
1097 3228 1189 3254 nune
1218 3224 1252 3254 et
1274 3229 1350 3254 ma-

292 3271 381 3308 ledic
395 3284 490 3316 eum,
508 3273 538 3309 si
555 3273 645 3319 [orte
664 3274 852 3320 poterimus
869 3281 1046 3322 percutere
1063 3287 1144 3312 eum
1158 3282 1191 3313 et
1209 3277 1347 3323 ejicere.

292 3333 340 3369 Et
366 3333 455 3370 dixit
475 3333 646 3371 Dominus
675 3335 722 3371 ad
749 3334 900 3372 Balaam
930 3348 942 3373 .·
968 3335 1053 3374 Νοη
1086 3349 1146 3375 eas
1176 3348 1256 3374 cum
1285 3339 1350 3383 eis,

296 3404 404 3441 neque
432 3394 621 3432 maledicas
645 3395 826 3444 populum.
852 3396 919 3434 Est
937 3397 1029 3434 enim
1055 3397 1265 3435 benedictus.
1286 3398 1351 3435 Al-

297 3454 369 3490 tior
393 3455 453 3492 hic
479 3457 642 3493 exoritur
669 3457 842 3503 quaestio;
863 3462 901 3494 et
930 3457 1053 3495 nescio
1075 3462 1199 3495 utrum
1222 3469 1353 3496 conve-

297 3513 374 3552 niat
399 3525 478 3552 rem
508 3521 583 3552 tam
611 3517 782 3564 profundi
805 3518 969 3566 mysterii
995 3519 1191 3563 denudare,
1209 3524 1246 3556 et
1268 3529 1354 3567 pro-

295 3573 394 3614 ferre
420 3576 467 3613 ad
486 3576 620 3620 turbas,
641 3585 678 3615 et
707 3589 771 3616 eas
793 3581 932 3624 turbas,
950 3591 1031 3628 quae
1061 3581 1108 3618 ad
1135 3581 1354 3619 auditorium

295 3637 398 3674 verbi
417 3638 481 3675 Dei
495 3666 504 3683 ,
526 3649 596 3675 non
629 3639 699 3676 nisi
719 3641 847 3687 paucis
876 3641 1003 3678 diebus
1030 3641 1245 3685 adveniunt,
1266 3652 1354 3679 con·

298 3696 400 3735 tinuo
430 3700 639 3745 discedunt,
673 3711 739 3738 nec
768 3701 806 3737 in
837 3702 1071 3740 meditatione
1093 3703 1193 3739 verbi
1216 3703 1353 3741 diutius

298 3754 551 3797 immorantur.
573 3761 708 3798 Tamen
730 3771 796 3808 pro
817 3762 875 3799 his
894 3762 956 3809 qui
974 3754 1124 3801 studiosi
1142 3769 1226 3801 sunt
1245 3769 1282 3801 et
1306 3763 1353 3802 si-

487 3897 522 3909 «e-
532 3897 535 3898 γ

1415 2137 1540 2162 rursus
1558 2127 1610 2162 ire
1629 2127 1825 2173 permittit;
1845 2127 1995 2163 verbum
2016 2132 2138 2162 tamen
2158 2136 2263 2163 suum
2293 2125 2411 2172 injicit
2435 2126 2473 2164 in

1414 2196 1455 2222 os
1484 2187 1574 2233 ejus,
1595 2187 1790 2232 prohibens
1823 2187 2115 2223 maledictionem
2143 2186 2222 2223 fieri
2251 2196 2316 2233 per
2338 2187 2475 2224 daemo=

1414 2256 1493 2290 nes,
1514 2252 1554 2282 ut
1581 2248 1893 2284 benedictionibus
1925 2247 2044 2284 locum
2074 2247 2197 2291 daret,
2223 2251 2260 2283 et
2277 2257 2343 2293 pro
2362 2245 2476 2283 male·

1414 2307 1522 2344 dictis
1544 2307 1708 2354 proferre
1726 2308 1837 2344 saciat
1859 2308 2006 2344 Balaam
2025 2307 2294 2344 benedictiones
2312 2317 2355 2344 ac
2383 2316 2471 2353 pro-

1414 2368 1574 2414 phetias,
1602 2379 1682 2414 quae
1715 2369 1855 2414 possint
1886 2370 2068 2406 aedificare
2092 2380 2165 2406 non
2197 2368 2312 2405 solum
2340 2367 2475 2413 Israel,

1414 2430 1478 2465 sed
1503 2435 1540 2465 et
1569 2429 1727 2474 reliquas
1755 2435 1895 2474 gentes.
1927 2428 1965 2464 Si
1992 2429 2088 2464 enim
2116 2429 2313 2474 prophetiae
2343 2429 2421 2475 ejus
2452 2438 2475 2465 a

1414 2489 1536 2535 Moyse
1559 2490 1673 2525 sacris
1690 2489 1825 2525 inserta
1851 2494 1934 2525 sunt
1956 2489 2213 2532 voluminibus,
2234 2493 2370 2534 quanto
2393 2498 2474 2524 ma-

1415 2551 1469 2597 gis
1488 2551 1678 2596 descriptae
1702 2555 1786 2587 sunt
1812 2552 1856 2586 ab
1886 2550 1942 2586 his
1962 2549 2024 2596 qui
2053 2550 2265 2585 habitabant
2291 2553 2376 2585 tunc
2402 2548 2476 2584 Me-

1416 2611 1666 2657 sopotamiam,
1686 2611 1782 2656 apud
1811 2620 1901 2656 quos
1924 2609 2137 2655 magnificus
2167 2609 2369 2645 habebatur
2401 2607 2472 2644 Ba-

1415 2673 1525 2717 laam,
1545 2683 1708 2719 quosque
1739 2673 1827 2708 artis
1847 2672 1925 2719 ejus
1952 2676 2105 2716 constat,
2119 2670 2231 2707 fuisse
2256 2670 2475 2716 discipulos?

1415 2734 1469 2769 Ex
1486 2734 1546 2770 illa
1573 2733 1728 2780 denique
1758 2734 1874 2770 fertur
1903 2742 2090 2779 magorum
2109 2741 2222 2777 genus
2241 2736 2276 2767 et
2295 2730 2476 2767 institutio

1416 2795 1452 2830 in
1483 2794 1647 2840 partibus
1667 2794 1825 2830 Orientis
1847 2793 1994 2839 vigere:
2013 2793 2075 2838 qui
2097 2791 2279 2837 descripta
2298 2791 2475 2828 hahentes

1417 2854 1511 2900 apud
1536 2863 1574 2890 se
1602 2853 1723 2889 omnia
1752 2863 1832 2900 quae
1865 2853 2144 2899 prophetaverat
2171 2850 2332 2894 Balaam,
2364 2851 2474 2887 etiam

1416 2913 1621 2949 habuerunt
1640 2914 1709 2949 hoc
1728 2914 1918 2960 scriptum,
1943 2913 2040 2959 quod
2060 2912 2192 2948 orietur
2209 2910 2312 2947 stella
2334 2922 2377 2947 ex
2408 2910 2475 2946 Ja-

1417 2973 1478 3009 cob
1509 2979 1541 3008 et
1574 2979 1735 3020 exsuryet
1759 2974 1862 3009 homo
1881 2973 1935 3009 de*
1954 2971 2068 3008 Israel
2098 2971 2224 3019 (Num.
2243 2970 2357 3017 xxiv).
2390 2969 2475 3007 Haec

1417 3033 1552 3079 scripta
1591 3034 1773 3070 habebant
1804 3033 1900 3080 magi
1930 3033 2026 3079 apud
2060 3031 2292 3078 semetipsos;
2324 3035 2361 3067 et
2389 3030 2473 3066 ideo

1418 3093 1561 3139 quando
1581 3100 1688 3130 natus
1706 3100 1762 3130 est
1787 3093 1904 3136 Jesus,
1935 3097 2158 3140 agnoverunt
2188 3091 2343 3135 stellam,
2361 3095 2399 3128 et
2417 3091 2473 3127 in-

1419 3155 1635 3191 tellexerunt
1666 3154 1852 3200 adimpleri
1872 3154 2100 3201 prophetiam
2130 3152 2247 3200 magis
2267 3152 2337 3199 ipsi
2363 3162 2473 3198 quam

1419 3217 1571 3262 populus
1601 3216 1724 3260 lsrael,
1745 3216 1808 3261 qui
1834 3222 2042 3252 sanctorum
2061 3216 2321 3262 prophetarum
2349 3215 2476 3253 audire

1421 3278 1532 3314 verba
1547 3275 1776 3321 contempsit.
2311 3305 2314 3307 .
2482 3313 2485 3315 ¹

1469 3336 1674 3383 Reversique
1709 3336 1880 3382 principes
1909 3336 2073 3372 dixerant
2106 3335 2153 3371 ad
2179 3334 2290 3371 Balac
2315 3346 2328 3372 :
2347 3335 2504 3380 Noluit,
2532 3330 2540 3379 ζ

1422 3396 1572 3433 Balaam
1603 3396 1718 3431 venire
1741 3395 1933 3431 nobiscum.
1957 3395 2112 3430 Rursum
2131 3394 2191 3430 ille
2221 3394 2331 3432 multo
2356 3395 2474 3442 plures
2536 3400 2540 3401 ⁷

1423 3461 1455 3492 et
1479 3453 1677 3499 nobiliores,
1695 3464 1800 3501 quam
1823 3459 1904 3490 ante
1927 3453 2084 3497 miserat,
2103 3454 2210 3490 misit.
2231 3453 2301 3498 Qui
2323 3465 2403 3490 cam
2420 3466 2477 3491 ve-

1425 3517 1555 3553 nissent
1573 3515 1620 3552 ad
1649 3511 1799 3551 Balaam
1822 3514 1985 3550 dixerunt
2007 3525 2020 3550 .·
2040 3513 2099 3550 Sic
2127 3515 2212 3550 dicit
2239 3513 2351 3550 Balae
2378 3513 2475 3560 filius
2527 3544 2540 3569 4

1426 3577 1561 3626 Sephor
1582 3587 1595 3614 .·
1614 3574 1670 3612 Ne
1694 3574 1867 3612 cuncteris
1898 3575 2011 3611 venire
2035 3576 2082 3610 ad
2109 3585 2163 3610 me
2184 3583 2198 3609 .·
2223 3579 2369 3621 paratus
2395 3585 2475 3611 sam
2527 3574 2540 3580 “

1424 3639 1596 3675 honorare
1612 3643 1660 3682 te,
1679 3643 1713 3673 et
1734 3636 1903 3684 quidquid
1927 3635 2076 3672 volueris
2095 3635 2194 3671 dare.
2227 3634 2314 3671 Veni
2338 3641 2372 3672 et
2397 3645 2477 3672 nta-

1423 3699 1511 3736 ledic
1529 3698 1656 3747 populo
1674 3698 1745 3734 isti.
1766 3697 1956 3744 Respondit
1973 3695 2147 3732 Balaam:
2168 3694 2208 3732 St
2230 3695 2366 3732 dederit
2389 3693 2476 3733 affl

1423 3759 1534 3800 Baiae
1558 3760 1694 3798 alenam
1715 3759 1856 3797 domum
1879 3770 1979 3796 suam
2004 3759 2139 3804 argenti
2159 3763 2191 3795 et
2209 3757 2304 3804 auri,
2322 3767 2394 3796 m
2408 3765 2476 3806 ρο-
2499 3753 2540 4016 Α
