2540 4016
340 150 405 187 911

769 143 810 179 B.
835 142 1010 183 RABANI
1034 141 1183 179 MAum
1206 139 1421 178 ARCHIEP.
1447 141 1656 181 MOGUNT.
1683 142 1875 182 OPERUM
1898 141 2018 180 PARS
2042 142 2072 178 1.

339 225 382 261 de
399 220 571 264 novellis,
594 221 775 257 duxerunt
796 229 949 265 sponsas
967 229 1073 262 suas,
1094 227 1203 264 quam
1220 216 1283 263 qui
1300 226 1393 253 nou·
1407 218 1447 261 Α
1460 223 1497 255 et
1530 220 1746 257 adversatur
1778 219 1935 266 spiritui.
1971 218 2123 263 Quando
2155 221 2277 255 autem
2311 219 2468 258 catholi

337 283 436 320 dum.
461 280 533 318 Sed
550 281 722 327 quoniam
741 280 799 316 his
819 279 927 316 rebus
947 283 1091 315 tenetur
1109 278 1288 312 humanus
1307 274 1395 312 affe-

335 346 416 379 ctus
440 345 477 376 et
505 340 627 386 magni
657 339 887 375 aestimantur
909 338 988 373 haee
1011 337 1055 372 ab
1077 335 1305 378 hominibus,
1336 334 1395 370 in-

336 399 569 448 telligendum
596 404 652 434 est
680 398 726 433 ad
748 398 817 434 hoc
840 397 909 433 ista
939 396 1012 432 diei
1040 396 1079 432 in
1106 395 1241 432 bellum
1268 405 1396 442 proce-

335 460 505 498 dentibus
519 486 529 503 ,
551 462 592 494 ut
611 457 775 504 quisquis
794 457 916 492 animo
944 455 1002 492 his
1031 460 1189 500 tenetur,
1222 460 1395 502 appareat

335 530 420 556 cum
441 519 652 562 revertitur,
674 528 720 554 ne
739 522 887 564 propter
900 517 971 554 hoc
987 517 1108 553 minus
1122 517 1265 553 fortiter
1285 521 1394 563 agat,

335 580 421 617 dum
451 580 555 616 timet
583 589 629 615 ne
658 583 743 615 ante
773 578 952 614 moriatur
980 587 1089 624 quam
1119 578 1266 614 domum
1289 576 1392 612 dedi-

335 641 500 684 caverit;
522 645 584 675 aut
616 640 660 675 de
690 639 832 675 novella
861 649 927 674 sua
953 638 1103 681 biberit,
1134 643 1198 674 aut
1225 646 1394 683 sponsam

335 702 490 739 duxerit.
524 701 616 737 Nam
649 701 794 746 utique,
828 705 1003 746 quantum
1035 701 1081 735 ad
1111 699 1283 735 seminam
1314 707 1395 743 per-

336 763 448 806 tinet,
470 761 598 798 melius
617 761 722 797 alteri
742 761 846 797 nubit
867 761 1003 796 intacta
1022 771 1133 806 quam
1153 760 1275 795 vidua.
1298 757 1392 800 Sed,

336 830 375 860 ut
404 823 498 866 dixi,
532 824 608 859 haec
637 822 802 858 instituta
835 826 919 857 sunt
948 826 1097 867 propter
1130 820 1290 855 virorum
1319 818 1396 853 ani-

335 895 415 921 mos
455 884 707 930 explorandos.
745 895 757 916 ‹
783 883 870 926 Quis
909 887 963 918 est
994 883 1104 918 homo
1140 880 1396 917 formidolosus

340 957 353 978 ι
372 952 409 981 6ι
438 945 547 981 eorde
572 943 732 990 pavido?
751 943 867 979 Vadat
893 946 930 977 et
956 945 1160 976 revertatur
1187 940 1222 975 in
1249 939 1396 974 domum

339 1018 352 1040 ‹
374 1016 475 1042 suam
496 1018 504 1040 :
534 1016 579 1041 ne
606 1014 737 1050 pavere
763 1003 873 1039 corda
903 1002 1055 1038 fratrum
1084 1010 1234 1037 suorum
1258 998 1392 1040 saciat,

339 1080 351 1101 ‹
374 1067 467 1103 sicut
481 1072 517 1102 et
540 1067 617 1111 ipse
632 1065 762 1100 timore
775 1063 990 1109 perterritus
1007 1067 1075 1098 est.
1092 1074 1104 1095 ›
1124 1060 1261 1103 Quibus
1275 1056 1396 1093 verbis

1463 280 1568 326 quis,
1587 281 1650 326 qui
1675 285 1731 317 est
1756 281 1881 326 utique
1905 287 2014 314 verus
2040 276 2316 325 Jerosolymita,
2342 278 2405 326 huj
2437 296 2487 313 ψ.

1461 340 1560 377 modi
1593 340 1795 387 susceperit
1829 337 1964 374 bellum
1980 364 1990 381 ‚
2023 337 2183 384 primum
2213 347 2340 384 pacem
2366 337 2468 384 jube·

1461 400 1616 443 offerre,
1652 401 1722 436 hoe
1751 402 1826 442 est,
1855 397 2042 434 Christum
2069 398 2115 434 ad
2140 397 2363 435 credendum
2379 409 2404 445 p
2432 414 2469 431 :r

1463 472 1560 499 care.
1585 473 1597 494 ι
1614 460 1693 506 lpse
1719 463 1775 495 est
1802 458 1919 503 enim,
1943 457 2048 504 iuxta
2069 457 2172 494 Pauli
2191 467 2338 503 vocem,
2356 468 2428 505 pax
2446 469 2457 495 ι
2474 465 2487 469 ’

1467 534 1481 556 ι
1501 527 1597 564 stra,
1625 519 1687 565 qui
1711 518 1800 555 fecit
1825 524 1982 564 utraque
2007 528 2122 554 unum
2149 516 2304 565 (Epnes.
2321 517 2388 565 11).
2410 531 2423 553 ι
2483 564 2487 570 ¹

1463 587 1584 617 autem
1602 579 1782 626 receperit
1799 579 1949 615 verbum
1969 577 2053 613 Filii
2071 576 2158 620 Dei,
2187 582 2224 613 et
2250 577 2435 624 aperuerit
2462 577 2472 585 “
2537 609 2540 635 Ι

1463 645 1588 687 portas
1606 639 1795 675 interioris
1813 638 1955 682 cordis,
1977 642 2018 674 ut
2036 637 2191 684 accipiat
2210 637 2247 673 in
2274 647 2313 674 se
2334 637 2439 684 hospi
2465 651 2480 669 ·.2
2538 671 2540 695 Ι

1464 700 1669 743 Christum,
1704 699 1902 736 salvabitur
1928 709 2009 735 eum
2037 698 2124 735 totis
2150 698 2315 735 sensibus
2343 698 2454 734 animi
2538 719 2540 755 l

1465 761 1652 798 affectibus
1679 761 1801 798 illius:
1824 766 1860 797 et
1877 771 1943 807 per
1961 761 2191 797 devotionem
2210 765 2346 797 rectam
2376 760 2489 797 solve

1466 823 1511 859 do
1545 834 1693 859 censum
1723 823 1901 859 bonorum
1922 828 2088 866 actuum,
2109 823 2262 859 salutem
2287 823 2418 858 animoe
2445 833 2479 858 s
2537 841 2540 878 Ι

1466 883 1651 929 conquirit
1677 888 1904 930 perpetuam.
1934 883 2027 919 Hinc
2062 882 2231 919 Salvator
2261 883 2299 918 in
2329 882 2464 929 Evang·

1465 943 1638 990 apostolis
1667 944 1716 978 ait
1746 955 1754 978 ε
1783 956 1794 976 ‹
1815 944 1854 979 ln
1883 953 2134 990 quameunque
2161 942 2345 980 civitatem
2371 948 2433 978 aut

1469 1014 1481 1036 ‹
1503 1003 1647 1038 stellum
1666 1003 1889 1039 intraveritis
1902 1031 1911 1047 ‚
1934 1004 2157 1050 interrogate
2176 1003 2257 1049 quis
2276 1002 2314 1038 in
2333 1012 2376 1039 ea
2395 1002 2479 1049 dign
2505 1045 2510 1048 .

1471 1076 1482 1098 ι
1503 1064 1550 1100 sit
1567 1076 1575 1099 :
1597 1071 1632 1100 et
1647 1064 1698 1100 ibi
1718 1069 1880 1108 manete,
1901 1064 2016 1100 donec
2033 1063 2182 1099 exeatis.
2204 1063 2382 1099 Intrantes
2401 1066 2463 1098 aut

336 1127 463 1163 OdOCOt
485 1136 555 1161 ¹¹0⁰
575 1135 681 1170 POSSO
710 1133 926 1169 quemquam
951 1120 1213 1167 PPOfeSSiOUssm
1233 1123 1395 1154 contem-
1413 1121 1445 1160 B
1468 1137 1480 1160 ‹
1499 1125 1645 1162 domum
1661 1152 1670 1169 ‚
1691 1125 1844 1162 salutate
1866 1135 1946 1161 eam
1964 1125 2125 1161 dicentes
2144 1137 2152 1159 :
2176 1124 2252 1160 Pax
2271 1125 2356 1160 huie
2378 1124 2494 1160 domu·

335 1188 509 1235 plationis
537 1186 594 1223 vel
624 1184 798 1232 spiritalis
825 1184 964 1219 militiae
990 1183 1151 1228 arripere
1169 1180 1391 1223 exercitum,

336 1251 398 1296 qui
419 1250 539 1286 adhuc
558 1248 685 1284 nudari
706 1246 862 1282 terrenis
881 1245 1051 1291 operibus
1068 1243 1293 1290 pertimescit
1313 1255 1321 1276 :
1350 1250 1395 1276 ne

335 1319 462 1346 rursus
492 1307 705 1343 infirmitate
726 1306 857 1341 mentis
877 1310 1093 1346 revertatur,
1115 1313 1252 1348 suoque
1270 1312 1395 1337 exem-

335 1371 395 1417 plo
415 1369 504 1403 alios
526 1367 571 1402 ab
590 1366 799 1412 evangelica
828 1364 1049 1410 perfectione
1077 1367 1224 1398 revocet
1253 1367 1290 1396 et
1316 1360 1397 1395 infi-

336 1429 406 1464 deli
428 1434 567 1463 terrore
590 1425 763 1460 infirmet.
787 1423 966 1458 Jubcntur
985 1423 1108 1467 itaque
1128 1422 1219 1457 tales
1240 1426 1299 1463 ut,
1322 1420 1396 1455 dis-

335 1490 503 1526 cedentes
536 1498 556 1522 a
589 1497 732 1533 pugna,
767 1490 999 1521 revertantur
1027 1484 1063 1519 in
1095 1484 1242 1518 domum
1275 1492 1396 1523 suam,

337 1551 423 1597 quia
451 1560 522 1585 non
545 1553 698 1595 possunt
724 1546 858 1592 duplici
889 1546 1000 1581 corde
1029 1544 1124 1580 bella
1145 1543 1289 1579 Domini
1310 1551 1402 1588 prae-

335 1613 432 1648 llari.
457 1624 468 1644 ‹
489 1611 553 1647 Vir
574 1609 706 1655 duplex
726 1608 848 1644 animo
870 1608 1079 1643 inconstans
1099 1611 1154 1641 cst
1174 1605 1209 1640 in
1230 1603 1401 1640 omnibus

336 1673 407 1708 riis
434 1672 508 1707 suis
528 1670 632 1717 (Jac.
654 1669 707 1716 1).
730 1682 741 1702 n
762 1669 865 1703 Tales
888 1669 1020 1714 quippe
1039 1672 1182 1713 oportet
1202 1670 1239 1700 ut
1266 1675 1311 1700 ne
1334 1664 1402 1699 ini-

341 1733 430 1768 tium
447 1731 593 1777 quidem
610 1729 888 1766 renuntiationis
908 1729 1101 1774 arripiant,
1124 1727 1254 1772 quibus
1274 1724 1402 1761 melius

338 1800 393 1830 est
429 1795 464 1829 in
494 1793 611 1828 activa
642 1792 716 1827 vita
746 1790 946 1826 consistant
973 1800 1081 1836 quam
1105 1788 1222 1834 tepide
1243 1792 1404 1822 contem-

338 1857 534 1904 plalioncm
566 1858 807 1899 exsequentes
821 1880 829 1895 ‚
867 1852 995 1898 majori
1030 1849 1232 1887 discrimini
1268 1851 1403 1884 semet-

338 1919 434 1964 ipsos
453 1917 650 1953 involvant.
671 1930 680 1949 ι
702 1916 826 1951 Melius
846 1920 902 1950 est
922 1914 1018 1950 enim
1037 1923 1107 1948 non
1127 1920 1272 1954 vovere,
1294 1919 1403 1956 quam

338 1989 470 2015 vovere
498 1983 534 2012 et
561 1987 633 2012 non
654 1976 804 2012 reddere
826 1975 838 2022 <
856 1974 952 2010 Eccl.
974 1973 1036 2020 v).
1058 1986 1069 2007 ›
1095 1971 1268 2008 Similiter
1288 1975 1324 2006 et
1344 1969 1403 2004 ille

340 2050 360 2074 a
383 2039 444 2074 tali
473 2037 601 2073 militia
633 2036 861 2082 prohibetur,
885 2034 946 2079 qui
968 2043 1117 2068 uxorem
1148 2030 1309 2073 duxerit,
1342 2028 1404 2074 qui
1423 2021 1452 2062 C

338 2099 556 2145 plantaverit
578 2097 741 2138 vineam,
770 2096 866 2131 velut
893 2094 1111 2140 propagines
1133 2093 1302 2128 filiorum.
1325 2090 1403 2126 Non

341 2160 439 2196 enim
466 2162 586 2204 potest
616 2156 755 2192 servire
787 2155 916 2190 divinae
938 2155 1078 2189 militiae
1099 2163 1224 2189 servus
1250 2151 1400 2187 uxoris:

346 2232 413 2258 nee
445 2226 564 2268 potest
598 2219 741 2264 assequi
778 2218 937 2253 studium
973 2214 1307 2262 contemplationis,
1342 2212 1403 2258 qui

341 2283 461 2317 adhuc
491 2281 529 2316 in
560 2279 799 2315 delectatione
831 2278 953 2324 sigitur
986 2278 1119 2313 earnis.
1145 2289 1156 2308 ι
1176 2275 1289 2311 Nemo
1308 2301 1317 2317 ,
1345 2274 1402 2309 in-

338 2344 417 2389 quit
444 2342 658 2388 Apostolus,
695 2341 856 2376 militans
887 2340 980 2382 Deo,
1004 2338 1164 2384 implicet
1193 2346 1231 2373 se
1250 2336 1403 2382 negotiis

339 2402 572 2439 saecularibus
585 2428 594 2445 ,
615 2406 655 2436 ut
674 2401 707 2437 ei
728 2401 870 2446 placeat
890 2399 948 2434 cui
968 2408 1006 2435 sc
1026 2397 1203 2444 probavit.
1229 2410 1241 2432 ι

722 2475 873 2512 CAPUT
894 2474 1019 2510 xxm.

340 2540 391 2576 De
412 2539 589 2586 offerenda
606 2549 689 2585 pace
705 2538 858 2584 primum
877 2536 1035 2571 hostibus
1052 2544 1063 2568 .“
1083 2541 1112 2569 et
1131 2534 1161 2569 si
1183 2533 1294 2578 foedus
1315 2532 1405 2568 inire

388 2587 584 2628 noluerint,
600 2585 759 2631 fitndilus
774 2583 988 2625 evertemlis;
1007 2582 1095 2618 etde
1110 2581 1288 2629 pomiferis
1304 2579 1406 2614 arbo-

389 2634 484 2669 ribus
507 2644 574 2668 non
596 2632 810 2667 excidendis.

392 2707 535 2753 (inin.)
562 2719 573 2738 ‹
595 2706 798 2752 Siquando
825 2705 1024 2742 accesseris
1053 2705 1098 2741 ad
1128 2705 1405 2752 expugnandam

349 2781 360 2803 ‹
382 2769 590 2810 civitatem,
614 2767 745 2804 offeres
764 2769 796 2803 ei
817 2768 975 2813 primum
996 2777 1137 2812 pacem.
1169 2767 1207 2803 Si
1228 2767 1406 2812 receperit

348 2843 358 2864 ‹
382 2835 418 2866 et
437 2829 622 2875 aperuerit
648 2829 714 2864 tibi
742 2834 887 2874 portas,
918 2834 1070 2864 cunctus
1099 2829 1253 2874 populus
1279 2829 1341 2875 qui
1368 2828 1406 2864 iri

350 2904 361 2924 ‹
387 2901 430 2927 ea
444 2896 500 2927 est
520 2890 734 2932 salvabitur,
756 2894 793 2924 et
811 2890 945 2925 serviet
973 2890 1038 2925 tibi
1067 2891 1132 2925 sub
1162 2890 1309 2926 tributo.
1341 2888 1405 2925 Sin

347 2962 358 2982 ‹
381 2955 504 2985 antem
529 2949 649 2985 foedus
675 2948 767 2984 inire
798 2948 981 2984 noluerint
1007 2954 1044 2984 et
1073 2949 1249 2993 coeperint
1276 2955 1404 2986 eontra

351 3020 364 3043 ι
386 3014 422 3045 te
452 3008 607 3050 bellum,
641 3008 866 3055 oppugnabis
896 3018 991 3044 eam.
1023 3007 1188 3055 Cumque
1215 3010 1404 3047 tradiderit

349 3081 362 3102 ‹
384 3068 559 3105 Dominus
585 3068 682 3103 Deus
710 3073 793 3103 tuus
820 3067 919 3103 illam
940 3068 975 3104 in
996 3079 1103 3104 manu
1123 3074 1204 3114 tua,
1225 3071 1406 3117 percuties

350 3143 363 3164 ‹
384 3139 491 3166 omne
511 3129 607 3175 quod
627 3129 663 3164 in
682 3137 724 3163 ea
744 3127 937 3164 masculini
955 3129 1100 3175 generis
1120 3137 1177 3166 est
1194 3131 1230 3166 in
1251 3141 1315 3167 ore
1333 3132 1407 3178 gla-

352 3204 364 3225 ‹
386 3191 457 3234 dii,
478 3190 615 3236 absque
635 3189 864 3233 mulieribus,
885 3194 921 3224 et
941 3188 1152 3233 infantibus,
1172 3195 1203 3226 et
1219 3189 1404 3235 jumentis,

352 3267 364 3287 ι
386 3258 423 3289 6ι
442 3251 586 3289 caeteris
606 3261 687 3298 qua:
706 3251 743 3286 in
771 3251 916 3287 civitate
943 3255 1040 3287 sunt.
1070 3249 1221 3287 Omnem
1247 3251 1408 3297 praedam

353 3329 366 3350 ι
386 3313 565 3352 exercitui
585 3313 744 3356 divides,
775 3317 811 3348 et
836 3312 1003 3349 comedes
1029 3312 1072 3348 de
1100 3311 1224 3358 spoliis
1249 3311 1407 3348 hostium

354 3388 366 3410 ‹
389 3381 534 3412 tuorum
555 3384 636 3422 quae
654 3373 831 3410 Dominus
850 3373 947 3409 Deus
966 3378 1050 3409 tuus
1066 3372 1207 3408 dederit
1222 3371 1299 3408 tibi.
1321 3384 1333 3406 ι
1353 3371 1410 3409 Ci-

351 3437 447 3473 vitas
479 3445 566 3482 ergo
596 3446 706 3483 quam
736 3435 978 3482 expugnaturi
1006 3434 1179 3472 Israelitae
1206 3433 1407 3479 accedunt,

353 3498 555 3546 signifieat,
570 3498 674 3545 juxta
698 3498 907 3545 allegoriam
922 3525 931 3542 ,
952 3497 1202 3534 conventicula
1221 3497 1410 3534 haeretico-

353 3569 435 3595 rum
453 3569 463 3602 ;
497 3558 575 3602 vel,
610 3558 841 3605 generaliter,
874 3557 1048 3594 mundum
1064 3585 1073 3602 ,
1107 3558 1170 3604 qui
1198 3556 1410 3594 idololatriae

355 3620 519 3664 deditus,
542 3619 687 3657 obsistit
703 3618 871 3666 religioni
896 3616 1113 3656 Christianae
1133 3630 1142 3655 :
1173 3618 1249 3655 sive
1274 3617 1408 3662 etiam,

353 3682 551 3719 secundum
582 3681 823 3728 tropologiam
839 3708 849 3726 ‚
884 3681 1103 3718 exteriorem
1131 3681 1316 3718 hominem
1343 3690 1412 3718 no-

354 3747 496 3787 strum,
516 3743 579 3788 qui
596 3742 843 3790 corrumpitur
860 3742 1058 3780 secundum
1076 3742 1256 3782 desideria
1273 3740 1410 3783 erroris

1468 1201 1480 1222 ‹
1501 1189 1547 1224 Et
1568 1188 1744 1234 siquidem
1765 1198 1837 1223 non
1864 1187 1975 1223 fuerit
2001 1187 2130 1223 domus
2158 1187 2266 1233 digna
2282 1212 2292 1230 ,
2313 1195 2385 1231 pax,
2403 1189 2483 1221 vest

1470 1263 1482 1284 ‹
1505 1251 1551 1285 ad
1569 1260 1634 1285 vos
1652 1254 1857 1285 revertetur
1878 1248 2033 1296 (Mattlz.
2055 1247 2114 1296 x).
2137 1262 2148 1283 ι
2168 1248 2236 1292 Qui
2265 1253 2385 1283 autem
2407 1236 2506 1283 soeds

1465 1311 1566 1356 pacis
1594 1310 1687 1345 inire
1712 1310 1891 1354 noluerit,
1919 1311 1981 1346 sed
2008 1310 2159 1355 coeperit
2185 1319 2205 1344 c
2231 1309 2415 1345 contrario
2432 1318 2455 1354 p
2483 1334 2487 1339 .
2538 1344 2539 1353 ¹

1466 1371 1567 1413 liari,
1587 1371 1788 1416 oppugnari
1807 1371 1927 1413 debet,
1951 1371 2035 1415 quia
2054 1371 2141 1406 nulli
2160 1371 2248 1407 vitio
2261 1399 2270 1415 ‚
2296 1371 2383 1406 nulli
2407 1380 2490 1407 erro

1474 1431 1636 1477 nullique
1663 1432 1833 1477 nequitiae
1862 1432 2159 1467 consentiendum
2188 1438 2274 1468 est:
2310 1443 2377 1469 nec
2408 1432 2496 1469 l'oedt

1471 1502 1554 1528 cum
1577 1492 1630 1528 cis
1648 1492 1864 1535 ineundum,
1887 1492 1951 1528 sed
1978 1492 2093 1538 magis
2120 1502 2265 1528 omnem
2284 1493 2444 1540 vigorem
2469 1503 2489 1529 e

1470 1563 1575 1595 rum,
1611 1553 1705 1598 quod
1740 1552 1920 1599 signifieat
1951 1552 2190 1588 masculinum
2224 1563 2362 1600 genus,
2395 1553 2432 1589 in
2463 1563 2486 1589 o
2538 1579 2540 1597 ,

1474 1614 1582 1661 gladii
1604 1614 1798 1660 spiritalis,
1820 1615 1916 1660 quod
1943 1620 1997 1650 est
2023 1614 2173 1650 verbum
2203 1614 2288 1658 Dei,
2321 1614 2424 1651 decet
2450 1624 2491 1652 es

1475 1677 1737 1712 mulctandum.
1768 1675 1806 1712 Si
1835 1677 1896 1722 qui
1923 1686 2010 1713 vero
2038 1676 2170 1712 cedunt
2196 1676 2485 1722 increpationibu
2509 1679 2515 1681 ’

1477 1746 1519 1772 ac
1537 1737 1581 1773 de
1600 1737 1723 1782 pravis
1743 1736 1883 1772 actibus
1903 1737 1977 1773 suis
2006 1736 2259 1782 poenitentiam
2291 1742 2402 1784 agunt
2434 1736 2498 1783 (h(

1473 1796 1571 1831 enim
1591 1807 1746 1843 persona
1765 1797 1957 1833 mulierum
1977 1802 2014 1833 et
2035 1796 2229 1833 infantium
2255 1803 2364 1844 atque
2388 1797 2488 1843 jnme

1476 1862 1593 1892 torum
1624 1857 1818 1904 notatur),
1854 1858 1890 1893 in
1923 1858 2082 1904 praedam
2113 1858 2338 1894 salutiferam
2374 1858 2506 1894 militu

1475 1917 1610 1954 Christi
1645 1918 1801 1954 feliciter
1820 1920 2056 1965 perveniunt,
2080 1926 2188 1966 atque
2207 1920 2245 1956 in
2265 1920 2493 1967 possessione

1477 1983 1610 2013 sanctae
1631 1978 1801 2014 Ecclesiae
1829 1979 2021 2015 salubriter
2038 1980 2264 2026 rediguntur.
2284 1981 2387 2023 Quod
2407 1991 2450 2016 au
2477 1994 2488 2013 ·.

1475 2038 1661 2085 subjunxit
1682 2050 1688 2073 z
1713 2051 1725 2071 ι
1744 2039 1794 2074 De
1815 2040 1871 2075 liis
1893 2040 2101 2075 civitatibus
2129 2050 2207 2085 quae
2233 2041 2413 2076 dabuntur
2445 2042 2500 2078 tib,

1481 2111 1492 2132 ‹
1513 2099 1650 2134 nullum
1678 2099 1826 2134 omnino
1852 2099 2038 2144 permittes
2069 2100 2210 2144 vivere,
2241 2102 2305 2137 sed
2331 2100 2490 2138 interfici

1476 2170 1489 2192 t
1509 2159 1546 2195 in
1567 2169 1627 2195 ore
1649 2159 1756 2205 gladii
1776 2172 1782 2195 :
1807 2159 1994 2196 Hethaeum
2015 2161 2184 2198 videlicet
2204 2167 2240 2198 et
2258 2161 2499 2199 Amorrhaeuu
2519 2192 2523 2198 .

1477 2235 1489 2255 ‹
1508 2226 1544 2256 et
1563 2221 1805 2257 Chananaeum
1818 2249 1827 2265 ,
1848 2222 2080 2258 Pherezaeum
2093 2250 2101 2264 ,
2138 2222 2325 2259 Hethaeum
2359 2230 2395 2260 et
2421 2224 2487 2261 Jeh

1477 2293 1489 2314 ‹
1509 2291 1619 2316 saeum
1632 2308 1641 2324 ,
1662 2281 1754 2316 sicut
1770 2282 1941 2328 praecepit
1960 2282 2025 2318 tibi
2045 2283 2218 2319 Dominus
2238 2283 2334 2320 Deus
2354 2289 2436 2321 tuus
2453 2297 2462 2320 :

1478 2353 1490 2375 ‹
1512 2340 1606 2377 sorte
1632 2342 1786 2378 doceant
1810 2352 1873 2378 vos
1896 2341 2018 2379 facere
2046 2349 2195 2380 cunetas
2222 2343 2483 2381 abomination

1477 2414 1490 2436 ‹
1510 2411 1599 2448 quas
1630 2402 1699 2447 ipsi
1731 2403 1869 2448 operati
1905 2408 1989 2439 sunt
2023 2403 2060 2438 in
2093 2403 2162 2440 diis
2195 2404 2292 2447 suis,
2315 2418 2326 2438 ι
2355 2404 2473 2451 signifi

1472 2463 1561 2498 nulli
1596 2462 1683 2498 vitio
1719 2463 1755 2498 in
1789 2468 1913 2499 nostra
1947 2465 2223 2500 conversatione
2260 2475 2340 2500 esse
2375 2475 2483 2511 parce

1475 2523 1559 2558 dum
1573 2551 1581 2566 ,
1614 2523 1677 2559 sed
1703 2523 1819 2570 magis
1844 2524 1922 2559 zelo
1943 2524 2065 2559 (livino
2088 2524 2349 2568 resistendum,
2372 2536 2418 2562 ne
2438 2525 2505 2562 forr

1474 2586 1504 2622 si
1525 2585 1691 2622 hostibus
1709 2585 1929 2631 spiritalibus
1948 2595 2165 2631 parcamus,
2186 2586 2254 2632 ipsi
2277 2596 2400 2623 coram
2420 2599 2462 2625 oc

1474 2644 1550 2690 ejiis
1576 2646 1611 2681 in
1640 2646 1885 2692 voluptatibus
1914 2647 2047 2682 nostris
2076 2648 2256 2693 corrupti,
2286 2655 2322 2684 ct
2349 2650 2492 2686 abomin

1474 2707 1566 2743 biles
1598 2706 1707 2750 sacti,
1737 2707 1825 2744 viles
1852 2718 2114 2754 appareamus;
2146 2713 2182 2744 et
2207 2709 2253 2744 ob
2285 2709 2354 2745 hoe
2381 2710 2426 2745 ab
2453 2710 2503 2756 ip·

1475 2768 1632 2812 deserti,
1663 2769 1698 2803 in
1726 2767 1896 2815 gaudium
1924 2768 2113 2804 veniamus
2141 2769 2297 2805 inimicis
2315 2770 2471 2814 nostris,

1475 2828 1701 2864 exsultantes
1734 2829 1778 2865 de
1809 2828 1915 2865 ruina
1948 2834 2072 2866 nostra
2091 2855 2101 2873 ‚
2139 2830 2260 2866 dicant
2294 2830 2332 2866 in
2364 2818 2511 2868 cordibi

1475 2891 1550 2926 suis
1572 2903 1579 2926 :
1604 2903 1615 2924 ‹
1638 2891 1758 2937 Euge,
1793 2902 1885 2938 euge
1918 2891 2047 2927 animae
2078 2896 2238 2935 nostrae,
2278 2891 2502 2930 absorbuim

1479 2963 1491 2985 ‹
1513 2962 1593 2988 eam
1614 2952 1742 3000 (Psal.
1765 2953 1918 3001 xxxiv).
1939 2966 1952 2988 ι
1979 2965 1992 2987 ‹
2015 2953 2166 2998 Quando
2192 2954 2377 2992 obsederis
2402 2955 2471 2992 civi
2497 2971 2500 2986 e

1478 3023 1491 3045 ‹
1512 3017 1585 3047 tem
1606 3012 1764 3060 aliquam
1791 3013 1905 3050 multo
1923 3018 2084 3061 tempore
2097 3041 2107 3058 ,
2129 3020 2165 3052 et
2181 3015 2442 3053 munitionibus
2469 3015 2496 3048 ,r

1480 3086 1493 3107 ‹
1513 3075 1742 3112 cumdederis
1758 3082 1799 3112 ut
1812 3087 1997 3124 expugnes
2012 3087 2106 3122 eam,
2119 3088 2191 3114 non
2205 3077 2367 3115 succides
2384 3078 2472 3115 arbo

1481 3146 1492 3167 ι
1513 3135 1557 3170 de
1578 3135 1710 3180 quibus
1730 3137 1830 3172 vesci
1850 3142 1970 3183 potest
1987 3149 1997 3181 ;
2021 3148 2088 3174 nec
2108 3139 2295 3175 securibus
2312 3148 2378 3185 per
2397 3138 2485 3175 circ

1481 3207 1494 3228 ‹
1515 3201 1590 3230 tum
1610 3195 1719 3232 debes
1737 3202 1884 3233 vastare
1901 3199 2087 3244 regionem
2106 3211 2114 3233 τ
2134 3200 2305 3244 quoniam
2324 3199 2460 3246 lignum

1482 3266 1494 3288 ι
1513 3260 1550 3289 et
1568 3264 1640 3290 non
1661 3256 1789 3300 homo,
1810 3266 1878 3292 nec
1894 3262 2016 3302 potest
2035 3263 2162 3293 contra
2180 3263 2216 3294 te
2233 3258 2449 3294 bellantium
2468 3269 2502 3297 a

1480 3326 1494 3348 «
1513 3324 1598 3360 gere
1617 3324 1821 3351 numerum.
1845 3315 1884 3351 Si
1904 3327 1975 3362 qua
1994 3322 2116 3353 autem
2137 3317 2235 3363 ligna
2254 3327 2327 3353 non
2355 3323 2441 3355 sunt
2478 3334 2482 3348 ·
2502 3334 2505 3349 ι

1481 3385 1494 3407 ι
1514 3372 1663 3418 misera,
1685 3374 1749 3410 sed
1765 3375 1946 3421 agrestia,
1966 3381 2003 3412 et
2023 3377 2119 3414 inter
2140 3383 2292 3415 eaeteros
2311 3385 2396 3426 apta
2424 3390 2480 3417 us
2497 3387 2506 3431 4

1481 3446 1495 3469 ‹
1514 3434 1660 3471 succide
1687 3439 1725 3471 et
1743 3442 1890 3473 exstrue
1907 3438 2095 3476 machinas
2106 3467 2116 3484 ,
2136 3440 2251 3478 donee
2269 3442 2391 3488 capias
2408 3443 2441 3480 ei
2468 3441 2478 3451 ”
2492 3438 2497 3446 ”

1481 3509 1494 3532 ι
1513 3502 1586 3534 tem
1605 3508 1686 3544 quae
1703 3502 1829 3535 contra
1848 3503 1884 3536 te
1903 3500 2066 3538 dimicat.
2079 3498 2100 3536 ⁷»
2121 3501 2212 3547 Quid
2239 3507 2296 3540 est
2323 3504 2420 3550 quod
2456 3519 2461 3535 ι
2486 3525 2488 3528 ·

1479 3558 1580 3596 hibet
1606 3559 1756 3596 arbor-es
1781 3561 1978 3607 pomiferas
2007 3563 2167 3607 succidi,
2200 3564 2245 3601 de
2274 3565 2405 3611 quibus
2437 3575 2477 3602 v:-

1477 3621 1619 3665 potest,
1645 3619 1803 3666 agrestia
1836 3625 1958 3658 autem
1985 3622 2135 3669 praecidi
2157 3623 2205 3660 ad
2233 3622 2422 3661 machinas
2455 3638 2464 3655 ι

1478 3675 1693 3725 struendas,
1713 3680 1771 3717 vel
1790 3681 1835 3718 ad
1853 3683 1976 3721 varios
2001 3694 2111 3728 usuS,
2134 3684 2211 3721 nisi
2237 3684 2335 3732 quod
2357 3683 2430 3722 illis
2474 3694 2476 3719 1

1478 3740 1579 3779 sonis
1597 3739 1718 3788 aliquo
1735 3743 1843 3782 modo
1860 3743 1898 3783 in
1925 3744 2143 3784 discretione
2167 3744 2352 3792 iudicandi
2389 3759 2415 3776 ιι
2456 3764 2457 3771 ¹
