2540 4016
1183 62 1209 86 Ο

287 164 356 201 603

703 154 744 191 Β.
772 154 941 191 RABANI
964 154 1111 194 MAURI
1133 155 1347 194 ARCHIEP.
1373 154 1580 196 MOGUNT.
1607 156 1798 198 OPERUM
1822 158 1942 198 PARS
1967 160 1995 198 1.

285 238 321 275 in
351 238 504 281 quatuor
537 233 658 277 partes
694 228 810 264 trinus
847 227 916 265 iste
946 239 1118 267 numerus
1143 227 1332 266 ordinatur
1349 230 1487 273 Anum
1499 241 1583 268 cum
1606 229 1759 271 Domino
1775 234 1961 280 regnaturi
1979 233 2264 273 collocabuntur.
2283 237 2385 277 Unde
2414 246 2450 278 et

284 298 369 341 Quae
393 290 557 340 quamvis
587 287 863 334 dispositionum
895 297 1044 325 suarum
1073 289 1232 326 diversas
1263 289 1353 331 ha-‚

282 357 390 392 beant
415 350 605 400 qualitates
620 375 631 393 ‚
649 357 776 385 omnes
805 351 926 386 tamen
955 350 1050 386 intra
1074 349 1248 387 trinitatis
1266 357 1333 387 nu-

283 423 423 451 merum
439 409 668 449 continentur
684 420 692 445 ε
719 413 755 445 et
781 410 876 455 quod
893 419 959 456 per
984 413 1082 447 totas
1097 410 1163 447 has
1179 415 1334 457 quatuor

283 484 404 525 partes
431 475 467 511 in
487 479 676 510 numerum
701 480 812 508 unum
834 472 1014 519 colligitur
1029 472 1154 510 eadem
1174 473 1330 519 trinitas,

283 546 424 582 semper
445 544 510 580 pro
523 543 566 569 eo
586 533 664 570 sine
683 533 791 569 dubio
808 534 903 580 quod
927 535 994 570 sub
1011 543 1083 571 uno
1106 535 1250 571 nomine
1266 535 1334 571 Pa—

283 598 349 633 tris
366 601 401 632 et
414 595 495 631 Filii
525 598 561 630 et
586 594 742 641 Spiritus
774 595 888 630 saneti
918 601 1112 632 censentur
1129 604 1254 632 omnes
1271 597 1333 643 qui

283 671 327 696 ex
345 664 497 706 quatuor
529 657 628 693 orbis
659 657 822 703 partibus
852 658 1051 702 venientes,
1084 658 1250 695 invocant
1272 668 1335 694 no-

282 729 364 755 men
385 717 540 759 Domini,
573 716 805 752 recumbentes
838 727 916 752 cum
951 717 1152 762 Abi-aleam,
1179 717 1283 754 Isaac
1301 724 1333 753 et

283 778 391 814 Jacob
409 779 446 813 in
466 787 568 823 reyno
589 776 651 812 Dei
668 776 810 824 (Mauh.
832 777 924 825 vin).
948 778 1115 814 Dicamus
1141 779 1257 815 adhuc
1272 778 1335 814 ali-

283 839 367 885 quid
393 838 487 884 quod
508 835 651 882 adjuvet
682 837 853 874 lectorem
870 866 879 883 ,
907 844 1084 884 quatenus
1112 850 1154 875 ex
1178 838 1336 875 breviter

284 900 477 942 annotatis,
511 897 646 944 majora
672 898 851 944 conjicere
889 899 1017 934 valeat.
1055 900 1218 944 Quatuor
1249 908 1336 946 crgo

281 963 393 1008 plagae
417 962 540 997 mnndi
570 961 605 996 in
626 969 778 1006 quarum
810 961 1103 997 denominatione
1134 967 1335 998 castrorum

283 1023 432 1058 metatio
455 1022 611 1058 filiorum
631 1022 741 1058 lsrael
758 1022 855 1057 circa
877 1023 1147 1057 tabernaculum
1168 1021 1336 1058 describi-

284 1090 352 1126 tur,
376 1083 571 1118 secundum
599 1082 812 1127 mysterium
826 1082 1118 1117 convocationem
1134 1087 1169 1118 et
1187 1082 1336 1127 disposi-

1399 292 1492 328 bene
1513 290 1616 338 iuxta
1640 289 1734 330 hanc
1753 293 1894 341 plagam
1913 286 2100 340 Ephraim,
2120 291 2307 341 Beniamin
2324 294 2362 334 et
2375 296 2451 337 Ma-

1401 360 1525 389 uasses
1552 358 1671 390 castra
1703 363 1838 400 ponere
1869 359 2050 402 praecepto
2085 355 2150 392 Dei
2182 355 2320 394 decreti
2351 361 2450 398 sunt.

1399 412 1533 450 Levitae
1549 411 1693 461 quoque
1709 415 1845 452 idcirco
1859 417 2017 463 proximi
2045 417 2279 455 tabernaculo
2296 418 2452 467 fuerant,

1401 480 1610 522 caeteraeque
1629 476 1744 513 tribus
1761 487 1804 513 ex
1832 484 1987 524 quatuor
2014 477 2130 527 plagis
2147 481 2245 518 circa
2264 492 2327 520 eos
2350 485 2455 520 undi-

1402 539 1473 582 q‘ue
1489 534 1746 578 consistebant,
1768 539 1945 582 quatenus
1963 537 2012 573 illi
2031 549 2185 585 quorum
2202 541 2358 579 officium
2377 549 2456 580 erat.

1404 595 1624 632 tabernaculi
1647 606 1770 632 curam
1791 607 1931 642 gerere,
1964 597 2042 634 sine
2058 602 2212 645 terrore,
2235 601 2356 639 divino
2381 603 2456 639 offi—

1402 657 1459 692 cio
1476 662 1661 700 vacarent,
1690 668 1771 693 cum
1790 669 1810 693 a
1830 656 2002 696 fratribus
2021 656 2096 697 suis
2111 661 2313 700 forinsecus
2330 670 2456 701 contra

1402 718 1559 754 hostium
1585 718 1758 764 impetum
1792 720 2031 756 munirentur.
2064 720 2116 758 Ita
2147 727 2182 759 et
2211 723 2248 759 in
2282 725 2456 763 moderno

1402 785 1563 825 tempore
1578 779 1715 825 justum
1734 785 1802 823 est,
1818 785 1857 814 ut
1870 781 2052 827 popularis
2071 783 2159 819 ordo
2173 785 2456 823 ecclesiasticum

1402 840 1446 876 dc
1464 837 1519 876 his
1541 851 1619 885 quac
1649 842 1808 876 exterius
1843 846 1925 877 sunt
1944 849 2126 888 procuret,
2149 851 2327 890 quatenus
2352 847 2458 882 mini-

1404 903 1468 939 stri
1488 901 1565 944 Dei,
1586 903 1694 937 verbo
1723 908 1758 938 ct
1791 903 1910 939 divino
1942 902 2058 939 officio
2092 905 2169 940 sine
2201 906 2458 952 impedimento

1403 972 1531 998 vacare
1568 962 1718 1007 possint.
1749 962 1913 998 Ascende
1941 974 2025 1010 ergo
2047 975 2154 1008 nnnc,
2188 976 2210 1002 o
2234 966 2391 1010 auditor,
2428 968 2460 1004 si

1403 1030 1520 1071 potes,
1539 1029 1574 1059 et
1590 1034 1610 1059 a
1630 1024 1780 1059 terrenis
1799 1025 1963 1061 sensibus
1984 1026 2152 1062 intuitum
2174 1030 2306 1064 mentis
2325 1036 2361 1065 et
2378 1041 2460 1076 pcr-

1405 1085 1516 1130 spicia
1540 1084 1657 1120 cordis
1677 1084 1774 1120 eleva
1794 1096 1803 1128 ;
1841 1086 2055 1122 obliviscere
2088 1088 2268 1134 paulisper
2290 1096 2457 1135 terrena;

283 1146 417 1180 tionem
451 1150 583 1180 sanctae
614 1143 781 1179 Ecclesiie
819 1143 1007 1190 significat.
1057 1143 1125 1179 Per
1158 1145 1333 1179 orientem
1354 1139 1385 1177 B
1405 1156 1511 1191 supra
1530 1146 1642 1181 nubes
1657 1151 1693 1180 ct
1711 1156 1818 1191 snper
1835 1147 1950 1193 ipsum
1966 1148 2095 1184 coelum
2114 1152 2246 1185 mentis
2260 1162 2386 1197 gressu
2402 1154 2458 1188 in-

282 1216 366 1252 crgo
393 1205 452 1241 ubi
484 1205 653 1240 introitus
678 1205 715 1240 in
737 1204 1007 1240 tabernaculum
1031 1205 1176 1250 patebat
1197 1204 1334 1251 signifi-

282 1273 340 1304 cat
375 1267 514 1302 initium
535 1266 780 1302 conversionis
798 1271 833 1302 et
856 1266 1091 1301 consessionis
1112 1266 1193 1302 fidei
1212 1267 1335 1302 catho-

281 1328 359 1364 licae
378 1333 483 1373 atque
503 1327 728 1372 baptismatis
746 1326 1014 1371 perceptionem
1045 1325 1337 1371 primitivamque

282 1389 492 1430 Ecclesiam,
522 1398 600 1433 quae
631 1387 667 1421 in
699 1385 897 1421 Jerusalem
929 1390 1009 1430 post
1033 1385 1171 1420 Domini
1205 1384 1336 1419 adven-

283 1456 357 1484 tum
376 1449 531 1494 primum
548 1447 593 1482 ab
610 1445 780 1492 apostolis
793 1445 939 1482 fundata
957 1453 1023 1480 cst.
1045 1444 1088 1479 Et
1104 1444 1234 1479 merito
1253 1442 1337 1479 huic

282 1511 395 1556 plagae
416 1509 530 1544 tribus
550 1506 639 1542 Juda
658 1516 738 1541 cum
762 1506 855 1541 tribu
885 1505 1031 1541 lsachar
1046 1509 1081 1539 et
1100 1503 1256 1539 Zabulon
1277 1504 1338 1539 de-

282 1575 454 1616 putatur:
482 1568 564 1614 quia
597 1566 822 1602 consessores
854 1566 987 1602 Christi
1021 1565 1056 1601 in
1093 1564 1337 1602 babitaculum

283 1630 504 1667 fortitudinis
526 1629 585 1664 ubi
615 1639 680 1674 pro
703 1629 867 1664 mercede
901 1629 1064 1664 laborent
1092 1633 1240 1671 :etcrnm
1270 1638 1335 1674 per

282 1693 382 1729 illum
404 1691 589 1727 introitum
610 1690 743 1726 liabent
760 1690 819 1735 qui
840 1690 953 1726 dixit:
985 1689 1059 1736 Eyo
1087 1701 1163 1725 sam
1183 1690 1309 1725 ostiam
1325 1698 1337 1723 .·

281 1764 342 1800 per
371 1764 424 1788 me
457 1753 486 1787 si
515 1752 590 1798 quis
622 1751 791 1786 introierit
821 1750 1013 1786 salvabitur
1051 1750 1171 1797 (Joan.
1206 1749 1258 1798 x).
1294 1749 1340 1785 Et

283 1815 369 1850 item
390 1825 397 1849 ε
419 1814 494 1860 Eae
512 1823 588 1848 sum
606 1812 667 1847 lua:
694 1812 815 1847 nniucli
834 1823 844 1847 :
863 1813 921 1859 qui
935 1813 1089 1860 seqnitur
1103 1824 1156 1848 me
1177 1823 1246 1848 non
1265 1823 1340 1848 am-

283 1875 378 1909 bulat
395 1875 430 1910 in
452 1874 614 1916 tenebris,
631 1873 690 1908 scd
712 1873 846 1909 habebit
867 1874 982 1909 lumen
998 1875 1077 1909 vitm
1098 1874 1217 1921 (Joan.
1244 1874 1338 1922 vni).

281 1935 331 1971 De
356 1946 426 1982 quo
444 1939 481 1971 ct
496 1935 689 1970 Zacharias
706 1936 756 1970 ait
773 1947 780 1970 :
804 1934 963 1970 Visitavic
988 1946 1048 1970 nos
1065 1935 1178 1970 oriens
1198 1946 1240 1970 ex
1255 1935 1338 1978 alto,

281 2000 478 2035 illuminare
496 1999 549 2035 leis
565 2000 623 2046 qui
652 2000 688 2035 in
717 1999 865 2035 tenebris
888 2006 918 2035 ct
936 1999 1059 2036 umbra
1078 2003 1199 2036 mortis
1219 2003 1338 2038 sedent

283 2060 383 2107 (Luc.
403 2059 457 2106 n).
475 2059 583 2106 Plaga
603 2070 688 2095 vero
708 2060 888 2104 australis,
902 2061 1005 2106 juxta
1023 2072 1130 2107 quam
1150 2062 1244 2100 latus
1262 2074 1337 2099 mc·
1357 2039 1385 2081 C

283 2119 462 2154 ridianum
486 2120 710 2154 tabernaculi
749 2120 975 2163 tendebatur,
1014 2122 1197 2166 antiquam
1240 2122 1337 2158 illam

282 2179 345 2215 Dei
376 2179 516 2225 plebem
556 2179 732 2226 designat,
769 2190 848 2226 quac
877 2180 993 2215 lucem
1025 2181 1183 2217 scientiae
1214 2182 1337 2229 legalis

278 2240 352 2286 jam
368 2241 500 2276 dudum
529 2241 724 2286 accipiens,
744 2251 865 2277 amore
891 2242 945 2277 sui
969 2243 1167 2279 conditoris
1198 2243 1338 2280 fervere

280 2302 437 2343 solebat,
460 2301 519 2336 ubi
540 2302 665 2337 Rubcn
688 2307 723 2337 ct
744 2302 890 2339 Simeon
908 2308 943 2338 ct
967 2302 1044 2338 Gad
1062 2308 1181 2339 castra
1211 2305 1337 2340 metati

281 2369 376 2399 sunt.
412 2363 456 2398 Et
490 2364 634 2406 merito,
667 2363 750 2408 quia
778 2365 890 2399 sancti
927 2370 1051 2409 patres
1083 2365 1144 2411 qui
1167 2365 1335 2402 intuitum

281 2423 411 2459 mentis
429 2423 474 2458 ad
493 2421 713 2460 voluntatem
750 2424 812 2460 Dei
844 2425 1033 2461 videndam
1060 2425 1150 2461 bene
1184 2437 1337 2463 exacue-

282 2489 380 2527 runt,
413 2484 626 2520 obedientiae
658 2484 814 2520 studium
843 2486 911 2522 rite
942 2486 1194 2533 impendebant
1218 2489 1338 2524 accin-

281 2549 404 2590 gentes
420 2555 458 2581 sc
477 2545 587 2580 armis
602 2544 760 2590 jastium,
782 2547 1064 2591 quatenusbosti
1085 2548 1240 2585 nefando
1259 2550 1334 2595 qui,

281 2608 478 2643 secundum
500 2607 599 2644 Petri
618 2618 758 2652 vocem,
780 2615 944 2656 tanquam
973 2609 1025 2646 lco
1047 2611 1184 2658 rugiens
1215 2613 1337 2647 circuit

282 2678 438 2714 (luterens
460 2678 559 2714 quem
591 2668 725 2703 devoret
748 2668 781 2716 (i
803 2668 900 2705 Pctr.
922 2671 973 2718 v),
996 2681 1062 2707 nec
1095 2683 1167 2708 non
1200 2678 1235 2709 et
1267 2674 1338 2709 dae-

281 2728 402 2763 monio
428 2727 626 2772 meridiano
653 2738 793 2773 semper
811 2732 937 2766 armati
968 2733 1191 2769 resisterent.
1225 2733 1338 2770 Porro

281 2790 384 2836 plaga
418 2789 595 2835 aquilonis
618 2788 813 2825 secundum
833 2800 941 2835 (piam
963 2792 1118 2836 positum
1150 2798 1230 2829 erat
1246 2793 1336 2830 alte-

283 2859 363 2885 rum
384 2850 476 2884 latus
500 2848 736 2892 tabernaculi,
771 2859 921 2894 eamque
956 2851 1114 2886 tenebris
1133 2862 1175 2887 ac
1204 2853 1338 2899 srIgore

283 2909 504 2944 infidelitatis
521 2919 634 2954 usque
660 2906 703 2943 ad
736 2906 874 2953 tempus
900 2908 1095 2945 Dominica:
1117 2911 1336 2948 incarnatio-

282 2970 339 3005 nis
373 2973 514 3015 torpere
534 2979 604 3004 non
638 2967 846 3012 destiterat,
877 2970 1034 3014 gentium
1073 2971 1338 3008 multitudinem

284 3029 429 3076 figurat,
451 3028 512 3064 ubi
539 3028 614 3063 Dan
633 3033 668 3063 et
690 3027 783 3064 Aser
803 3033 838 3064 ct
862 3028 1092 3075 Nephthalim
1123 3037 1241 3067 castra
1263 3043 1338 3069 me-

285 3089 353 3125 tari
372 3099 443 3124 non
464 3087 617 3125 absurde
636 3087 727 3134 jussi
758 3093 864 3125 sunt:
896 3090 980 3135 quia
1007 3092 1257 3135 spernentibus
1275 3092 1338 3128 Ju-

284 3149 371 3185 daeis
385 3150 535 3186 verbum
553 3150 708 3194 Domini,
726 3149 823 3196 justo
835 3149 971 3196 judicio
992 3151 1056 3187 Dei
1080 3163 1145 3198 per
1173 3153 1336 3190 multitu-

283 3212 405 3248 dinem
423 3207 579 3248 fidelium
595 3222 639 3248 ex
659 3213 825 3259 gentibus
844 3213 1015 3250 dilatatus
1032 3213 1202 3251 Ecclesiae
1221 3226 1337 3262 popu-

283 3275 338 3311 lus
358 3279 529 3311 {eternam
558 3274 817 3312 beatitudinem
837 3287 983 3323 sperare
1017 3286 1052 3314 et
1077 3289 1239 3325 quaerere
1262 3290 1335 3316 non

284 3335 437 3372 desistit.
475 3335 714 3373 Occidentalis
730 3347 816 3384 ergo
833 3336 938 3386 plaga
963 3349 1042 3385 quae
1061 3345 1255 3387 utrumque
1274 3351 1338 3388 pa-

285 3396 412 3431 rictem
444 3397 663 3441 tabernaculi
694 3398 873 3445 recipiens
892 3426 901 3442 ,
930 3399 965 3435 in
986 3410 1024 3436 se
1051 3399 1234 3449 jungendo
1253 3412 1338 3438 con-

287 3462 456 3500 summat,
490 3457 794 3505 adimpletionem
813 3460 924 3497 totius
954 3465 1088 3499 sanctae
1124 3463 1339 3512 universalis

286 3517 468 3561 Ecclesiae,
503 3529 581 3564 qum
605 3525 686 3556 cum
706 3520 777 3557 flue
795 3520 902 3567 hujus
927 3518 1050 3559 mundi
1070 3523 1256 3570 perficitur
1273 3514 1336 3561 de-

289 3577 419 3623 signat,
451 3577 595 3625 quando
624 3575 661 3615 et
695 3577 986 3626 persecutionem
1018 3579 1232 3620 Antichristi
1262 3594 1340 3622 cre-

289 3643 430 3674 scentes
453 3638 489 3674 in
509 3637 614 3676 bonis
647 3636 786 3678 niet-itis
813 3641 1012 3688 probantur
1039 3643 1172 3690 electi;
1198 3639 1235 3683 et
1251 3643 1342 3693 hora

290 3699 349 3735 illa
369 3702 643 3750 appropinquat,
660 3702 808 3751 quando
824 3700 863 3741 ih
878 3695 1096 3744 oblivionem
1113 3696 1240 3745 mortis
1258 3718 1342 3759 per--

292 3765 411 3812 petum
425 3763 544 3814 impiis
563 3765 719 3812 muns,
734 3759 824 3818 justi
841 3757 888 3804 ad
905 3756 1091 3807 dexteram
1103 3758 1168 3809 bei
1185 3769 1222 3807 iu
1240 3757 1353 3821 etet.

1403 1207 1514 1249 cede;
1536 1205 1586 1241 ibi
1611 1207 1755 1251 require
1784 1207 2052 1244 tabernaculum
2074 1209 2152 1254 Dei,
2179 1211 2229 1246 ibi
2254 1222 2459 1258 praecursor

1401 1276 1465 1312 pro
1484 1266 1587 1302 nobis
1608 1267 1769 1302 introivit
1789 1266 1907 1311 Jesus,
1944 1275 1978 1304 et
1997 1270 2134 1306 assistit
2151 1282 2246 1308 nunc
2263 1273 2374 1309 vultui
2396 1275 2460 1311 Dei

1402 1326 1635 1371 lnterpellans
1651 1337 1716 1372 pro
1743 1327 1877 1371 nobis„
1902 1328 1954 1364 lbi
1974 1330 2135 1375 inquam,
2152 1333 2296 1378 require
2310 1341 2458 1380 quater-

1402 1396 1469 1421 nos
1489 1392 1577 1421 istos
1596 1386 1740 1422 ordines
1761 1388 2006 1434 stationesque
2026 1395 2227 1427 castrorum
2247 1405 2256 1437 ;
2279 1394 2329 1429 ibi
2346 1395 2461 1432 lsrae-

1402 1447 1503 1481 litica
1527 1447 1670 1492 agmina
1690 1453 1726 1482 ct
1753 1448 1924 1484 excubias
1948 1459 2056 1485 cerne
2088 1458 2322 1497 sanctorum3
2356 1462 2392 1491 et
2411 1457 2460 1493 ibi

1403 1507 1463 1543 illa
1481 1516 1560 1552 quae
1584 1517 1676 1542 nunc
1698 1507 1906 1552 quaerimus,
1934 1510 2203 1554 primitivorum
2235 1521 2462 1552 sacramenta

1405 1568 1551 1603 rimare.
1587 1566 1658 1602 Sed
1683 1577 1748 1613 ego
1766 1578 1838 1603 non
1868 1566 1981 1604 audeo
2012 1568 2096 1606 illuc
2115 1571 2212 1608 solus
2238 1576 2458 1621 ascendere;

1405 1640 1478 1666 non
1499 1629 1613 1664 audeo
1633 1639 1691 1664 me
1709 1629 1744 1663 in
1765 1629 1830 1664 bos
1855 1633 1929 1664 tam
1953 1635 2111 1667 secretos
2133 1634 2387 1680 mysteriorum
2405 1646 2462 1672 re-

1406 1700 1529 1726 cessus
1548 1689 1625 1726 sine
1644 1689 1855 1725 auctoritate
1876 1692 1995 1737 magni
2028 1691 2177 1738 alicujus
2205 1694 2361 1732 doctoris
2391 1698 2457 1734 im-

1406 1760 1583 1796 mergere.
1606 1749 1685 1786 Non
1702 1761 1849 1796 possum
1868 1750 1951 1787 illuc
1966 1754 2175 1798 ascendere,
2198 1756 2266 1792 nisi
2281 1761 2462 1804 praecedat

1407 1821 1464 1847 Ine
1478 1809 1623 1853 Paulus,
1645 1810 1770 1856 etipse
1789 1810 1875 1846 mihi
1894 1813 1988 1847 viam
2007 1813 2089 1848 novi
2110 1814 2215 1861 liujus
2230 1822 2264 1852 et
2284 1819 2385 1854 ardui
2403 1820 2463 1856 iti-

1408 1871 1507 1907 neris
1525 1871 1702 1907 ostendat.
1734 1871 1813 1918 lpse
1832 1882 1917 1919 ergo
1935 1873 2179 1919 apostolorum
2205 1879 2384 1916 maximus
2401 1883 2463 1928 qni

1409 1933 1519 1968 sciret
1536 1932 1669 1968 multas
1687 1943 1766 1969 csse
1785 1943 1857 1969 non
1879 1933 1992 1970 solum
2015 1935 2050 1970 in
2069 1937 2188 1981 terris,
2219 1939 2282 1974 sed
2310 1939 2347 1975 in
2362 1942 2462 1979 coelis

1409 1993 1604 2038 Ecclesias,
1639 2005 1683 2030 cx
1717 1995 1846 2041 quibus
1878 2001 1914 2031 ct
1947 2002 2085 2042 septem
2116 2001 2287 2044 quasdam
2308 2001 2464 2040 Joatmes

1407 2061 1596 2092 enumerat
1617 2057 1738 2100 (Apoc.
1759 2057 1831 2103 111),
1853 2058 1977 2103 etipse
1995 2064 2112 2095 tamen
2132 2060 2262 2098 Paulus
2274 2065 2463 2101 ostendere

1406 2119 1541 2161 volens,
1565 2129 1643 2155 esse
1661 2121 1853 2165 quamdam
1868 2126 2043 2166 praeterea
2061 2123 2325 2168 primitivorum
2342 2125 2464 2163 Eccle-

1408 2180 1512 2223 siam,
1533 2180 1576 2215 ad
1598 2180 1766 2216 ltebraeos
1793 2182 1880 2217 dicit
1894 2182 2054 2219 scribens
2074 2195 2081 2218 ε
2109 2184 2193 2220 Non
2212 2186 2303 2221 enim
2321 2189 2465 2224 accessi-

1406 2241 1468 2275 stis
1486 2240 1530 2275 aa
1548 2240 1724 2276 maculem
1740 2247 1770 2276 ct
1791 2243 2008 2278 tractabilem
2034 2244 2171 2290 igneum
2197 2246 2257 2281 sed
2272 2249 2463 2285 accessistis

1407 2302 1451 2337 acl
1467 2309 1618 2337 montem
1639 2303 1741 2346 Sion,
1773 2309 1803 2337 ct
1824 2305 1997 2340 civitatem
2026 2305 2090 2341 Dei
2110 2308 2251 2343 viventis
2266 2308 2464 2347 Jerusalem

1407 2361 1589 2405 coelestem,
1604 2368 1633 2397 et
1652 2362 1886 2399 ntttltiludinis
1904 2366 2107 2410 (lttyeloi'util
2125 2367 2413 2415 collaudantium,
2433 2379 2464 2408 et

1407 2423 1586 2459 ecclesiam
1601 2424 1855 2469 primitivorum
1873 2425 2059 2471 ascriptam
2074 2427 2108 2461 in
2123 2427 2215 2462 coelis
2226 2429 2351 2474 (IIebr.
2370 2431 2462 2479 xix).

1405 2484 1518 2532 Igitur
1534 2482 1672 2530 Moyses
1691 2494 1755 2530 per
1768 2490 1923 2530 quatuor
1943 2491 2062 2522 castra
2093 2489 2264 2534 populum
2284 2489 2349 2526 Dei
2369 2492 2461 2527 divi-

1407 2558 1487 2584 sum
1507 2547 1628 2583 divisit
1654 2548 1691 2583 in
1711 2548 1818 2583 terris
1835 2559 1844 2590 ;
1877 2554 1913 2584 et
1932 2549 2125 2595 Apostolus
2146 2556 2299 2596 quatuor
2318 2553 2464 2591 ordines

1407 2615 1615 2647 sanctorum
1650 2609 1822 2645 describit
1845 2610 1881 2644 in
1900 2610 2025 2646 coelis:
2064 2611 2108 2646 ad
2127 2621 2280 2657 qnorum
2301 2614 2461 2661 singulos

1406 2681 1516 2706 unum
1537 2679 1714 2716 quemque
1746 2674 1909 2705 nostrum
1945 2670 2031 2706 dicit
2047 2672 2230 2708 accedere.
2264 2673 2343 2710 Non
2363 2676 2460 2711 enim

1407 2742 1531 2768 omncs
1557 2731 1603 2766 ad
1617 2741 1742 2767 omnes
1760 2730 1948 2776 accedunt,
1971 2733 2034 2768 scd
2049 2733 2109 2769 alii
2127 2735 2302 2771 accedunt
2317 2737 2462 2781 quidem

1408 2793 1453 2828 ad
1477 2797 1636 2827 montem
1655 2791 1755 2827 Sion.
1779 2792 1917 2828 Horum
1936 2801 2056 2829 autem
2071 2794 2178 2840 paulo
2195 2795 2376 2841 meliores,
2397 2809 2460 2835 ac-

1407 2853 1539 2890 cedunt
1573 2853 1620 2889 ad
1647 2853 1829 2889 civitatem
1863 2854 1927 2890 Dei
1947 2855 2101 2892 viventis
2134 2855 2335 2895 Jerusalem
2355 2859 2464 2896 eoele-

1409 2922 1512 2952 stem.
1540 2914 1608 2960 Qui
1622 2921 1743 2951 autem
1761 2926 1806 2952 ex
1821 2916 1878 2954 his
1894 2918 2152 2956 eminentiores
2173 2925 2269 2965 sunt,
2289 2922 2464 2959 accedunt

1408 2975 1452 3011 ad
1467 2975 1732 3012 multitudinem
1761 2977 1970 3023 angelorum
1985 2978 2279 3017 collaudantium.
2311 2981 2380 3027 Qui
2400 2994 2465 3020 au-

1406 3041 1479 3072 tem
1499 3046 1607 3081 super
1624 3047 1749 3073 omnes
1779 3038 1869 3074 istos
1905 3045 1988 3075 sunt
2020 3047 2181 3086 sanctos,
2214 3044 2389 3080 accedunt
2418 3046 2463 3081 ad

1406 3095 1596 3132 ecclesiam
1631 3097 1898 3143 primitivorum
1927 3099 2125 3146 ascriptam
2158 3101 2196 3137 in
2227 3102 2341 3139 coelis.
2372 3103 2464 3148 Quia

1407 3168 1492 3205 crgo
1511 3158 1547 3193 in
1566 3158 1622 3194 liis
1641 3158 1851 3195 intellexisti
1868 3161 1930 3206 qui
1950 3161 1996 3197 sit
2014 3163 2104 3199 ordo
2127 3163 2406 3210 primitivorum,
2425 3171 2463 3203 et

1407 3220 1504 3265 quod
1523 3219 1571 3255 sit
1585 3219 1741 3255 nominis
1761 3220 1865 3256 istius
1883 3228 2162 3268 sacramentum,
2180 3235 2345 3273 praepara
2363 3233 2399 3264 te
2427 3233 2465 3264 et.

1408 3278 1546 3316 enitere
1563 3285 1739 3324 quantum
1758 3280 1871 3324 vales,
1900 3282 1932 3316 si
1951 3281 2043 3317 forte
2062 3285 2217 3328 actibus,
2234 3287 2331 3331 vita,
2349 3288 2463 3324 mori-

1406 3340 1489 3384 bus,
1514 3339 1596 3383 fide,
1616 3339 1864 3387 institutisque
1892 3342 2076 3387 proficias,
2096 3349 2136 3380 ut
2154 3346 2272 3392 possis
2290 3348 2463 3384 accedere

1409 3400 1455 3436 ad
1473 3391 1660 3436 ecclesiam
1675 3399 1942 3447 primitivorum
1958 3413 2038 3449 quae
2055 3404 2212 3450 ascripta
2225 3407 2332 3444 estin
2347 3408 2462 3446 coelis.

1409 3460 1514 3507 Quod
1532 3461 1725 3499 sitantum
1757 3472 1830 3499 non
1851 3463 1966 3508 vales,
2000 3466 2062 3502 sed
2095 3476 2136 3503 es
2161 3468 2268 3514 paulo
2296 3470 2462 3519 inferior,
2515 3488 2522 3495 ·

1409 3521 1540 3560 accede
1566 3521 1612 3559 ad
1641 3519 1907 3563 multitudinem
1930 3526 2142 3572 angelorum
2168 3529 2462 3574 collaudantium.

1407 3574 1511 3631 Quod
1534 3574 1567 3621 si
1587 3594 1655 3632 nec
1674 3579 1720 3621 ad
1746 3582 1856 3622 istum
1873 3591 1976 3632 potes
1994 3589 2167 3627 accedere
2179 3617 2190 3635 ‚
2214 3593 2263 3632 ad
2276 3592 2464 3636 civitatem

1409 3633 1474 3686 Dei
1487 3631 1643 3686 viventis
1652 3630 1854 3686 ierusalem
1867 3647 2053 3687 coelestem
2065 3660 2222 3699 propera
2227 3653 2467 3699 metendae:

2375 164 2446 209 604
2507 183 2510 187 <

1411 3692 1554 3771 §iuvere
1577 3712 1644 3760 nec
1660 3694 1706 3746 ad
1724 3705 1793 3754 hoc
1811 3712 1915 3754 aptus
1931 3719 1985 3753 es,
2006 3711 2124 3751 solum
2139 3712 2475 3761 &dmm‘offl
2536 3740 2540 3748 .

1411 3763 1520 3830 tende
1543 3755 1646 3815 Sion,
1664 3762 1762 3813 utin
1778 3775 1902 3814 monte
1919 3771 2083 3814 salveris.
2113 3774 2472 3831 mmmm

2506 3844 2540 4016 ἦ
