2540 4016
286 165 355 204 759

728 162 770 200 B.
797 162 969 201 RABANI
994 162 1144 202 MAURI
1165 162 1379 203 Ancmssr.
1408 161 1616 205 MOGUNT.
1641 167 1833 206 OPERUM
1858 168 1979 207 PARS
2003 166 2032 206 1,

2385 173 2458 214 'im

282 235 352 280 erit
367 252 376 276 ε
391 241 459 276 1100
478 243 534 275 est
550 237 746 286 recipietur
762 240 808 275 ad
826 240 948 284 fidem,
967 251 1034 277 nec
1052 241 1264 277 excludetur
1287 241 1333 277 ab
1350 246 1386 287 Α
1401 243 1463 289 qui
1479 243 1658 282 desideria
1677 245 1755 292 eius
1783 246 1958 290 refrenat,
1979 245 2043 292 qui
2074 246 2290 293 cupiditates
2303 250 2383 296 ejus
2398 263 2459 292 re-

279 300 489 340 haereditate
507 299 657 337 Christi.
681 300 718 337 Si
739 311 827 338 vero
854 301 1067 348 spiritaliter
1090 302 1332 344 advertamus,

277 364 392 401 Edom
421 371 505 398 caro
525 361 758 409 intelligitur,
779 373 860 409 quae
883 364 1096 399 adversatur
1125 363 1281 409 spiritui,
1298 369 1335 400 et

278 429 332 461 est
350 423 427 470 ejus
448 421 607 457 inimica.
628 421 668 457 ln
687 422 844 459 adventu
871 433 958 470 ergo
976 423 1127 468 Christi,
1146 435 1228 460 cum
1245 425 1333 461 sub-

271 485 368 530 jecta
399 483 507 519 suerit
539 492 624 518 caro
654 482 797 529 spiritui
827 493 892 529 per
917 485 1192 522 resurrectionis
1216 496 1331 532 spem,

274 545 385 580 etiam
406 543 482 590 ipsa
502 544 547 579 ad
573 543 823 580 haereditatem
850 545 984 581 veniet.
1019 545 1098 582 Non
1128 547 1224 583 enim
1256 548 1332 584 sola

274 604 407 648 anima,
425 604 487 640 sed
506 609 543 640 et
572 615 670 648 caro,
689 615 768 650 quae
798 605 989 651 aliquando
1019 605 1138 643 fuerat
1169 608 1329 650 inimica,

271 675 338 713 per
359 666 601 702 obedientiam
620 666 769 712 spiritus
789 677 939 703 consors
959 667 1089 703 suturae
1107 669 1330 704 baereditatis

271 727 416 764 existet.
435 728 545 764 Israel
565 739 650 765 vero
669 729 813 765 sortiter
833 734 937 775 aget,
963 731 1032 766 1100
1051 737 1106 767 051
1124 731 1219 776 quod
1244 731 1329 766 dicit

272 789 355 835 quia
376 793 461 825 tunc
479 789 592 825 Edom
619 790 677 826 vel
697 790 805 833 Esau,
827 791 896 827 hoc
915 797 970 827 est
990 793 1111 828 carnis
1130 798 1271 834 natura,
1292 792 1329 827 in

270 850 493 887 haereditatis
517 851 726 888 societatem
745 852 947 896 vocabitur,
969 863 1051 889 cum
1081 853 1191 888 Israel
1210 853 1329 888 anima

269 910 437 947 videlicet
467 911 561 947 sacta
589 911 755 947 fueritin
786 912 940 955 virtute,
962 919 996 948 et
1018 913 1188 949 decenter
1220 912 1331 948 fuerit

268 972 404 1017 repleta
425 973 631 1009 virtutibus.
651 972 690 1009 Si
710 973 806 1009 enim
828 974 947 1008 anima
964 983 1036 1009 11011
1056 974 1177 1009 veniat
1194 974 1238 1009 ad
1258 974 1330 1008 vir-

268 1038 378 1077 tutes,
400 1035 463 1070 sed
484 1034 519 1069 in
549 1035 690 1080 ignavia
712 1041 934 1080 perseveret,
955 1044 1022 1069 nec
1045 1045 1130 1070 caro
1153 1035 1197 1069 ad
1214 1035 1328 1069 haere-

267 1094 416 1129 ditatem
449 1095 582 1137 veniet,
614 1094 676 1129 sed
708 1095 751 1129 ad
778 1093 953 1138 judiciuin
985 1094 1094 1136 illius,
1129 1094 1187 1140 qui
1218 1098 1328 1138 potest

266 1157 422 1192 animam
440 1162 471 1191 et
486 1167 610 1202 corpus
627 1156 770 1202 perdere
786 1156 822 1190 in
840 1156 1031 1201 yehemzam
1048 1154 1191 1202 (Macae.
1209 1154 1260 1202 v).

311 1217 364 1252 De
386 1217 495 1253 Jacob
514 1218 579 1252 erit
598 1218 657 1263 qui
676 1217 873 1252 dominetur
894 1223 924 1251 et
941 1217 1057 1260 perdet
1075 1216 1226 1262 reliquas
1243 1217 1325 1251 civi-

264 1284 365 1314 tates.
397 1279 569 1314 Dominus
597 1278 764 1313 videlicet
797 1277 987 1320 Christus,
1017 1277 1077 1322 qui
1110 1278 1154 1312 de
1187 1277 1324 1312 semiue

262 1338 374 1374 Jacob
401 1337 597 1374 secundum
617 1347 763 1372 carnem
793 1342 913 1379 natuS,
937 1338 972 1371 in
994 1336 1168 1371 mundum
1198 1337 1322 1371 venit:

263 1398 321 1433 cui
348 1397 544 1433 secundum
580 1396 693 1432 sancti
725 1396 909 1441 Evangelii
937 1396 1219 1437 attestationem,
1241 1395 1324 1429 data

262 1464 311 1493 est
346 1459 456 1492 onmis
486 1462 638 1503 potestas
659 1457 695 1490 in
716 1455 799 1490 coelo
818 1462 849 1489 et
870 1456 906 1489 in
937 1460 1029 1489 terra
1051 1453 1195 1500 (Matth.
1216 1452 1322 1499 ult.);

262 1526 298 1553 ut
314 1519 350 1553 in
372 1519 510 1553 nomine
526 1516 612 1552 Jesu
631 1528 730 1551 omne
745 1527 832 1562 yenu
846 1517 1022 1561 flectatur,
1034 1514 1237 1557 coelestium,
1256 1521 1325 1549 ter-

265 1580 428 1614 restrium
447 1583 551 1623 atque
575 1576 808 1622 infernorum,
830 1581 860 1609 el
884 1575 995 1609 omnis
1017 1574 1135 1619 linqua
1156 1573 1325 1618 confitea-

261 1647 331 1683 tur,
352 1639 434 1686 quia
463 1638 634 1673 Dominus
664 1635 768 1671 Jesus
799 1635 961 1670 Christus
989 1636 1025 1670 in
1053 1634 1165 1681 qloria
1186 1641 1236 1669 est
1259 1634 1324 1668 Dei

262 1701 383 1735 Patris
411 1699 557 1747 (Philip.
577 1698 617 1745 11)
637 1699 738 1745 :ipse
770 1698 950 1734 associata
975 1698 1044 1733 sibi
1076 1697 1220 1733 civitate
1245 1696 1320 1739 Dei,

261 1763 330 1797 1100
353 1767 407 1796 051
424 1760 585 1796 Ecclesia
607 1759 796 1802 catholica,
815 1759 942 1804 perdet
958 1759 1118 1804 reliquas
1141 1759 1320 1801 civitates,

261 1822 510 1858 conventicula
529 1822 606 1857 sine
624 1821 732 1857 dubio
750 1820 1018 1863 haereticorum,
1035 1830 1078 1854 ac
1097 1819 1322 1854 munimenta

260 1883 591 1928 philosophicorum
621 1882 829 1929 dogmatum
842 1909 851 1924 ,
872 1881 934 1926 qui
962 1881 1143 1917 contrarie
1163 1879 1323 1915 sentiunt

262 1951 367 1991 atquc
402 1950 511 1991 agunt
544 1944 627 1979 fidei
659 1943 860 1980 catholicae.
895 1942 966 1978 Sed
999 1951 1116 1987 neque
1140 1941 1322 1977 silendum

261 2010 431 2052 arbitror,
447 2009 542 2054 quod
567 2009 602 2043 111
624 2007 840 2052 quibusdam
859 2005 1127 2051 exemplaribus
1142 2004 1201 2040 1110
1220 2003 1320 2039 100115

1405 309 1515 348 secat,
1532 306 1592 352 qui
1610 306 1790 343 luxuriam
1804 307 1882 352 ejus
1901 307 2231 356 resolutionemque
2243 312 2458 360 castigat,et

1403 365 1440 402 iu
1456 367 1554 404 nullo
1570 379 1719 414 prorsus
1732 369 1819 405 facit
1831 368 2056 406 voluntatem
2072 380 2192 416 suam,
2212 374 2274 410 sed
2291 374 2459 412 volunta-

1402 435 1474 467 tem
1487 432 1565 475 Dei,
1577 438 1614 468 et
1628 443 1693 478 per
1707 433 1785 468 haee
1799 432 1920 478 perire
1936 433 2068 470 dicitur
2085 435 2220 471 anima.
2241 435 2341 472 Perit
2356 448 2459 475 nam·
2503 428 2519 475 ζ’

1401 501 1470 536 (1110
1489 493 1563 528 vita
1578 492 1655 537 ejus
1674 492 1789 538 prior,
1811 498 1847 528 et
1863 492 1990 539 incipit
2015 505 2146 531 novam
2166 497 2292 539 vitam,
2310 509 2390 545 11110),
2418 500 2457 536 111
2504 497 2519 538 ,ν’

1400 551 1544 588 Christo
1564 557 1632 595 est,
1655 553 1800 589 ducere.
1837 552 1962 591 Simile
1980 561 2101 592 autem
2120 557 2205 594 huic
2221 559 2318 597 dicto
2347 561 2457 597 etiam
2510 563 2514 566 ”

1400 614 1487 649 1111111
1504 619 1577 650 051;
1590 613 1629 650 Si
1649 616 1921 652 commoriamur
1935 623 1967 652 et
1981 620 2198 655 convivemus
2214 621 2272 668 (ΙΙ
2290 621 2380 657 Tim.
2397 622 2454 670 11).

1398 672 1443 708 Et
1467 673 1552 709 illud
1570 687 1577 709 :
1596 673 1635 709 Si
1654 680 1770 711 autem
1798 678 1928 712 mortui
1946 678 2028 714 estis
2047 679 2090 714 ab
2121 680 2297 718 elementis
2317 684 2455 728 mundi,

1398 733 1569 779 quomodo
1589 734 1680 770 velut
1699 737 1847 772 viventes
1859 738 1896 773 in
1909 738 1974 773 hoc
1989 740 2120 774 mundo
2139 731 2454 791 decernitis?(Gol.

1397 794 1454 842 11.)
1479 795 1690 833 Necessaria
1711 808 1798 844 ergo
1816 798 1853 834 in
1882 799 1938 835 his
1969 801 2210 845 declarantur,
2233 804 2317 849 quia
2337 805 2458 850 perdit

1397 854 1553 890 animam
1575 867 1678 892 suam
1707 858 1742 894 in
1765 859 1833 895 hoc
1855 861 2001 902 mundo,
2025 862 2086 907 qui
2106 873 2187 898 011111
2205 863 2350 900 Christo
2379 875 2456 901 mo-

1397 915 1509 958 ritur;
1529 922 1564 951 et
1596 917 1656 962 qui
1693 918 1745 953 sic
1774 929 1854 954 eam
1875 921 2087 965 perdiderit,
2115 923 2274 960 inveniet
2293 934 2386 966 eam,
2406 925 2456 960 ibi

1397 976 1473 1012 sine
1495 977 1602 1013 dubio
1621 978 1680 1013 ubi
1706 979 1791 1014 dicit
1810 980 2003 1025 Apostolus
2021 994 2029 1017 :
2046 983 2130 1028 quia
2161 984 2231 1019 vita
2249 990 2361 1019 vestra
2379 984 2459 1020 abs-

1396 1037 1536 1071 condita
1553 1044 1603 1073 est
1620 1049 1698 1073 cum
1719 1038 1857 1074 Christo
1876 1041 1911 1075 in
1932 1041 2005 1076 Deo
2023 1042 2113 1087 (Col.
2138 1043 2207 1090 111).

1443 1098 1597 1145 Cumque
1637 1100 1777 1136 vidisset
1818 1101 1959 1137 Amalec
1980 1130 1988 1145 ,
2033 1115 2213 1140 assumens
2248 1106 2457 1151 parabolam

1340 1155 1439 1195 Bait
1459 1169 1471 1193 .·
1507 1160 1722 1206 Principium
1762 1162 1914 1207 qentinm
1946 1163 2115 1207 Amalec,
2152 1166 2254 1211 cujus
2302 1173 2458 1203 extrema

1392 1221 1593 1266 perdentur.
1624 1221 1811 1257 Primitiva
1845 1224 2087 1260 necessarium
2125 1226 2214 1261 mihi
2241 1227 2380 1263 videtur
2402 1238 2460 1264 re-

1394 1283 1537 1326 quirere
1555 1282 1588 1317 in
1607 1282 1804 1329 Scripturis
1824 1284 1976 1328 divinis,
1998 1287 2128 1332 quibus
2149 1288 2184 1322 in
2203 1288 2292 1324 10015
2306 1289 2363 1325 vel
2386 1301 2458 1335 (1110

1393 1341 1428 1375 111
1447 1347 1621 1387 tempore,
1644 1353 1775 1378 nomen
1792 1342 1940 1380 Amalec
1968 1347 2141 1392 scriptum
2161 1348 2225 1391 sit,
2249 1359 2319 1394 quo
2341 1350 2458 1386 velex

1394 1412 1524 1447 genere
1562 1414 1649 1449 gens
1689 1404 1756 1439 ista
1790 1406 1996 1442 descendat.
2032 1408 2188 1445 Facilius
2228 1412 2325 1448 enim
2362 1414 2458 1458 quod

1394 1465 1567 1508 quaeritur
1588 1467 1814 1510 agnoscitur,
1840 1468 1868 1502 si
1889 1477 1932 1502 ex
1964 1469 2130 1514 pluribus
2158 1471 2262 1515 locis,
2299 1485 2379 1519 quae
2415 1475 2459 1511 de

1393 1524 1519 1558 cadem
1546 1525 1678 1570 scripta
1700 1531 1796 1567 sunt,
1830 1526 2075 1571 proferantur.
2108 1528 2220 1575 Igitur
2237 1530 2272 1565 in
2308 1530 2458 1570 Genesis

1392 1584 1568 1626 lectione,
1604 1585 1663 1620 ubi
1684 1586 1842 1631 quinque
1877 1597 1979 1632 reges
2013 1596 2260 1626 convenerunt
2284 1597 2324 1627 ut
2344 1603 2458 1640 expu-

1393 1650 1544 1690 gnarent
1577 1651 1733 1690 quatuor
1759 1656 1862 1692 reges
1895 1647 1956 1692 (1111
1984 1649 2185 1694 regnabant
2217 1651 2253 1686 in
2275 1650 2455 1697 Sodomis,

1391 1712 1472 1751 post
1488 1707 1670 1753 aliquanta
1704 1709 1755 1744 ita
1775 1709 1933 1746 refertur
1954 1723 1961 1747 :
1999 1711 2047 1747 Et
2068 1721 2233 1750 venerunt
2260 1716 2306 1751 ad
2325 1716 2456 1761 sontem

1393 1767 1568 1814 Masphat,
1590 1770 1666 1815 ipsa
1686 1777 1736 1806 est
1757 1771 1869 1808 Codes
1887 1785 1899 1815 ;
1920 1779 1952 1808 et
1969 1783 2213 1820 percusserunt
2240 1789 2375 1814 omnem
2403 1791 2457 1815 re-

1390 1831 1525 1877 yionem
1537 1832 1825 1878 Amalecitarum,
1836 1841 1868 1870 et
1877 1836 2176 1882 Amorrtzoeorum,
2185 1841 2244 1886 qui
2253 1841 2457 1879 habitabant

1390 1893 1427 1928 in
1446 1893 1724 1931 Asasonthamar
1742 1895 1843 1943 (Gen.
1863 1897 1953 1943 xiv).
1977 1898 2015 1934 111
2035 1899 2092 1936 1115
2111 1901 2229 1947 11111110
2248 1902 2435 1940 10015Α1110
2451 1923 2456 1931 .

1390 1953 1443 1989 lec
1483 1956 1630 1991 memini
1665 1957 1904 1994 nominatum.
1944 1958 2015 1995 Sed
2047 1962 2251 2007 requiratur
2273 1963 2452 2008 fortassis,

1390 2019 1510 2050 utrum
1532 2016 1610 2053 duae
1625 2024 1749 2064 gentes
1769 2019 1929 2064 ejusdem
1941 2023 2097 2059 nominis
2118 2024 2320 2062 habeantur
2339 2039 2346 2061 :
2367 2037 2455 2072 quo-

259 2071 308 2106 110
327 2070 458 2115 legitur
477 2082 484 2103 :
504 2069 698 2114 Exsurqet‚
720 2067 848 2113 inquit,
870 2067 993 2109 Jacob,
1015 2073 1046 2102 et
1064 2066 1182 2113 perdet
1198 2065 1322 2100 libera·
1340 2061 1369 2102 C
1390 2076 1487 2111 „jam
1521 2079 1666 2123 quidem
1701 2086 1737 2116 et
1761 2081 1796 2116 1η
1825 2081 1986 2127 catalogo
2019 2082 2174 2120 filiorum
2194 2084 2303 2128 Esau,
2332 2091 2368 2122 et
2387 2088 2454 2123 du-

261 2136 334 2165 tum
350 2130 391 2163 de
413 2129 563 2163 civitate.
583 2128 658 2163 Nec
677 2128 715 2162 in
735 2128 804 2163 hoc
822 2127 952 2170 solum,
977 2127 1039 2162 sed
1058 2127 1094 2162 111
1113 2126 1211 2163 0111111
1229 2135 1321 2171 110110

258 2190 470 2237 1110111101100
505 2189 596 2236 stylo
630 2198 708 2233 quae
743 2188 911 2223 dicuntur
927 2214 936 2230 ,
966 2187 1127 2223 involuto
1164 2186 1253 2222 satis
1285 2190 1321 2220 et

258 2252 412 2288 obscuro
432 2259 598 2287 sermone
619 2250 798 2286 dicuntur.
833 2248 910 2284 Non
931 2249 1028 2284 enim
1058 2253 1203 2284 sanctos
1223 2256 1322 2292 spre-

257 2316 323 2358 vit,
344 2314 405 2360 qui
436 2315 479 2350 de
499 2314 554 2349 1115
584 2313 694 2348 scribi
720 2312 854 2356 voluit,
875 2319 916 2348 ut
933 2313 1053 2358 palam
1071 2311 1148 2348 haec
1166 2318 1202 2347 01
1222 2313 1322 2356 pedi-

257 2376 338 2417 bus,
360 2379 397 2408 ut
428 2373 478 2408 ita
500 2372 632 2416 dicam,
655 2372 905 2419 imperitorum
934 2372 1180 2408 conculcanda
1208 2382 1322 2417 pone-

256 2439 404 2476 rentur;
427 2433 490 2469 sed
526 2433 575 2468 ita
610 2433 786 2478 providit,
820 2437 860 2468 ut
893 2443 975 2468 011111
1010 2431 1152 2478 publice
1187 2432 1321 2468 habere

257 2495 459 2537 videantur,
482 2504 689 2530 sermonum
723 2499 846 2530 tamen
878 2494 1100 2530 obscuritate
1122 2493 1264 2529 condita
1285 2493 1320 2527 in

257 2556 422 2599 arcanis,
443 2561 479 2591 et
510 2555 547 2590 in
574 2555 723 2591 secretis
752 2556 894 2591 obtecta
926 2560 1128 2591 serventur.
1152 2554 1197 2590 Et
1227 2564 1323 2590 nunc

257 2628 344 2664 ergo
364 2617 460 2662 quod
490 2617 552 2659 ait,
573 2616 692 2662 perdet
725 2615 910 2651 liberatum
941 2616 983 2651 de
1011 2616 1164 2658 civitate,
1188 2615 1259 2651 nisi
1277 2614 1321 2649 ad

258 2679 554 2716 consuetudinem
571 2678 818 2724 propheticam
834 2679 1006 2725 respicias
1020 2678 1064 2713 de
1079 2689 1148 2723 qua
1165 2677 1320 2713 dicitur:

260 2739 384 2775 Omnis
405 2739 585 2785 prophetia
607 2749 675 2773 non
694 2744 803 2783 potest
831 2740 974 2785 propria
1006 2739 1223 2774 absolutione
1242 2749 1323 2773 con-

260 2805 354 2836 stare
373 2798 430 2846 (II
443 2797 541 2833 Petr.
558 2798 600 2844 1),
615 2797 718 2833 valde
734 2797 888 2833 difficilis
906 2798 1087 2834 videbitur
1102 2798 1320 2834 intellectus.

259 2860 454 2895 Videamus
484 2864 630 2902 tamen,
649 2858 680 2894 si
700 2858 794 2894 sorte
818 2860 888 2895 hoe
907 2860 1014 2895 modo
1044 2860 1178 2906 poterit
1198 2861 1322 2905 expla-

258 2921 351 2954 nari.
372 2919 564 2955 Civitatem
587 2920 684 2955 hunc
703 2919 877 2955 mundum
902 2920 1157 2966 intelligamus,
1178 2921 1271 2956 sicut
1285 2927 1321 2956 et

258 2982 294 3016 in
326 2980 532 3026 Evangeliis
557 2981 690 3016 dicitur
718 2981 761 3016 de
787 2980 972 3017 luxurioso
990 2981 1086 3024 filio,
1111 2983 1170 3028 qui
1190 2982 1319 3028 dilapi-

259 3042 354 3078 davit
386 3042 620 3078 substantiam
654 3042 786 3088 patris,
816 3043 899 3088 quia
931 3044 1096 3086 accessit,
1119 3043 1248 3088 inquit,
1271 3044 1316 3079 ad

259 3104 445 3152 quemdam
473 3105 682 3151 primarium
709 3104 858 3140 civitatis
885 3105 922 3139 in
943 3105 1080 3150 reqione
1108 3105 1170 3140 illa
1186 3133 1194 3149 ,
1214 3117 1316 3152 aquo

259 3171 416 3212 receptus
436 3166 474 3201 in
492 3176 615 3211 agrum
639 3165 792 3200 mittitur
810 3175 933 3211 porcos
950 3176 1091 3211 pascere
1116 3166 1216 3213 (Luc.
1238 3167 1315 3214 xv).

258 3230 305 3265 Et
323 3230 401 3265 haec
418 3237 506 3276 ergo
536 3228 663 3264 civitas
683 3227 787 3274 eujus
804 3228 862 3264 ille
883 3228 1077 3274 primarius
1103 3235 1195 3272 erat,
1212 3239 1317 3264 mun-

260 3290 327 3326 dus
345 3289 406 3326 hic
422 3289 648 3336 intelligitur.
669 3289 784 3336 igitur
796 3289 842 3325 (10
859 3289 930 3325 hac
942 3289 1089 3324 civitate
1106 3289 1315 3333 liberatum,

259 3351 330 3387 hoe
346 3357 403 3388 est
419 3362 528 3398 quem
546 3351 678 3388 liberat
697 3351 879 3395 Christus,
894 3351 939 3387 de
956 3351 1024 3388 hoc
1042 3352 1175 3388 mundo
1191 3352 1318 3398 perdet

261 3420 357 3446 eum.
376 3411 472 3447 Dicit
487 3412 585 3448 enim
611 3412 644 3448 ei
662 3425 670 3447 :
689 3411 782 3456 Quia
800 3412 860 3459 qui
887 3411 1002 3459 perdit
1032 3412 1187 3447 animam
1215 3423 1315 3448 suam

259 3477 402 3518 propter
415 3483 483 3516 me,
499 3473 631 3509 salvam
650 3473 756 3519 saciet
784 3484 861 3509 eam
881 3472 1025 3520 (Matth.
1046 3472 1136 3520 xvi).
1159 3472 1317 3510 Salutari

260 3541 349 3578 ergo
365 3532 567 3579 perditione
596 3535 724 3581 perdet
753 3534 879 3579 Jesus,
897 3545 982 3571 cum
1009 3545 1118 3581 quem
1142 3536 1186 3572 de
1210 3535 1318 3582 hujus

262 3592 386 3628 mundi
403 3592 550 3629 civitate
576 3594 754 3632 liberavit.
776 3595 822 3632 Et
840 3605 907 3632 nos
924 3596 1061 3643 itaque,
1081 3596 1144 3642 qui
1161 3596 1207 3632 ad
1227 3595 1320 3633 salu-

263 3657 336 3688 tem
354 3653 480 3690 venire
499 3655 681 3701 volumus,
692 3646 736 3694 'et
763 3657 808 3694 de
827 3657 897 3694 hoc
914 3657 1048 3694 mundo
1077 3657 1238 3702 liberari,
1256 3657 1318 3694 de-

262 3711 389 3748 bemus
406 3716 546 3753 animas
569 3722 714 3754 nostras
739 3717 944 3764 perditione
959 3719 1040 3755 utili
1057 3724 1095 3756 et
1108 3719 1317 3757 necessaria

263 3770 427 3812 perdere.
446 3773 570 3812 Perdit
595 3777 695 3815 0111111
721 3777 881 3815 animam
896 3778 1095 3818 semmdum
1113 3778 1335 3826 Christum*-

1390 2148 1471 2173 cum
1499 2139 1559 2183 qui
1582 2150 1625 2175 ex
1641 2140 1718 2185 ejus
1735 2151 1866 2188 genere
1882 2143 2159 2188 descenderant,
2181 2145 2337 2183 refertur
2351 2148 2456 2186 Ama-

1391 2198 1458 2233 lec.
1482 2198 1533 2233 lta
1559 2200 1654 2235 enim
1686 2202 1862 2247 scriptum
1887 2209 1942 2240 051
1967 2216 1975 2239 :
2005 2204 2093 2240 flaec
2114 2212 2194 2242 sunt
2220 2214 2336 2243 autem
2355 2220 2457 2255 qene-

1390 2260 1541 2296 rationes
1569 2261 1667 2297 Esau
1689 2265 1798 2309 patris
1828 2265 1956 2309 Edam,
1991 2267 2027 2302 in
2050 2274 2164 2304 monte
2185 2267 2276 2304 Seir.
2314 2269 2361 2304 Et
2381 2270 2455 2306 hoec

1391 2321 1533 2356 nomina
1561 2321 1716 2366 filiorum
1752 2325 1856 2368 ejus:
1894 2326 2045 2373 Eliphaz
2086 2327 2182 2372 filius
2212 2328 2298 2364 Adce
2334 2330 2455 2366 uxoris

1389 2380 1509 2423 Esau;
1538 2381 1675 2428 Raquel
1706 2395 1840 2431 quoque
1875 2386 1971 2430 silius
1995 2387 2184 2424 Basemath
2212 2391 2332 2425 timoris
2363 2390 2452 2436 ejzts.

1389 2440 1619 2489 Fueruntque
1634 2443 1700 2488 filii
1720 2443 1872 2490 Eliphaz
1887 2455 1899 2479 .·
1934 2446 2102 2490 Theman,
2126 2448 2251 2492 Omar,
2275 2449 2392 2496 Zepho
2421 2456 2455 2486 et

1390 2499 1542 2544 Gathan,
1577 2507 1609 2536 et
1628 2500 1755 2538 Genez.
1794 2503 1883 2539 Erat
1914 2511 2032 2541 autem
2066 2506 2225 2543 Thamna
2261 2509 2454 2546 concubina

1389 2561 1540 2606 Eliphaz
1563 2563 1629 2608 filii
1656 2564 1777 2608 Esau,
1807 2577 1884 2612 quae
1909 2569 2040 2612 peperit
2065 2569 2097 2603 ei
2121 2568 2275 2605 Amalec.
2304 2571 2349 2606 Et
2374 2577 2456 2618 post

1389 2633 1503 2668 pauca
1521 2635 1528 2657 :
1555 2623 1602 2658 Hi
1633 2624 1737 2660 duces
1757 2625 1911 2670 filiorum
1930 2626 2041 2671 Esau,
2069 2628 2135 2674 filii
2150 2629 2302 2677 Eliphaz
2320 2632 2454 2679 primo-

1389 2686 1494 2731 geniti
1514 2686 1626 2722 Esau.
1665 2687 1748 2723 Dux
1767 2687 1935 2732 Theman,
1975 2689 2049 2725 dux
2079 2689 2200 2734 Omar,
2224 2692 2297 2728 dux
2321 2692 2451 2740 Sephu,

1391 2746 1463 2781 cluse
1483 2745 1608 2790 Cenez,
1645 2748 1717 2784 dna:
1739 2746 1877 2792 Chore,
1907 2750 1980 2785 dux
2007 2749 2162 2795 Gathan,
2200 2752 2275 2788 dux
2310 2753 2452 2790 Amalec

1392 2806 1493 2854 (Gen.
1515 2809 1655 2857 xxxvi).
1694 2809 1759 2846 1110
1787 2820 1872 2857 ergo
1902 2810 2061 2855 Amalec,
2091 2812 2185 2848 filius
2210 2812 2279 2850 fuit
2300 2813 2450 2860 Eliphaz

1391 2870 1619 2915 primogeniti
1642 2871 1706 2907 lilii
1731 2872 1840 2915 Esau,
1870 2878 1977 2910 natus
1997 2884 2041 2910 ex
2071 2875 2268 2911 concubina
2306 2877 2452 2914 nomine

1393 2929 1567 2965 Thamna.
1586 2930 1656 2966 Sed
1672 2933 1863 2970 redeamus
1881 2934 1925 2970 ad
1940 2933 2094 2979 primam
2111 2935 2154 2970 de
2168 2934 2338 2972 Amalech
2353 2947 2452 2973 com-

1390 2991 1702 3035 memorationem,
1723 2993 1783 3029 ubi
1803 2994 1865 3040 qui
1891 2995 2028 3031 reversi
2049 3001 2134 3031 sunt
2151 3001 2187 3031 et
2214 3003 2390 3033 venerunt
2407 2999 2451 3034 ad

1389 3049 1526 3086 fontem
1553 3050 1692 3096 judicii,
1719 3055 1780 3100 qui
1799 3060 1946 3091 vocatur
1975 3055 2103 3100 Gades,
2135 3057 2352 3094 interficient
2373 3069 2450 3096 om-

1389 3122 1454 3148 nes
1480 3114 1662 3160 principes
1691 3115 1851 3153 Amalec.
1895 3117 2013 3155 Gades
2047 3119 2308 3166 interpretatur
2341 3121 2452 3157 ablin-

1388 3183 1469 3218 qens
1482 3173 1662 3219 populum.
1689 3175 1800 3221 Igitur
1819 3177 1857 3212 hi
1876 3178 1937 3223 qui
1970 3184 2203 3216 revertuntur
2217 3180 2262 3216 ad
2285 3188 2450 3218 sanctum

1388 3238 1424 3268 et
1439 3240 1653 3270 convertunt
1680 3246 1719 3271 se
1736 3237 1782 3271 ad
1799 3239 2135 3284 sanctificationem,
2164 3242 2384 3279 interficiunt
2414 3249 2451 3279 et

1383 3292 1568 3336 perimunt
1605 3293 1766 3338 Amalec,
1805 3295 1906 3331 illum
1930 3298 2068 3334 scilicet
2101 3300 2163 3343 qui
2195 3300 2348 3347 ablingit
2379 3312 2447 3347 po-

1384 3349 1520 3396 pulum,
1542 3350 1599 3386 vel
1613 3350 1768 3387 declinat
1793 3354 1978 3399 populum.
2015 3355 2104 3400 Quis
2122 3362 2245 3394 autem
2275 3359 2367 3395 alius
2391 3366 2448 3397 est

1385 3411 1447 3457 qui
1470 3411 1626 3448 declinat
1645 3412 1817 3459 populum
1837 3424 1858 3449 a
1872 3414 1960 3457 Deo,
1980 3415 2051 3452 nisi
2080 3416 2196 3453 virtus
2215 3420 2396 3456 contraria
2411 3426 2448 3458 et
2512 3406 2529 3466 .'

1384 3471 1564 3518 spiritales
1577 3472 1771 3518 nequitiae?
1790 3473 1928 3510 Horum
1942 3485 2029 3522 ergo
2044 3477 2241 3524 principes,
2261 3480 2323 3525 qui
2338 3484 2447 3519 sunt?

1382 3532 1437 3569 Illi
1461 3533 1540 3570 sine
1553 3533 1663 3571 dubio
1678 3533 1916 3581 principatus,
1941 3536 2114 3573 adversus
2129 3547 2220 3584 quos
2240 3540 2377 3576 sanetis
2391 3545 2447 3577 est

1384 3593 1604 3631 colluctatio.
1628 3593 1828 3632 Adversum
1847 3595 2072 3642 principatus
2089 3597 2187 3634 enim
2219 3602 2255 3634 et
2282 3604 2444 3646 potesta·

1383 3658 1451 3699 tes,
1486 3659 1526 3690 et
1541 3654 1667 3692 1111111111
1681 3654 1788 3701 hujus
1806 3660 1980 3700 rectores,
2005 3656 2079 3694 sint
2094 3658 2148 3694 eis
2174 3667 2334 3706 agones:
2354 3669 2446 3706 quos

1383 3720 1505 3755 tamen
1517 3725 1690 3763 superare
1722 3727 1795 3754 non
1812 3722 1999 3764 poterunt,
2033 3718 2104 3756 nisi
2119 3725 2380 3758 convertantur
2397 3720 2445 3759 ad

1382 3777 1670 3817 sanctimoniam.
1707 3779 1788 3826 Ipsa
1828 3779 2066 3818 sanctimonia
2091 3784 2214 3818 tamen
2225 3790 2353 3835 ,1111101
2384 3781 2452 3829 ψ
