2540 4016
70 138 136 177 36¹

688 134 1025 174 EXPOSlTIONES
1051 132 1096 169 {N
1122 132 1388 170 LEvtthtJM.
1413 153 1461 159 —
1486 133 1571 170 LlB.
1600 135 1645 172 111

2186 141 2257 178 562

70 215 277 263 Hesychia.)
300 214 444 250 Nullum
477 212 535 248 lex
562 217 752 258 peccatum
788 210 953 257 praeterit
991 209 1123 251 tacite,
1144 218 1179 257 Α
1196 217 1266 253 que
1281 207 1417 253 repleat
1446 220 1453 243 :
1481 214 1630 254 propter
1649 210 1745 255 quod
1763 214 2002 258 compositum
2027 227 2159 255 nomen
2195 229 2256 256 ac-

67 280 132 315 scd
149 288 373 324 quaecuuque
388 276 546 313 actiones
560 285 625 321 per
637 273 888 320 evangelicum
916 271 1127 307 Testamen-

67 343 145 374 tum
165 338 357 384 prohibitae
371 342 468 379 sunt,
481 335 576 372 texit
591 336 658 371 has
689 334 792 379 prius
813 332 1069 379 :enigmatibus
1087 335 1128 366 ut

67 401 256 446 utriusque
272 398 468 435 sanctionis
484 396 756 434 consonantiam
777 396 934 437 discens,
953 392 1126 429 confitea-

67 462 118 498 ris
132 463 245 499 Deum
258 462 319 507 qui
339 461 375 497 in
386 461 439 497 eis
457 460 598 496 locutus
608 465 678 502 εει,
696 458 899 502 timensque
911 455 1060 492 recedas
1079 454 1124 489 ab

65 522 234 557 omnibus
263 531 342 566 quae
365 520 642 566 prohibuerunt.
677 517 715 554 ln
735 523 891 564 quatuor
909 526 996 563 ergo
1027 516 1125 552 ince-

65 580 119 616 dit
136 581 198 626 qui
218 581 263 617 ad
280 581 527 628 evangelicam
541 581 851 617 conversationem
871 580 1023 626 migrat3
1048 588 1125 614 am-

63 641 165 677 bulat
180 646 300 677 autem
324 642 359 677 in
386 642 568 685 manibus,
584 641 647 687 qui
663 646 823 687 quaestus
842 651 923 677 eam
944 650 1054 676 causa
1068 639 1124 675 lu-

62 702 188 747 crique
208 703 323 747 turpis
356 702 582 748 adipiscitur,
603 712 731 738 manus
761 701 834 737 cito
857 702 1061 746 imponens,
1083 705 1122 735 ut

61 768 107 795 ex
123 769 165 794 ea
183 760 367 805 quidpiam
386 761 504 806 capiat
519 760 714 803 commodi,
737 760 797 795 hic
820 759 989 795 omnibus
1021 764 1122 794 recte

59 826 347 857 connumeratur
365 827 474 867 atquc
493 827 726 868 comparatur
745 820 887 856 bestiis.
913 819 998 855 Sive
1023 820 1121 854 enim

58 883 265 920 adulterum
289 884 400 926 dicas,
419 884 493 919 sive
510 893 671 924 avarum,
689 883 764 918 sive
785 881 1019 924 homicidam,
1043 882 1120 917 sive

59 942 303 978 detractorem
319 969 329 986 ‚
365 943 450 981 sive,
470 941 717 987 blasphemum
735 967 745 984 ,
784 940 821 976 in
857 941 915 976 his
949 940 1119 977 omnibus

57 1009 129 1047 εει,
152 1010 190 1040 ιιι
209 1009 292 1050 pote
308 1004 468 1039 omnium
494 1004 651 1048 peccatis
671 1003 948 1039 communicans
980 1013 1045 1050 per
1064 1004 1118 1040 in-

52 1065 190 1111 justam
218 1074 346 1099 manus
367 1064 650 1110 impositionem.
681 1065 795 1111 Hujus
814 1066 1009 1102 morticina
1032 1071 1117 1101 sunt

1195 269 1291 314 cepit
1307 279 1352 304 ex
1370 274 1527 315 utroque
1554 269 1717 313 animali,
1737 280 1783 306 ex
1812 281 1883 316 quo
1906 273 1984 309 haec
2017 276 2127 313 habet
2148 279 2252 316 vitia.

1194 328 1390 366 Camelcon
1426 330 1463 366 in
1487 330 1582 367 malo
1615 331 1833 375 miserescit,
1864 338 1901 368 et
1936 343 2012 378 prae
2043 335 2256 376 infirmitate

1191 395 1422 425 mansuetum
1457 400 1538 428 esse
1574 401 1614 427 se
1642 390 1759 438 fingit,
1782 401 1865 428 cum
1898 393 1946 428 sit
1975 393 2256 435 immansuetum

1193 449 1341 488 animal.
1374 451 1514 496 Stellio,
1543 453 1579 490 id
1599 459 1669 498 εει,
1704 454 1938 499 ascalobotis,
1970 456 2080 493 nimis
2110 458 2255 503 quidem

1190 511 1363 557 parvulus
1394 513 1451 549 vel
1472 514 1717 558 miserrimus,
1737 525 1941 552 venenosus
1955 520 2078 553 tamen
2097 523 2165 554 εει.
2187 519 2255 555 La-

1191 578 1290 608 certa
1306 573 1341 609 in
1360 574 1537 620 sepulcris
1556 575 1709 612 habitat.
1732 576 1845 622 Talpa
1865 587 2003 614 caecum
2022 583 2079 614 est
2102 579 2253 622 animal,

1190 635 1286 679 quod
1306 635 1349 670 de
1376 640 1473 670 terra
1499 641 1713 682 generatur3
1734 637 1857 674 dicunt
1873 638 1969 675 enim
1989 648 2072 675 eam
2089 639 2134 676 de
2157 646 2255 677 terra

1191 692 1350 729 simulet
1369 694 1489 740 pluvia
1509 696 1628 731 creari
1647 703 1820 743 corrupto
1835 697 1927 742 luto,
1951 709 2034 735 cum
2055 699 2156 745 prius
2173 699 2254 746 plu-

1189 751 1286 787 viam
1300 754 1464 799 suscipit.
1484 754 1568 791 Haec
1586 765 1673 802 ergo
1693 757 1880 794 immunda
1906 764 2003 803 sunt,
2026 759 2070 796 de
2084 761 2253 797 omnibus

1188 822 1269 857 quae
1297 821 1428 860 repunt
1455 826 1564 861 super
1597 822 1755 862 terram;
1778 829 1849 855 non
1872 820 1957 866 quia
1981 821 2052 856 alia
2070 831 2142 858 non
2169 827 2256 858 sunt

1188 871 1388 918 immunda,
1405 876 1468 912 sed
1490 877 1575 922 quia
1592 878 1671 914 haec
1687 879 1845 915 maxime
1865 886 1963 924 sunt,
1987 887 2136 928 propter
2155 883 2255 929 quod

1186 931 1422 976 pollutionem
1450 938 1624 984 maj0rem
1643 939 1790 984 habent,
1820 941 1896 977 sive
1916 942 2105 978 malitiam.
2128 943 2255 981 Omnis

1185 993 1245 1037 qui.
1264 995 1418 1040 tetiqerit
1447 999 1636 1035 morticina
1670 1012 1808 1045 eorum,
1834 1003 2036 1040 immundus
2057 1007 2123 1040 erit
2143 1018 2252 1052 nsque

1185 1051 1231 1085 ad
1254 1063 1443 1097 vesperam.
1466 1056 1562 1093 Bene
1582 1068 1668 1105 ergo
1684 1061 1815 1106 probat
1845 1061 2084 1099 intentionem
2104 1064 2250 1111 legisla-

55 1128 93 1163 Μ
132 1127 263 1173 quibus
289 1137 416 1163 manus
448 1127 632 1173 imposuit.
663 1127 701 1163 ln
735 1128 822 1174 ipsis
848 1129 944 1164 enim
980 1128 1117 1175 pamm.
1135 1121 1167 1159 Β
1187 1115 1277 1149 toris
1297 1125 1375 1160 lpsa
1396 1116 1532 1154 littera.
1555 1118 1593 1154 Si
1613 1121 1710 1156 enim
1740 1121 1928 1159 immunda
1958 1129 2090 1160 natura
2111 1131 2250 1168 essent,

54 1188 194 1233 peccati
213 1193 379 1223 mortem.
403 1187 470 1231 Qui
486 1198 573 1234 ergo
593 1189 708 1235 tangit
735 1199 778 1225 ea
799 1194 836 1225 et
856 1189 918 1235 qui
938 1189 1115 1226 levaverit

55 1259 99 1285 ex
118 1250 186 1293 cis,
204 1256 300 1286 recte
318 1251 490 1296 polluitur
505 1262 513 1293 ;
531 1252 591 1296 qni
611 1252 756 1298 quidem
783 1253 895 1300 tangit
914 1262 970 1296 ea,
991 1253 1026 1288 id
1042 1258 1112 1296 est,

54 1309 114 1355 qui
130 1316 367 1346 conversatur
387 1311 495 1354 dicit,
515 1312 598 1357 quia
617 1313 823 1349 nullatcnus
847 1319 1113 1360 competentem

53 1370 266 1417 dignitatem
297 1373 546 1419 arripuerunt,
582 1384 693 1419 quam
732 1381 989 1421 cauponantes,
1025 1376 1113 1412 olim

52 1433 261 1468 omnimodo
276 1435 449 1479 perhanc
468 1434 656 1479 justificati
676 1442 773 1479 sunt,
794 1437 856 1472 sed
878 1443 961 1482 post
980 1437 1056 1473 haec
1077 1437 1112 1472 in

53 1492 213 1537 antiquis
243 1493 495 1538 iniquitatibus
526 1501 753 1541 permanent.
791 1496 861 1532 Sed
882 1503 919 1532 et
942 1498 1002 1542 qui
1027 1508 1112 1543 por-

51 1554 188 1590 taverit
207 1564 251 1590 ex
273 1555 336 1597 cis,
358 1555 469 1590 veluti
497 1562 648 1602 portans
680 1556 812 1592 falsum
847 1558 1110 1602 testimonium,

51 1614 290 1659 perhibendo,
307 1619 340 1650 et
357 1615 509 1651 dicendo
527 1615 675 1663 dignum
689 1617 750 1662 qui
770 1617 939 1664 indignus
961 1624 1029 1661 cst,
1046 1619 1112 1654 im-

51 1676 210 1709 mundus
243 1674 313 1710 erit
346 1675 523 1720 usquead
554 1686 765 1721 vesperam,
797 1682 905 1723 quam
945 1678 1111 1724 superius

51 1733 209 1770 diximus
242 1735 493 1780 poenitcntiam
531 1747 539 1769 :
576 1735 701 1772 lavans
740 1742 860 1773 autem
893 1739 1109 1775 vestimenta

51 1794 296 1830 mundabitur.

99 1852 175 1887 Hoc
195 1864 329 1899 quoque
349 1853 440 1890 inter
468 1854 602 1901 polluta
624 1857 841 1903 reputabitur
871 1859 913 1894 de
941 1860 995 1894 his
1030 1872 1108 1907 quoe

47 1913 273 1947 ”noventurin
293 1918 409 1949 terra.-
427 1913 579 1951 Mustela
596 1922 628 1951 et
643 1928 732 1959 mus,
749 1925 780 1952 et
801 1919 1012 1963 crocodilus,
1034 1923 1108 1957 sin-

35 1972 130 2019 ·9ula
142 1973 248 2019 juxta
267 1985 374 2021 qcnus
392 1987 516 2020 suanm
540 1977 667 2024 miqale
681 1986 712 2014 et
728 1979 917 2024 cameleon,
943 1989 974 2017 ct
993 1983 1106 2019 stellio

34 2043 88 2069 .ac
104 2032 248 2076 lacerta,
269 2040 301 2070 et
329 2034 439 2081 talpa,
462 2037 579 2072 omnia
600 2038 674 2073 leoec
701 2039 884 2075 immunda
920 2049 1023 2085 snnt;
1044 2045 1104 2090 qni

34 2093 195 2139 atetiqerit
226 2096 411 2131 morticina
439 2107 574 2141 eorum,
595 2099 795 2135 immundus
830 2101 894 2136 erit
928 2113 1037 2149 usq-ue
1060 2104 1106 2139 ad

45 2164 234 2199 vesperam.
255 2154 334 2201 (Ex
353 2156 510 2203 eodem.)
528 2158 602 2195 Nec
621 2170 717 2195 nunc
735 2161 798 2197 Dei
821 2169 1027 2199 creaturam
1052 2165 1105 2200 lc-

35 2215 195 2262 .gislator
231 2226 404 2254 accusans
435 2218 620 2256 immunda
656 2221 782 2258 haberi
820 2224 897 2260 haec
934 2227 1105 2272 praecepit

35 2275 237 2319 .animalia;
262 2287 345 2312 nam
365 2278 546 2323 quomodo
574 2289 617 2315 ea
653 2280 723 2316 alio
742 2282 872 2319 divinae
906 2283 1105 2330 Scripturae

34 2334 124 2371 &loco
146 2337 305 2382 reperies
327 2347 406 2374 esse
440 2338 596 2375 laudata.
625 2339 794 2378 Salomon
816 2344 947 2390 quippe
969 2346 1004 2380 in
1020 2346 1105 2383 Pro-

36 2397 179 2433 ·verbiis
203 2398 321 2434 dicit:
357 2398 518 2442 Quaeuor
536 2408 616 2437 sunt
644 2404 789 2439 minima
828 2412 931 2442 terroe
963 2414 995 2443 et
1029 2409 1102 2444 lzoec

32 2463 124 2493 nunt
137 2459 350 2504 sapientiora
373 2462 588 2508 sapientibus
607 2463 739 2511 (Prov.
765 2468 867 2513 xxx).
899 2469 996 2505 lntcr
1020 2480 1102 2515 quse

34 2518 215 2564 nepotem,
235 2520 324 2563 sive,
345 2523 540 2559 secundum
562 2523 812 2572 Septuaginta,
835 2530 1045 2572 erinacium,
1066 2537 1102 2566 et

33 2578 244 2615 stellionem
263 2582 509 2626 computavit:
532 2593 685 2629 quorum
707 2597 818 2621 unum
838 2589 1004 2633 superius
1018 2600 1102 2626 cum

42 2637 182 2674 camelo
198 2643 235 2674 et
252 2638 375 2684 lepore
393 2645 433 2676 ut
453 2641 679 2679 immundum
712 2645 769 2681 lex
789 2648 994 2692 accusavit;
1016 2650 1101 2686 stel-

32 2696 149 2733 {tionis
173 2703 294 2734 autem
319 2709 416 2736 nunc
450 2703 670 2739 mentionem
701 2704 799 2741 secit.
822 2706 901 2742 Non
920 2717 1006 2755 crgo
1036 2721 1100 2746 na-

31 2762 122 2800 ttura
141 2765 266 2793 corum
282 2758 467 2795 immunda
486 2769 556 2805 est,
579 2764 641 2799 sed
660 2775 727 2801 nec
744 2767 863 2803 omnis
880 2768 995 2812 actio;
1014 2779 1099 2805 nam

29 2817 219 2861 «quomodo
237 2823 403 2864 poterant
435 2821 502 2856 ista
525 2822 687 2860 laudari?
707 2825 778 2862 Sed
815 2828 979 2873 quaedam
1000 2830 1098 2866 circa

30 2876 116 2922 lipsa
136 2884 220 2914 sunt
243 2879 403 2917 actiones
418 2887 510 2927 aptae
536 2883 842 2923 irrationabilibus
863 2889 1094 2935 animalibus,

47 3011 53 3027 z
72 3002 132 3033 taae
143 3004 243 3042 sunt,
264 3010 330 3036 nec
341 3002 497 3047 propriae
512 3009 646 3039 nostrae
660 3011 757 3048 sunt,
774 3012 883 3052 atque
902 3017 1095 3055 propterea

98 3059 183 3094 ndo
199 3069 219 3094 a
234 3060 338 3096 nobis
351 3061 621 3108 continguntur,
637 3064 843 3102 immundos
864 3077 928 3104 nos
943 3067 1093 3106 faciunt.

52 3120 108 3158 εἰ·
127 3123 261 3156 terram
281 3131 368 3157 vero
396 3132 523 3168 repere
547 3134 618 3160 non
653 3131 709 3162 est
738 3127 936 3171 hominum,
965 3131 1096 3175 quibus

36 3199 42 3202 -
70 3189 250 3216 ncessum
270 3187 326 3217 cst
355 3187 395 3218 ut
427 3185 517 3219 recti
555 3185 722 3222 incedant
747 3188 950 3236 coelumque
977 3193 1094 3238 respi-

62 3233 73 3246 ‘
97 3245 163 3276 nt:
184 3241 269 3287 quia
286 3251 395 3288 super
420 3249 555 3280 terram
573 3255 699 3292 repere
723 3254 779 3284 est
807 3251 950 3287 sordida
981 3263 1092 3298 opera

34 3311 38 3318 v
57 3299 253 3346 errenaque
266 3310 404 3347 gerere,
421 3313 500 3348 quae
516 3313 582 3350 per
603 3305 843 3344 differentiam
863 3310 1089 3356 animalium,

77 3370 243 3397 smnunc
273 3355 508 3400 denumerata
537 3371 622 3402 sunt
654 3367 840 3415 legislator
858 3372 1087 3418 significavit.

206 3420 303 3456 enim
335 3422 470 3460 animal
494 3431 551 3462 est
569 3426 732 3464 dolosum
747 3435 784 3466 ει
801 3431 905 3467 valde
924 3431 1010 3468 furti
1028 3443 1090 3470 va-

159 3475 238 3516 nus
261 3487 409 3527 propter
429 3485 567 3521 ventris
587 3486 780 3533 ingluviem
798 3489 911 3526 multa
929 3492 1092 3536 quotidie

78 3554 190 3578 νων·
225 3541 390 3579 sustinet.
402 3543 611 3583 Crocodilus
628 3549 710 3585 duri
729 3550 817 3586 corii
836 3557 872 3587 ει
886 3552 1090 3590 malitiosus

101 3611 110 3620 -’
133 3604 162 3631 ·.·=
199 3609 225 3632 ·'=
246 3611 282 3639 e
305 3604 481 3649 pascitur.
505 3606 633 3654 Migale
661 3610 797 3647 animal
822 3617 879 3648 est
905 3613 1084 3659 composi-

61 3655 233 3699 unwan
247 3665 374 3697 namra
390 3663 452 3700 sed
467 3665 550 3702 vitae
563 3667 767 3706 conditione
792 3670 838 3707 ad
854 3671 1088 3709 deridendum

36 3717 182 3760 ptum,
203 3713 330 3760 idest,
347 3724 391 3761 ut
414 3721 516 3760 dolos
535 3723 656 3770 faciat,
675 3737 719 3765 ea
744 3729 876 3777 rapiat,
902 3735 1085 3770 ventrem-

253 3776 434 3819 ΡΔτιιοι..
463 3781 606 3825 cvm.

1184 1181 1226 1207 ea
1247 1183 1327 1219 quae
1346 1186 1442 1213 nunc
1456 1178 1552 1214 dicta
1573 1185 1657 1216 sunt
1676 1182 1864 1226 animalia,
1881 1185 2072 1230 oportebat
2092 1185 2250 1222 immun-

1184 1234 1268 1270 dum
1290 1247 1383 1281 esse,
1404 1245 1440 1275 et
1459 1240 1521 1286 qui
1555 1251 1598 1277 ea
1617 1243 1775 1280 viventia
1807 1239 1983 1292 tangeret.
2005 1246 2108 1284 Nunc
2127 1255 2250 1284 autem

1184 1298 1246 1342 qui
1271 1299 1430 1345 tetigerit
1447 1303 1640 1339 morticina
1660 1315 1806 1348 corum,
1827 1307 1903 1352 ipsc
1921 1308 2019 1344 solus
2040 1308 2248 1347 immundus

1183 1364 1252 1395 est.
1270 1359 1461 1396 Morticina
1477 1373 1602 1399 eorum
1625 1371 1709 1401 sunt
1723 1367 1904 1411 praedictae
1921 1369 2086 1406 actiones
2098 1397 2108 1414 ,
2125 1371 2160 1407 id
2175 1378 2246 1414 εει,

1184 1420 1300 1464 dolus,
1319 1420 1474 1466 furtum,
1494 1424 1687 1470 duplicitas
1718 1427 1793 1464 sive
1826 1429 1955 1473 ironia,
1979 1436 2016 1466 ct
2048 1431 2146 1467 circa
2175 1433 2250 1469 alia.

1182 1484 1386 1529 occupatio,
1413 1495 1481 1521 nec
1510 1496 1582 1523 non
1602 1488 1700 1524 circa
1722 1494 1864 1526 terrena
1885 1491 2084 1536 festinatio,
2106 1504 2151 1529 cx
2173 1505 2247 1541 qua

1182 1544 1315 1579 mentis
1335 1553 1521 1580 caecantur
1537 1547 1646 1582 oculi.
1665 1548 1757 1592 Quia
1775 1559 1860 1596 ergo
1880 1551 1916 1587 in
1932 1552 1988 1588 his
2006 1553 2137 1590 anima:
2158 1565 2246 1591 con-

1182 1605 1288 1650 tingit
1308 1617 1419 1651 mors,
1446 1609 1636 1645 morticina
1655 1617 1753 1647 recte
1772 1614 2028 1658 nominantur;
2055 1621 2092 1652 et
2114 1618 2175 1662 qui
2200 1628 2245 1654 ca

1180 1665 1310 1711 tangit,
1332 1667 1368 1703 id
1386 1672 1455 1712 est,
1478 1669 1540 1715 qui
1571 1670 1609 1706 in
1643 1671 1696 1708 eis
1727 1672 1914 1718 polluitur,
1936 1675 2029 1710 sicut
2051 1681 2087 1711 ct
2110 1675 2244 1713 Paulus

1181 1726 1232 1761 ait
1265 1739 1272 1762 ε
1302 1727 1443 1764 Bonum
1477 1736 1527 1766 est
1547 1731 1681 1768 homini
1713 1733 1895 1770 mulierem
1922 1747 1991 1771 non
2023 1743 2164 1784 tanqere
2196 1739 2243 1786 (Ι

1179 1783 1341 1822 Corinth.
1365 1788 1436 1835 vn)
1454 1816 1463 1832 ‚
1487 1791 1614 1836 procul
1648 1792 1758 1829 dubio
1792 1793 2001 1832 immundus
2036 1803 2105 1832 est.
2144 1798 2244 1835 Nihil

1177 1847 1274 1882 enim
1291 1848 1344 1884 sic
1363 1849 1549 1886 hominem
1567 1851 1708 1896 polluit,
1730 1859 1770 1888 ut
1791 1861 2001 1900 peccatum,
2022 1869 2137 1904 usque
2156 1860 2243 1896 dum

1176 1917 1329 1954 vespera
1361 1911 1555 1955 veniente,
1593 1912 1637 1948 de
1658 1924 1728 1959 qua
1751 1915 1866 1952 David
1891 1918 2035 1955 dicebat
2064 1930 2074 1956 ε
2101 1922 2156 1956 Ad
2189 1934 2244 1959 ve-

1176 1979 1316 2015 sperum
1333 1970 1575 2006 demorabitur
1593 1973 1695 2018 fletus
1722 1973 1849 2020 (Psal.
1881 1979 2005 2026 xxix).
2034 1980 2094 2018 Ait
2119 1989 2242 2020 autem

1126 2026 1154 2067 C
1177 2029 1221 2065 de
1253 2030 1489 2075 poenitentia,
1525 2032 1743 2080 intelligibili
1775 2037 2028 2083 purificatione
2057 2048 2095 2078 ut
2126 2044 2241 2081 dilua-

1176 2099 1269 2126 mus.

1221 2151 1269 2187 Et
1283 2163 1388 2199 super
1402 2155 1494 2200 quod
1509 2157 1671 2192 ceciderit
1697 2158 1888 2206 quidquam
1903 2162 1945 2196 de
1965 2164 2160 2201 morticinis
2183 2178 2241 2202 eo—

1173 2223 1251 2247 rum
1271 2213 1459 2259 polluetur,
1480 2222 1552 2252 tant
1568 2229 1626 2253 vas
1644 2219 1796 2265 ligneum
1812 2227 1844 2256 et
1862 2223 2113 2268 vestimentum,
2131 2237 2237 2273 quam

1171 2273 1271 2319 pellis
1293 2281 1324 2310 et
1346 2275 1479 2320 cilicia,
1511 2279 1595 2314 etin
1621 2291 1827 2327 quocunque
1850 2284 1891 2328 fit
1923 2295 2032 2331 opus,
2059 2287 2237 2333 tinqentnr

1171 2345 1277 2380 aqna,
1290 2341 1321 2370 et
1340 2336 1476 2381 polluta
1497 2346 1598 2374 erunt
1618 2352 1725 2387 usque
1740 2342 1786 2376 ad
1801 2354 1991 2390 vesperam,
2010 2348 2102 2381 etsie
2116 2354 2237 2393 postea

1171 2395 1448 2430 nmndabuntur.
1475 2396 1546 2432 Vas
1566 2406 1682 2434 antem
1700 2400 1819 2445 fictile,
1849 2404 1884 2438 in
1910 2415 1978 2449 quo
1995 2408 2119 2440 horum
2138 2409 2238 2453 quid-

1169 2464 1273 2499 quam
1296 2455 1388 2490 intro
1406 2457 1569 2492 ceciderit
1584 2460 1772 2504 polluetur,
1799 2469 1831 2497 et
1849 2464 2236 2513 idcirco-sranyendum

1169 2518 1232 2547 est.
1245 2512 1316 2559 (Eat
1325 2515 1475 2562 eodem.)
1484 2516 1695 2554 Admirabili
1707 2521 1880 2558 divisione
1890 2524 1998 2559 etiam
2014 2537 2111 2563 nunc
2122 2529 2236 2564 utitur

1169 2571 1379 2618 legislator:
1405 2575 1489 2620 quia
1511 2578 1607 2612 enim
1630 2578 1824 2625 aliquando
1844 2592 1888 2617 ex
1909 2585 2141 2631 negligentia,
2168 2588 2235 2623 ali-

1169 2634 1313 2678 quando
1330 2644 1522 2688 peccamus
1542 2648 1587 2674 cx
1605 2649 1714 2685 opere
1733 2641 1984 2690 malorumque
1999 2646 2132 2690 studio,
2163 2649 2234 2686 sic-

1167 2698 1207 2727 ut
1226 2693 1276 2728 illi
1296 2695 1339 2730 de
1364 2696 1494 2741 quibus
1515 2688 1732 2736 Salomon'in
1750 2701 1956 2741 Proverbiis
1976 2706 2118 2744 dicebat
2137 2719 2146 2745 ε
2164 2709 2231 2746 Cui

1167 2754 1244 2788 vce?
1261 2753 1370 2801 Cujus
1380 2757 1473 2802 patri
1492 2769 1541 2794 voe
1551 2759 1568 2793 ?
1578 2758 1644 2795 Cui
1654 2761 1818 2797 iroe?Cui
1832 2764 1944 2800 rixoe?
1959 2766 2108 2804 Cuisine
2120 2781 2230 2807 causa

1166 2813 1335 2851 vulnera?
1350 2815 1415 2852 Cui
1429 2819 1578 2865 suffusio
1593 2821 1775 2857 oculorum
1786 2824 1802 2859 ἶ)
1814 2824 1942 2862 Nonne
1956 2828 2010 2863 his
2021 2830 2080 2874 qui
2089 2832 2231 2868 student

1167 2874 1245 2910 vino
1258 2902 1267 2919 ‚
1301 2883 1334 2911 et
1359 2886 1484 2914 vacant
1522 2880 1689 2918 calicibus
1721 2886 1903 2930 epotandis
1936 2887 2067 2935 (Prov.
2096 2893 2230 2939 xx111)?

48 2949 54 2956 ,
103 2947 183 2983 quae
214 2939 349 2975 nullum
371 2939 547 2985 judicium
585 2944 756 2991 exigunt,
777 2957 856 2991 ΨΜ,
888 2959 956 2985 nec
991 2951 1096 2988 nohis
1113 2923 1149 2962 D
1167 2933 1278 2970 Recte
1310 2936 1376 2972 hos
1397 2938 1492 2975 inter
1515 2949 1578 2976 εοε
1596 2942 1657 2987 qui
1687 2948 1843 2991 tangunt
1868 2949 2060 2986 morticina
2091 2953 2227 2997 posuit.

1165 2995 1227 3041 qui
1246 2997 1449 3034 venientem
1482 3002 1612 3038 animae
1647 3005 1903 3051 negligentiam
1922 3016 1959 3045 ct
1977 3011 2023 3047 ob
2041 3017 2225 3059 stuporem

1164 3057 1417 3106 defectumque
1443 3062 1618 3100 virtutum
1646 3067 1858 3114 delinquunt
1880 3082 1887 3106 :
1921 3074 2224 3117 quemadmodum

1164 3118 1279 3156 David
1299 3132 1452 3169 surgens
1467 3126 1620 3163 meridie
1638 3128 1683 3164 de
1699 3135 1813 3166 stratu
1830 3142 1909 3175 suo,
1929 3140 1966 3169 ει
1980 3135 2168 3170 ambulans
2187 3135 2225 3170 in

1163 3180 1313 3225 solario,
1323 3188 1360 3218 et
1380 3184 1476 3221 Uriae
1490 3196 1642 3223 uxorem
1662 3189 1842 3226 lavantem
1859 3202 1897 3227 se
1909 3193 2049 3235 videns,
2063 3200 2190 3238 captus
2201 3206 2223 3231 a

1163 3242 1316 3279 muliere
1331 3251 1400 3288 est,
1430 3256 1510 3292 quae
1532 3249 1639 3283 nimis
1654 3255 1733 3284 erat
1757 3250 2018 3294 pulcherrima;
2039 3254 2100 3297 qui
2119 3255 2222 3291 adul·-

1164 3302 1296 3338 terium
1311 3304 1432 3349 simul,
1450 3306 1756 3352 homicidiumque
1771 3310 1951 3344 commisit
1966 3309 2023 3355 (11
2040 3310 2126 3358 Req.
2151 3314 2217 3360 xi).

1162 3360 1203 3397 ln
1219 3363 1286 3399 hos
1313 3365 1444 3400 cadere
1471 3367 1663 3402 morticina
1683 3368 1872 3410 dicuntur;
1894 3378 2011 3414 neque
2030 3371 2125 3408 enim
2149 3373 2217 3420 ipsi

1163 3424 1209 3459 ad
1226 3432 1415 3470 peccatum
1436 3425 1709 3468 festinaverunt,
1730 3426 1793 3461 sed
1808 3426 2011 3464 inciderunt
2029 3429 2066 3466 in
2093 3432 2162 3476 eis,
2180 3442 2218 3471 et

1162 3483 1427 3529 quodammodo
1440 3494 1550 3530 super
1568 3495 1608 3520 se
1625 3485 1759 3521 cadens
1778 3493 1963 3531 peccatum
1986 3492 2187 3539 suscipiunt
2202 3507 2216 3541 ;

1159 3543 1244 3590 quia
1260 3549 1382 3579 autem
1401 3545 1548 3579 omnino
1576 3551 1813 3590 susceperunt
1832 3553 1869 3583 et
1895 3558 1967 3585 non
1985 3553 2213 3599 restiterunt,

1157 3609 1348 3650 propterea
1379 3609 1478 3640 recte
1511 3605 1687 3642 immundi
1720 3612 1818 3644 sunt.
1854 3607 1941 3645 Tam
1973 3622 2032 3647 vas
2059 3612 2212 3660 ligneum

1158 3671 1191 3700 et
1219 3665 1475 3708 vestimentum,
1504 3675 1610 3711 quam
1633 3665 1733 3712 peltis
1751 3673 1783 3702 et
1809 3667 1947 3712 citit-im
1982 3671 2017 3707 id
2044 3678 2113 3715 est,
2134 3676 2210 3712 sive

1158 3726 1269 3763 vitam
1294 3726 1409 3764 levem
1428 3727 1621 3775 quamdam
1646 3733 1681 3766 ει
1714 3729 1934 3766 mediocrem
1962 3731 2105 3769 habeat.
2139 3735 2210 3772 Ta-

1789 3791 1838 3831 12
