2540 4016
301 186 370 221 279
739 173 779 208 Β.
807 167 976 208 RABANI
1002 164 1151 202 MAURl
1174 161 1389 199 ARcfflnt’.

1418 153 1626 196 MOGUNT.
1653 156 1844 195 OPERUM
1870 154 1991 194 PARS
2014 154 2040 190 Ι.
2397 151 2468 189 280

295 268 364 296 nna
393 254 513 290 altaris
545 249 763 293 holocausti,
796 246 964 291 reliquum
1001 239 1123 287 [undet
1149 238 1195 274 ad
1227 237 1338 272 basim
1355 237 1393 277 Α
1408 235 1452 272 ad
1470 237 1743 283 corrigendum,
1773 235 1849 272 sive
1868 234 1912 271 ad
1930 234 2045 270 Deum
2061 240 2129 278 pro
2147 230 2209 268 illo
2225 230 2465 278 placandum,
2514 219 2518 229 ⁵

293 320 380 365 ejus.
406 315 550 352 Omnem
573 323 707 360 quoque
725 309 884 355 auferens
911 304 1062 350 adipem,
1090 301 1181 337 sicut
1203 298 1339 345 auferri

292 379 377 415 solet
394 377 499 424 adeps
519 374 636 411 arietis
650 372 710 419 qui
724 367 925 406 immolatur
944 375 1007 412 pro
1026 361 1199 410 pacificis,
1216 365 1248 397 et
1264 371 1341 396 cre-

291 439 399 476 mabit
425 449 527 485 super
547 436 655 472 altare
676 434 713 468 in
735 433 911 466 incensum
941 425 1097 461 Domini.
1121 423 1339 470 Roqabitque

1407 297 1439 333 si
1456 301 1492 333 et
1511 297 1589 342 ipse
1608 295 1847 333 consessionis
1865 293 2032 331 adhibeat
2049 291 2278 329 medicinam.
2295 291 2382 330 Post
2397 293 2468 330 hoc

1408 363 1529 395 autem
1558 357 1698 405 peccati
1718 366 1831 404 genus
1850 354 1945 401 quod
1965 353 2010 390 de
2036 352 2196 400 perjurio
2212 351 2366 399 alicuius
2394 362 2468 391 non

1407 418 1568 455 indicato
1597 416 1912 458 commemoravit,
1931 414 2071 450 nullum
2089 423 2156 461 pro
2175 423 2220 452 eo
2247 412 2467 452 sacrificium

290 511 353 547 pro
372 510 425 541 eo,
441 503 473 532 et
490 507 551 542 pro
576 498 714 540 peccato
735 490 825 536 ejus,
846 493 878 523 et
898 486 1092 521 dimittetur
1110 483 1178 520 illi.
1197 483 1341 520 Semet-
1403 483 1514 530 jussit
1531 483 1667 527 offerri,
1685 483 1749 521 sed
1766 482 1895 519 deinde
1912 478 2111 526 subjunxit.

291 560 407 604 ipsum
425 565 518 592 nunc
539 561 679 599 quoque
704 558 858 594 sequens
875 546 1064 593 legislator
1082 544 1257 581 oblationi
1286 554 1342 580 ca-

288 630 373 666 prae,
394 618 468 654 sive
497 615 684 651 chimarrae
707 619 813 656 quam
836 608 993 644 diximus
1014 609 1058 644 ab
1082 608 1139 644 his
1166 607 1227 653 qui
1258 611 1342 643 sunt

288 679 331 714 de
360 675 502 722 popu10,
531 679 565 710 et
597 673 656 718 qui
688 682 759 707 non
788 674 1011 716 occupantur
1041 669 1077 705 in
1105 668 1342 704 meditatione

286 737 387 783 legis,
417 734 537 771 offerri
569 743 670 769 ovem
702 741 845 777 quoque
877 729 1280 775 conjunxitzquoniam
1304 727 1341 763 in

286 796 415 843 populo
443 800 480 830 et
511 793 631 828 idiotis
656 791 826 838 possibile
858 795 914 826 est
950 800 1031 826 esse
1062 790 1201 835 aliquos
1230 788 1340 823 etiam

288 852 467 902 simplices
496 854 623 900 quibus
652 851 843 888 conveniat
872 851 949 886 ovis
977 849 1216 891 sacrificium,
1246 847 1343 893 quod

289 923 359 953 tam
388 917 424 952 in
448 913 763 951 holocaustomatis
790 922 895 958 quam
917 909 1108 947 sacrificiis
1126 909 1254 945 hostiae
1279 919 1343 955 pa-

287 977 468 1013 cificorum
492 976 788 1011 demonstratum.
812 971 946 1018 Aperte
969 980 1054 1017 ergo
1080 969 1265 1016 legislator
1282 978 1342 1013 ap-

286 1039 439 1085 probare
466 1037 612 1083 cupiens
642 1035 737 1081 quod
766 1045 837 1070 non
870 1033 985 1069 solum
1015 1032 1197 1077 princeps,
1227 1031 1261 1066 id
1288 1035 1344 1066 est

288 1098 436 1134 scientia
454 1096 653 1137 sublimior,
671 1105 738 1130 nec
758 1100 895 1129 tantum
917 1092 1114 1139 popularis,
1132 1091 1194 1127 sed
1215 1102 1243 1126 ει
1262 1091 1342 1136 quis

289 1159 393 1195 estin
413 1157 644 1204 popularibus
664 1155 826 1201 simplex,
846 1155 877 1190 si
897 1153 988 1189 sorte
1008 1153 1224 1199 peccaverit,
1247 1151 1341 1197 quod
1360 1145 1392 1183 B

290 1223 326 1254 et
348 1218 408 1253 hic
438 1218 484 1253 ad
516 1216 799 1261 redemptionem
824 1219 1056 1260 peccatorum
1081 1213 1208 1248 debeat
1228 1212 1342 1258 poeni-

290 1279 464 1323 tentiam,
494 1279 571 1315 ovis
605 1277 820 1314 sacrificium
853 1275 1050 1311 introduxit
1075 1287 1082 1309 z
1111 1274 1192 1310 ideo
1222 1278 1341 1308 autem

290 1349 361 1376 non
381 1340 542 1381 arietem,
563 1338 625 1374 sed
644 1348 762 1380 ovem,
784 1337 820 1372 id
839 1342 894 1372 cst
911 1336 1096 1377 seminam,
1116 1340 1153 1370 et
1176 1345 1247 1370 non
1268 1345 1342 1370 ma-

291 1399 426 1436 sculum
443 1398 612 1444 praecepit
626 1396 761 1440 offerri,
777 1397 860 1442 quia
878 1395 1110 1442 popularibus
1128 1394 1344 1430 feminarum

290 1459 505 1495 sacrificium
526 1458 729 1504 deputavit;
753 1467 815 1493 eos
844 1457 903 1492 hic
931 1456 991 1501 qui
1017 1455 1132 1502 legem
1162 1455 1344 1501 accipiunt

291 1519 472 1555 evidenter
487 1523 706 1561 contestans,
724 1523 763 1553 ut
781 1518 985 1563 quicunque
1005 1516 1248 1562 principatum
1268 1525 1345 1551 sor-

291 1579 377 1615 titus
407 1584 473 1621 est,
499 1583 534 1614 et
558 1584 613 1614 est
631 1579 711 1614 aliis
731 1578 919 1614 sublimior
949 1577 1112 1620 scientia,
1136 1587 1206 1613 non
1228 1577 1344 1612 solum

293 1640 460 1675 exhibeat
472 1639 737 1685 simplicitatem
751 1649 833 1675 cum
852 1643 1016 1685 oporteat
1031 1648 1113 1673 eum
1133 1638 1243 1674 etiam
1263 1649 1347 1683 pru-

294 1699 431 1735 dentem
449 1710 521 1734 esse
548 1700 634 1734 sicut
664 1705 867 1745 serpentem,
892 1699 1192 1744 quemadmodum
1221 1698 1345 1734 Domi-

293 1771 362 1798 nus
381 1761 449 1803 ait;
466 1762 527 1807 qui
545 1771 630 1798 vero
648 1772 719 1797 non
738 1767 793 1797 est
811 1761 905 1804 talis,
923 1761 959 1796 id
980 1766 1046 1804 est,
1064 1761 1125 1807 qui
1145 1772 1217 1798 non
1238 1762 1347 1798 abun-

295 1821 356 1857 dat
373 1822 535 1865 scienua,
552 1828 587 1858 et
601 1829 792 1868 propterea
810 1823 846 1858 in
860 1823 992 1869 populo
1009 1824 1128 1870 deget,
1145 1824 1205 1859 hic
1220 1835 1348 1870 quam-

294 1882 347 1918 vis
364 1883 409 1918 sit
429 1883 591 1928 simplex,
611 1884 641 1919 si
658 1883 842 1930 contingat
858 1889 898 1918 ut
916 1888 1055 1928 peccet,
1076 1893 1144 1919 nec
1162 1884 1241 1928 ipso
1264 1894 1349 1930 pec-

294 1947 374 1977 cato
393 1942 596 1988 ignoscetur
615 1943 683 1979 nisi
704 1953 769 1989 per
787 1943 1006 1978 oblationem
1022 1944 1245 1988 poenitentiae
1266 1955 1348 1989 pec-

295 2006 415 2036 catum
436 2002 594 2037 diluerit.
624 2002 715 2037 Cum
736 2012 821 2047 ergo
841 2003 919 2037 haec
948 2002 998 2037 ita
1019 2012 1057 2038 se
1083 2004 1248 2046 habeant,
1277 2016 1348 2040 non

295 2065 402 2105 egent
418 2065 547 2094 caetera
565 2062 800 2104 expositione.
820 2060 909 2096 Cum
927 2061 1023 2096 enim
1045 2062 1264 2099 sacrificium
1282 2075 1349 2110 pro
1369 2047 1398 2088 C

298 2124 446 2165 peccato
464 2120 525 2163 sit,
542 2121 645 2156 simul
662 2122 673 2157 “;
689 2122 722 2157 ic
738 2123 782 2158 de
797 2132 904 2167 capra
921 2128 958 2158 et
971 2133 1037 2159 ove
1052 2125 1238 2171 praecepit,
1255 2127 1350 2163 unde

297 2189 445 2215 necesse
471 2191 542 2216 non
572 2188 647 2225 est,
676 2193 757 2218 cum
780 2182 968 2220 tendamus
997 2183 1042 2219 ad
1067 2186 1268 2231 sequentia,
1289 2187 1350 2222 diu

301 2239 338 2275 in
356 2241 591 2286 praesentibus
612 2243 809 2280 immorari.

702 2320 854 2357 CAPUT
883 2321 953 2358 VII.

450 2379 501 2414 De
523 2391 562 2415 eo
579 2381 638 2426 qui
663 2380 759 2416 audit
772 2381 952 2427 jurantem
976 2382 1201 2418 mendaciter.

346 2439 446 2489 (Cat).
469 2441 521 2488 v.)
547 2440 587 2477 Si
612 2443 802 2487 peccaverit
832 2443 969 2486 anima,
994 2450 1027 2478 et
1053 2444 1205 2479 audierit
1237 2456 1352 2481 vocem

298 2501 463 2546 jurantis,
486 2503 646 2549 testisque
663 2502 768 2548 fuerit
794 2503 886 2550 quod
905 2510 966 2539 aut
991 2505 1064 2550 ipse
1084 2505 1170 2540 vidit
1187 2512 1248 2541 aut
1270 2518 1353 2543 con-

302 2564 393 2598 scius
414 2568 477 2605 est,
496 2563 562 2597 nisi
590 2563 807 2606 indicaverit,
831 2564 982 2610 portabit
999 2565 1219 2611 iniquitatem
1234 2578 1349 2603 suam.

303 2623 374 2670 (Ex
400 2622 446 2658 D.
470 2622 692 2669 Augustino.)
722 2622 798 2659 Hoc
829 2624 926 2659 enim
948 2624 1091 2661 videtur
1118 2626 1239 2663 dicere
1267 2637 1353 2673 pec-

303 2694 387 2719 care
413 2683 612 2725 hominem,
634 2694 705 2728 quo
725 2685 890 2721 audiente
914 2686 1012 2732 jurat
1040 2687 1169 2734 aliquis
1199 2689 1349 2734 salsum,

304 2749 341 2778 et
361 2743 429 2779 scit
446 2753 527 2779 eum
547 2743 676 2779 falsum
698 2743 822 2788 jurare
839 2750 875 2780 et
894 2751 1001 2790 tacet,
1022 2754 1107 2783 tunc
1131 2757 1251 2785 autem
1269 2751 1351 2795 scit,

304 2805 337 2841 si
366 2805 398 2841 ei
418 2805 470 2841 rei
488 2805 531 2841 de
551 2815 620 2851 qua
636 2805 779 2850 juratur
807 2807 909 2842 testis
938 2807 1047 2844 suerit
1077 2815 1140 2845 aut
1156 2811 1266 2853 vidit,
1292 2818 1353 2848 aut

306 2866 471 2902 conscius
489 2865 570 2908 fuit,
589 2866 626 2902 id
641 2870 696 2901 est
710 2865 829 2911 aliquo
843 2868 948 2903 modo
965 2870 1146 2913 cognovit,
1165 2876 1226 2906 aut
1240 2873 1354 2909 oculis

306 2925 382 2960 suis
399 2925 597 2970 conspexit,
617 2930 678 2960 aut
702 2926 778 2970 ipse
807 2927 868 2972 qui
890 2928 1001 2973 jurat,
1025 2929 1074 2964 illi
1102 2930 1355 2970 indicavit.1ta

307 2984 405 3019 enim
432 2984 550 3029 potuit
566 2994 646 3020 esse
665 2985 842 3028 conscius,
871 2987 934 3022 sed
955 2987 1049 3023 inter
1065 2988 1230 3025 timorem
1250 2991 1356 3037 hujus

307 3043 446 3089 peccati
472 3048 508 3078 et
527 3043 694 3078 timorem
711 3044 925 3089 proditionis
949 3046 1133 3083 hominum
1151 3059 1222 3084 non
1246 3060 1356 3095 parva

307 3104 430 3140 existit
451 3103 662 3150 plerumque
676 3105 848 3148 tentatio;
867 3115 1057 3151 possumus
1076 3108 1172 3143 enim
1190 3115 1356 3154 paratum

308 3164 353 3200 ad
368 3163 566 3208 perjurium
583 3164 808 3200 admonendo
824 3165 880 3201 vel
896 3166 1117 3211 prohibendo
1133 3178 1153 3203 a
1168 3173 1241 3204 tam
1255 3170 1356 3216 gravi
1371 3157 1408 3196 D
1425 3167 1518 3203 lator
1548 3169 1701 3214 repetit,
1725 3178 1806 3204 cum
1834 3169 1870 3203 in
1899 3171 2093 3214 praeteritis
2117 3170 2271 3207 dixisset
2291 3181 2299 3204 :
2322 3168 2426 3212 Quod
2448 3167 2479 3204 si

306 3230 456 3272 peccato
472 3234 660 3268 revocare3
686 3225 748 3260 sed
764 3225 794 3261 si
812 3235 885 3261 non
902 3226 1068 3270 audierit,
1093 3232 1130 3263 et
1148 3238 1271 3265 coram
1293 3240 1356 3266 no-

307 3286 364 3322 his
391 3285 435 3322 de
459 3295 499 3322 re
522 3295 630 3332 quam
648 3286 752 3323 nobis
772 3286 903 3324 falsum
927 3287 1105 3334 juraverit
1129 3294 1251 3326 utrum
1269 3301 1354 3336 pro-

310 3347 446 3383 dendus
472 3348 532 3391 sit,
553 3347 583 3383 si
605 3348 767 3393 proditus
797 3349 908 3385 etiam
937 3349 973 3385 in
1001 3351 1201 3397 periculum
1228 3354 1356 3390 mortis

310 3406 484 3455 incurrat,
502 3407 708 3445 difficillima
734 3410 884 3456 quaestio
909 3416 980 3456 est,
1004 3412 1067 3449 sed
1091 3413 1187 3460 quod
1208 3424 1280 3460 non
1297 3424 1356 3450 ex-

311 3467 456 3512 pressit,
472 3468 536 3523 ,cui
553 3469 622 3505 hoc
639 3470 868 3508 indicandum
885 3476 994 3517 esset,
1012 3478 1136 3509 utrum
1152 3474 1204 3510 illi
1219 3474 1278 3511 cni
1297 3475 1356 3511 ad-

285 3571 288 3574 Α
309 3523 466 3570 juratur,
479 3534 526 3561 an
538 3528 728 3574 sacerdoti,
742 3529 800 3566 vel
814 3530 972 3577 cuipiam
982 3525 1047 3578 qui'
1059 3541 1132 3569 non
1143 3532 1259 3569 solum
1272 3543 1357 3570 eum

311 3585 477 3632 persequi
493 3583 566 3623 non
583 3594 700 3634 potest
713 3589 908 3638 irrogando
925 3592 1154 3640 supplicium,
1169 3594 1232 3631 sed
1246 3594 1357 3632 etiam

314 3652 418 3680 orare
432 3654 498 3691 pro
512 3645 572 3683 illo
588 3653 721 3694 potest,
737 3649 879 3686 videtur
894 3651 984 3688 mihi
997 3653 1095 3699 quod
1113 3661 1153 3689 se
1166 3653 1275 3690 homo
1286 3653 1358 3691 sol-

317 3709 392 3747 vat,
409 3705 518 3757 etiam
545 3718 567 3744 a
583 3710 722 3754 peccati
739 3711 902 3756 vinculo,
919 3712 951 3750 si
980 3713 1115 3751 indicet
1136 3713 1269 3752 talibus
1295 3714 1360 3762 qui

318 3763 430 3808 magis
448 3773 598 3810 possunt
617 3770 788 3814 prodesse
804 3781 914 3818 quam
953 3773 1082 3812 obesse
1103 3773 1263 3822 perjuro,
1282 3775 1360 3815 sive

1806 556 1957 594 CAPUT
1984 555 2073 592 vlu.

1408 619 1461 655 De
1489 620 1609 655 anima
1633 630 1711 666 quoe
1742 618 1890 665 tetiqerit
1917 617 2051 663 aliquid
2082 616 2327 662 immundum,
2355 621 2416 653 aut
2446 628 2469 653 a

1791 666 1899 701 bestia
1916 665 2082 700 occisum.

1458 729 1626 777 (Ininfflu.)
1651 729 1779 764 Anima
1798 739 1875 775 quoe
1894 727 2046 774 tetiqerit
2074 726 2208 774 aliquid
2231 728 2467 771 immundum,

1410 792 1482 827 sive
1500 791 1592 838 quod
1623 791 1774 826 occisum
1795 801 1816 824 a
1838 789 1945 824 bestia
1962 794 2035 831 est,
2057 794 2117 824 aut
2136 799 2196 835 per
2214 800 2250 824 se
2277 795 2468 832 mortuum,

1411 853 1463 888 vel
1481 851 1657 899 quodlibet
1673 851 1772 887 aliud
1792 850 1926 897 reptile,
1941 857 1973 886 et
1991 849 2098 886 oblita
2117 850 2220 896 suerit
2239 850 2470 885 immunditioe

1412 923 1500 955 sure,
1521 923 1580 947 rea
1608 917 1670 954 est,
1689 917 1722 946 et
1738 910 1920 957 delinquit.
1944 910 1990 945 Et
2010 911 2040 945 si
2064 909 2210 956 tetigerit
2230 909 2408 956 quippiam
2428 908 2471 943 de

1411 973 1635 1009 immunditia
1658 972 1820 1014 hominis,
1836 972 1942 1017 juaeta
1972 982 2108 1006 omnem
2135 970 2373 1017 impuritatem
2402 980 2471 1015 qua

1411 1033 1521 1080 pollui
1551 1033 1656 1076 solet,
1685 1033 1857 1078 oblitaque
1889 1033 2087 1078 coqnoverit
2120 1038 2261 1078 postea,
2280 1030 2472 1076 subjacebit

1414 1094 1552 1130 delicto.
1569 1094 1693 1139 Neque
1707 1094 1767 1129 hic
1788 1092 2006 1129 sacrificium
2023 1102 2089 1137 pro
2104 1083 2165 1127 illo
2182 1102 2315 1138 genere
2334 1091 2472 1137 peccati

1412 1155 1499 1201 quid
1526 1153 1698 1190 offeratur
1726 1153 2037 1194 commemoravit,
2058 1153 2120 1188 sed
2141 1152 2260 1187 adhuc
2279 1151 2412 1196 adjecit
2438 1154 2474 1185 et

1413 1216 1488 1251 ait:
1510 1215 1637 1250 Anima
1656 1225 1734 1260 quoe
1750 1213 1923 1259 juraverit
1945 1219 1975 1248 et
1997 1211 2181 1258 protulerit
2202 1210 2304 1246 labiis
2325 1211 2411 1254 suis,
2436 1217 2474 1246 ut

1412 1275 1462 1311 vel
1487 1274 1577 1309 male
1596 1274 1680 1320 quid
1705 1274 1834 1319 faceret
1855 1274 1905 1307 vel
1927 1272 2023 1314 bene,
2043 1278 2075 1307 et
2101 1271 2254 1318 idipsum
2270 1271 2473 1317 juramento

1412 1341 1444 1370 et
1478 1345 1636 1369 sermone
1662 1333 1873 1379 firmaverit,
1909 1331 2084 1379 oblitaque
2116 1338 2236 1378 postea
2265 1331 2475 1368 intellexerit

1413 1395 1577 1431 delictum
1595 1406 1711 1437 suum,
1732 1401 1812 1441 aqat
1831 1395 2067 1441 poenitentiam
2086 1405 2148 1440 pro
2165 1400 2320 1440 peccato,
2339 1401 2370 1430 et
2391 1395 2476 1440 offe-

1413 1462 1469 1491 rat
1488 1466 1614 1501 aquam
1634 1455 1676 1490 de
1699 1454 1858 1501 qreqibus
1878 1455 1948 1489 sive
1975 1465 2134 1500 capram,
2156 1454 2336 1501 orabitque
2353 1466 2416 1501 pro
2436 1466 2476 1490 eo

1414 1516 1593 1558 sacerdos,
1612 1521 1645 1551 et
1676 1527 1738 1562 pro
1758 1521 1898 1561 peccato
1932 1515 2020 1560 ejus.
2049 1514 2121 1562 (Ex
2138 1515 2364 1562 Auyustino.)
2383 1514 2477 1559 Quid

1413 1586 1469 1615 est
1499 1589 1584 1624 ergo
1602 1578 1697 1623 quod
1716 1587 1782 1623 pro
1799 1577 1910 1614 tacito
1929 1576 2141 1623 cujusquam
2161 1575 2336 1622 perjurio,
2358 1582 2394 1613 et
2410 1587 2477 1624 pro

1414 1650 1458 1676 eo
1488 1640 1583 1685 quod
1610 1639 1768 1685 tangitur
1797 1638 2043 1681 morticinum,
2070 1638 2127 1674 vel
2156 1637 2291 1683 aliquid
2318 1638 2476 1674 innuun-

1416 1702 1521 1743 dum,
1554 1700 1693 1735 nullum
1730 1698 1949 1735 sacrificium
1984 1698 2308 1742 commemoravit;
2337 1708 2404 1744 pro
2434 1708 2479 1735 eo

1415 1772 1502 1798 vero
1521 1767 1671 1807 peccato
1686 1761 1746 1796 ubi
1762 1760 1893 1796 salsum
1910 1761 2063 1808 quisque
2078 1760 2245 1796 nesciens
2258 1761 2372 1807 jurat,
2388 1760 2481 1799 dixit

1415 1826 1537 1863 offerri
1559 1837 1690 1873 agnam
1719 1826 1776 1862 vel
1799 1835 1962 1871 capram,
1993 1835 2039 1860 an
2058 1835 2124 1871 pro
2154 1824 2324 1860 omnibus
2351 1835 2479 1870 supra·-

1417 1889 1522 1924 dictis
1542 1889 1611 1924 hoc
1635 1886 1855 1924 sacrificium
1877 1890 2020 1932 oportet
2041 1885 2215 1932 intelligi?
2239 1885 2357 1921 Voluit
2381 1885 2478 1921 enim
2508 1904 2510 1907 v

1415 1949 1515 1995 prius
1543 1949 1664 1984 omnia
1699 1958 1931 1991 enumerare,
1951 1953 1988 1983 et
2012 1948 2064 1983 sic
2099 1946 2234 1982 inferre
2259 1957 2331 1992 quo
2362 1947 2477 1982 sacri-

1419 2009 1501 2044 ficio
1521 2010 1633 2056 possit
1657 2010 1811 2056 expiari.
1847 2008 1887 2044 Si
1919 2013 2035 2044 autem
2068 2019 2138 2043 non
2171 2008 2323 2054 potuerit
2355 2007 2479 2053 offerre

1420 2081 1536 2116 pecus,
1565 2070 1689 2115 offerat
1727 2070 1814 2104 duos
1854 2075 2007 2104 turtures
2043 2068 2096 2104 vel
2140 2071 2228 2104 duos
2262 2067 2376 2115 pullos
2419 2079 2479 2103 co-

1420 2130 1618 2165 lumbarum
1639 2130 1791 2166 Domino
1808 2142 1818 2166 .·
1836 2142 1944 2167 unum
1959 2142 2021 2178 pro
2046 2138 2199 2178 peccato,
2221 2137 2254 2167 et
2274 2131 2423 2167 alterum
2443 2132 2480 2167 in

1420 2190 1663 2226 holocaustum
1693 2203 1703 2226 .·
1729 2191 1891 2239 dabitque
1917 2204 1975 2229 eos
2006 2193 2202 2237 sacerdoti,
2235 2191 2295 2240 qui
2329 2192 2480 2239 primum
2520 2237 2522 2240 ι

1421 2251 1568 2296 offerens
1588 2262 1651 2297 pro
1671 2259 1823 2298 peccato,
1843 2254 2052 2300 retorquebit
2072 2260 2176 2301 caput
2194 2254 2271 2300 ejus
2289 2253 2334 2289 ad
2353 2264 2483 2300 pennu·
2507 2280 2518 2302 λ

1421 2311 1489 2355 las,
1514 2313 1564 2347 ita
1593 2318 1631 2347 ut
1663 2312 1750 2347 collo
1783 2313 1935 2357 haereat,
1956 2321 1988 2350 et
2019 2326 2088 2351 non
2119 2316 2256 2361 penitus
2290 2314 2481 2360 abrumpa-
2518 2325 2523 2333 ·

1421 2378 1490 2415 tur,
1519 2378 1551 2407 et
1584 2379 1740 2419 asperget
1766 2374 1808 2408 de
1839 2375 2008 2421 sanquine
2033 2376 2108 2420 ejus
2133 2377 2299 2421 parietem
2332 2376 2482 2418 altaris,·
2518 2382 2522 2388 ’

1420 2435 1589 2482 quidquid
1613 2441 1731 2470 autem
1757 2435 1928 2482 reliquum
1953 2436 2079 2481 suerit,
2107 2436 2213 2481 faciet
2241 2436 2412 2471 distillare
2436 2435 2483 2472 ad

1422 2496 1653 2543 fundamenta
1676 2496 1765 2542 ejus,
1787 2496 1869 2542 quia
1888 2507 1951 2542 pro
1970 2502 2110 2542 peccato
2134 2502 2183 2531 est
2202 2505 2214 2529 :
2236 2495 2386 2531 alterum
2404 2507 2482 2532 vero

1422 2556 1573 2592 adolebit
1592 2555 1835 2592 holocaustum
1856 2561 1894 2591 ut
1915 2556 1993 2601 fieri
2009 2555 2108 2591 solet.
2128 2555 2341 2603 Roqabitque
2359 2567 2423 2603 pro
2441 2566 2481 2591 eo

1421 2617 1598 2660 sacerdos,
1614 2625 1645 2652 et
1664 2628 1727 2663 pro
1743 2623 1883 2663 peccato
1898 2617 1991 2663 ejus,
2008 2622 2040 2652 et
2057 2617 2253 2652 dimittetur
2267 2618 2311 2652 ei.
2332 2617 2434 2661 Quod
2451 2618 2482 2654 si
2508 2636 2512 2637 ν

1422 2690 1491 2715 non
1508 2679 1654 2726 quiverit
1669 2690 1794 2715 manus
1809 2679 1885 2725 ejus
1903 2679 2029 2725 offerre
2043 2679 2131 2715 duos
2146 2685 2311 2724 turtures,
2327 2679 2378 2716 vel
2393 2680 2482 2716 duos

1421 2741 1534 2788 pullos
1553 2741 1749 2784 costumboe,
1771 2741 1891 2787 offeret
1914 2752 1977 2787 pro
1997 2747 2136 2788 peccato
2156 2741 2327 2784 similam,
2346 2747 2480 2788 partem

1422 2802 1499 2848 ephi
1524 2802 1707 2837 decimam.
1733 2801 1816 2836 Non
1841 2802 1950 2837 mittet
1977 2803 2013 2837 in
2034 2814 2111 2839 eam
2129 2802 2264 2846 oleum,
2286 2814 2348 2838 nec
2368 2803 2480 2839 thuris

1423 2863 1555 2909 aliquid
1573 2864 1741 2909 imponet,
1767 2863 1849 2909 quia
1872 2875 1935 2909 pro
1953 2872 2093 2911 peccato
2113 2871 2183 2908 est,
2204 2865 2384 2912 tradetque
2403 2876 2480 2901 eam

1425 2923 1610 2966 sacerdoti,
1634 2924 1694 2969 qui
1711 2923 1851 2969 plenum
1868 2936 1910 2960 ex
1929 2931 2000 2961 toto
2018 2925 2190 2973 pugillum
2207 2926 2386 2969 hauriens,
2407 2937 2486 2962 cre-

1424 2985 1533 3021 mabit
1556 2996 1660 3031 super
1678 2985 1807 3030 altare,
1834 2987 1871 3023 in
1894 2989 2145 3024 monimentum
2162 2988 2239 3035 ejus
2257 2989 2317 3036 qui
2334 2987 2479 3032 obtulit,

1424 3057 1550 3092 royans
1565 3057 1627 3092 pro
1645 3046 1706 3081 illo
1727 3054 1759 3082 et
1780 3048 1937 3094 expians.
1959 3047 2142 3096 Reliquam
2159 3060 2238 3085 vero
2253 3054 2391 3096 partem
2407 3049 2481 3095 ipse

1426 3106 1562 3142 habebit
1582 3107 1618 3142 in
1635 3118 1790 3143 munere.
1808 3108 1880 3155 (Ex
1893 3107 2097 3157 Hesychia.)
2116 3109 2209 3146 Num
2226 3109 2351 3146 eadem
2372 3108 2481 3155 legis-

2536 1430 2540 1437 .
2534 1418 2540 1423 ι
2527 1142 2540 1411 ,ιιῴ-η-ιιιιι-ῌι
2527 820 2540 1136 *anun-numm
2531 728 2540 811 -μ

2530 1866 2540 2051 ——am—m--m
2530 1829 2540 1843 ,Α
2530 1735 2540 1809 .,..ι..’.
2533 1678 2540 1702 ιΗ
2534 1653 2540 1663 ,ι
2529 1577 2540 1638 ..ιιι
2532 1540 2540 1557 1„
2528 1445 2540 1510 culli.

1425 3229 1614 3275 peccaverit
1628 3229 1671 3264 de
1690 3228 1818 3275 populo
1843 3236 1944 3267 terroe
1962 3243 2024 3278 per
2041 3233 2291 3279 ignorantiam,
2313 3237 2351 3268 ut
2370 3232 2480 3279 faciat

1425 3289 1602 3335 quippiam
1627 3299 1670 3324 ex
1693 3289 1748 3324 his
1773 3300 1850 3335 quoe
1875 3291 2016 3328 Domini
2035 3292 2109 3340 leqe
2132 3294 2360 3340 prohibentur
2377 3299 2473 3340 atqu

1425 3346 1630 3394 delinquat?
1654 3348 1868 3394 generaliter
1892 3351 1936 3387 de
1954 3352 2053 3388 omni
2078 3357 2229 3399 peccato
2252 3353 2478 3400 praecipiens,

1426 3413 1464 3444 et
1485 3408 1617 3455 iubens
1643 3418 1723 3455 quae
1746 3408 1877 3446 debent
1901 3411 2035 3449 offerri.
2066 3411 2218 3457 Quando
2235 3412 2333 3449 enim
2351 3412 2444 3450 dixit
2467 3433 2479 3440 -

1429 3469 1531 3513 Quod
1549 3471 1579 3506 si
1599 3469 1788 3517 peccaverit
1811 3470 1854 3506 de
1871 3473 1996 3519 populo
2017 3480 2120 3510 terrae
2147 3485 2210 3522 per
2228 3481 2418 3525 witonus
2471 3521 2474 3523 ,

1423 3536 1463 3566 ut
1483 3531 1592 3578 [aciat
1615 3531 1792 3579 quippiam
1811 3541 1855 3567 ex
1877 3532 1931 3568 his
1948 3545 2024 3580 quae
2041 3534 2182 3572 Domini
2204 3535 2283 3584 leqe⁴
2307 3554 2310 3564 a
2426 3562 2431 3567 «
2467 3549 2471 3553 ·

1425 3598 1496 3635 tur,
1524 3597 1627 3639 atque
1652 3590 1846 3639 delinquat,
1874 3593 2078 3630 sensibilem
2105 3595 2347 3641 Israelemtm
2373 3621 2396 3627 .*
2418 3612 2421 3616 ·

1426 3654 1489 3700 qui
1508 3663 1730 3700 cognoscens
1754 3653 1821 3690 Dei
1842 3655 2033 3699 mandata,
2057 3657 2306 3706 non‘debuit..
2329 3658 2376 3696 „q
2392 3685 2406 3690 ..
2442 3697 2447 3700 ,

1424 3715 1515 3763 legis
1532 3716 1758 3761 transigi-edu
1781 3721 2030 3764 transgressus
2046 3712 2349 3768 antemium
2379 3752 2381 3755 .
2459 3714 2464 3721 '

1425 3785 1469 3815 ea
1485 3786 1566 3824 quae
1579 3777 1624 3814 ad
1638 3777 1889 3824 poenitentiam
1901 3778 2098 3825 pertinent.
2111 3778 2153 3818 ln
2166 3780 2339 3827 prasenti
2358 3783 2368 3786 ’
2389 3806 2390 3809 =
2401 3799 2402 3802 ¹
2414 3778 2446 3800 ⁵
