2540 4016
9 134 15 172 ⁴
40 111 58 173 Ῐ
71 144 157 186 rus

554 139 915 179 ENARRATIONES
937 140 983 178 IN
1009 141 1185 179 LIBRUM
1209 139 1520 178 NUMERORUM.
1547 160 1594 169 ·-·
1619 147 1705 181 hm.
1727 148 1786 181 m·

2189 161 2259 192 714

8 237 14 251 ·
71 231 156 262 mon
175 221 420 258 inveniuntur.
448 220 489 257 In
508 219 564 257 his
582 226 727 256 mortuo
740 219 864 256 Aaron
879 246 889 263 ,
910 224 1140 255 murmurant
1156 222 1191 260 Α
1209 222 1246 253 et
1274 217 1325 252 ita
1344 216 1440 253 inter
1459 227 1499 254 se
1518 227 1621 253 nexae
1635 225 1736 262 sunt,
1755 225 1794 256 ut
1814 222 1960 266 quiuna
1977 229 2148 273 caruerit,
2178 241 2259 267 om-

77 282 270 322 Israelitici
300 283 422 330 populi
456 288 582 321 contra
618 282 812 319 Dominum
843 287 881 318 et
908 280 1070 327 Moysen,
1103 286 1140 316 et

79 354 214 382 manna
246 345 447 388 fastidiunt,
474 355 494 380 a
517 343 744 391 serpentibus
781 342 1032 378 vulnerantur.
1068 340 1140 376 Sed

78 407 166 453 quid
187 407 274 444 illud
297 407 488 454 significat,
506 407 603 453 quod
630 416 774 442 morsus
797 403 974 441 mortiferi
988 412 1139 448 serpen-

77 466 187 510 tium,
221 466 380 503 exaltato
402 473 438 503 et
461 471 627 513 respecto
645 475 740 502 aereo
757 469 939 511 serpente,
959 463 1140 499 sanaban-

79 531 153 571 tur,
178 527 250 564 nisi
282 528 379 573 quod
407 538 505 564 nunc
527 528 565 564 in
590 532 675 574 typo
700 525 915 570 Salvatoris,
936 525 996 572 qui
1021 524 1139 561 ferum

75 586 340 632 antiquumque
371 593 580 633 serpentem
611 588 649 624 in
680 586 842 633 patibulo
877 585 1137 632 triumphavit,

76 646 210 683 diaboli
239 656 379 683 venena
395 654 627 694 superantur,
647 649 697 684 ita
716 654 758 683 ut
775 648 837 694 qui
855 657 940 684 vere
956 656 1142 692 expresse-

73 717 144 755 que
156 707 355 755 imaginem
374 708 456 744 Filii
474 709 539 746 Dei
558 711 835 756 passionemque
849 708 927 754 ejus
942 717 1141 754 conspexe-

71 769 133 813 rit,
144 771 490 807 conservetur‘ffloc
509 772 607 808 enim
625 772 831 817 significant
847 777 884 807 et
897 770 1008 806 verba
1024 769 1138 814 ipsius

72 829 218 866 Domini
247 831 402 869 dicentis
426 844 434 867 :
457 831 555 868 Sicut
586 832 754 868 exaltavit
787 830 925 877 Moyses
956 830 994 864 in
1021 840 1136 865 eremo

69 897 278 938 serpentem,
310 893 360 928 sic
389 898 523 940 oportet
557 892 708 928 exaltari
739 890 874 926 Filium
905 889 1071 932 hominis,
1099 896 1136 924 ut

69 952 195 994 omnis,
222 953 283 999 qui
313 953 423 988 credit
453 954 490 988 in
521 964 614 994 eum,
643 963 712 987 non
732 956 864 997 pereat,
906 960 967 985 sea
1006 949 1134 984 habeat

69 1013 176 1048 vitam
190 1005 358 1048 oeterna'm
373 1011 496 1059 (Joan.
514 999 584 1058 nl).
604 1011 698 1055 Quid
716 1020 803 1046 vero
820 1019 943 1046 aeneus
961 1010 1135 1055 serpens?

69 1071 146 1117 ipse
179 1070 242 1116 qui
273 1070 371 1117 ligno
391 1080 588 1116 suspensus
615 1075 686 1106 est.
708 1068 774 1105 AEs
810 1070 942 1115 quippe
979 1069 1135 1105 metallis

1208 277 1315 313 nibus
1348 281 1485 314 careat.
1521 277 1567 313 Et
1584 281 1707 313 tamen
1726 279 1883 316 transire
1915 282 1959 317 de
1973 283 2043 319 alia
2059 288 2105 322 ad
2135 289 2259 333 aliam,

1207 347 1334 374 eorum
1363 344 1419 375 est
1454 339 1613 386 proprie,
1634 339 1696 385 qui
1715 339 1802 376 solis
1826 338 1979 385 justitiae
2007 349 2127 382 ortum
2145 351 2263 388 consi..

1208 398 1353 435 derant.

1254 460 1303 495 Et
1319 461 1402 496 inde
1410 467 1584 498 moventes
1598 467 1731 505 castra,
1746 467 1911 498 venerunt
1930 462 1976 498 ad
1994 469 2181 502 torrentem
2197 466 2268 505 Za-

1207 519 1282 564 red,
1303 525 1340 556 et
1360 521 1513 567 reliqua.
1536 522 1738 569 Trigesima
1761 532 1857 558 nona
1874 523 2016 560 mansio
2030 524 2068 560 in
2081 524 2269 574 Dibongad

1207 581 1289 625 suit,
1310 582 1406 618 sicut
1424 582 1462 618 in
1479 583 1729 628 sequentibus,
1749 583 1813 619 ubi
1830 582 1944 619 series
1959 583 2188 634 mansionum
2206 587 2269 623 de-

1208 642 1344 689 scripta
1372 647 1443 686 est,
1466 642 1772 679 manifestabitur.
1815 643 2080 690 Interpretatur
2100 645 2198 681 enim
2212 647 2270 682 Di-

1206 703 1361 750 Bongad‚
1380 704 1519 750 sortiter
1544 704 1722 741 intellecta
1748 706 1907 742 tentatio.
1937 705 2008 742 Sed
2035 716 2103 753 pro
2125 706 2194 743 hac
2210 707 2271 743 hic

1207 762 1246 798 in
1260 764 1389 800 ordine
1406 765 1584 807 historiae,
1613 765 1719 802 aliter
1737 766 1914 812 scriptum
1938 767 2132 813 reperitur.
2167 766 2271 803 Post-

1208 836 1317 872 quam
1339 826 1437 862 enim
1453 831 1573 863 castra
1589 827 1716 863 metati
1735 832 1821 863 sunt
1833 827 1870 863 in
1883 827 2064 865 Jeabarim
2083 828 2121 864 in
2138 828 2270 866 finibus

1206 887 1312 924 Moab
1332 892 1459 924 contra
1479 893 1599 924 ortum
1611 888 1711 932 solis,
1730 888 1884 936 legitur:
1908 888 1998 925 Inde
2012 889 2160 936 profecti
2171 896 2267 934 sunt,

1205 954 1237 983 et
1254 949 1468 985 diverterunt
1505 950 1552 984 ad
1576 956 1763 985 torrentem
1788 950 1903 986 Zared
1913 963 1926 994 ;
1957 957 1990 987 et
2025 952 2067 987 de
2098 952 2162 988 hoc
2192 952 2267 988 loco

1204 1008 1479 1054 proficiscentes,
1498 1016 1616 1046 castra
1640 1012 1761 1046 metati
1792 1018 1873 1047 sunt
1903 1018 2002 1048 trans
2020 1013 2154 1057 Arnon,
2188 1026 2267 1061 quw

1203 1074 1254 1103 est
1284 1069 1323 1104 in
1345 1068 1534 1105 solitudine
1550 1069 1675 1114 finium
1695 1070 1906 1115 Amorrhoei,
1922 1073 2067 1119 eoquod
2091 1074 2213 1109 Arnon
2230 1075 2267 1109 in

69 1130 210 1168 caeteris
229 1140 311 1167 esse
329 1131 528 1167 durabilius
547 1130 650 1167 solet.
668 1130 714 1166 Et
735 1135 819 1177 apte
834 1140 957 1166 aeneus
983 1140 1132 1175 serpens
1151 1126 1183 1165 Β
1203 1130 1361 1165 terminis
1381 1130 1426 1165 sit
1456 1130 1696 1166 Moabitarum
1719 1138 1752 1167 et
1781 1132 2081 1168 Amorrhoeorum.
2112 1133 2156 1169 Et
2174 1140 2268 1180 post-

68 1188 166 1235 ligno
188 1200 383 1236 suspensus
402 1195 472 1234 est,
501 1195 542 1226 ut
559 1190 734 1226 Dominus
765 1191 802 1225 in
833 1196 1003 1236 serpente
1035 1201 1134 1226 mor-

68 1256 166 1295 tuus,
197 1257 233 1288 et
265 1253 303 1289 in
323 1263 396 1289 oere
416 1252 686 1299 significaretur
704 1258 877 1295 aeternus,
907 1253 1074 1289 videlicet
1095 1259 1134 1289 ut

69 1316 107 1348 et
129 1312 351 1350 indicaretur
382 1318 548 1350 mortuus
569 1322 635 1359 per
663 1313 922 1355 humilitatem,
957 1319 993 1349 et
1013 1319 1133 1349 tamen

67 1378 164 1409 esset
182 1374 286 1420 quasi
323 1379 481 1411 aeternus
516 1373 607 1421 [Al.,
626 1373 762 1421 aeneus]
792 1383 858 1419 per
892 1374 1130 1410 divinitatem.

70 1433 226 1471 Pulchre
245 1440 366 1470 autem
397 1435 514 1480 prima
534 1434 676 1470 mansio
713 1433 882 1469 Selmona
918 1434 1135 1479 interpreta-

70 1500 129 1529 tur
148 1495 221 1530 ima
248 1494 406 1538 vincula,
425 1495 509 1541 quia
538 1494 712 1530 nimirum
733 1494 783 1530 ibi
805 1495 927 1540 imago
959 1503 1133 1539 expressa

67 1559 122 1590 est
142 1554 340 1590 Salvatoris
357 1564 422 1600 per
439 1559 647 1601 serpentem
682 1564 836 1598 aeneum,
860 1554 921 1600 qui
942 1553 1040 1601 ligno
1074 1564 1135 1600 pe-

66 1614 203 1662 pendit.
242 1614 399 1651 Pulchre
435 1615 545 1651 etiam
568 1620 604 1650 et
630 1614 789 1651 secunda
827 1614 983 1657 Phinon,
1020 1615 1132 1650 inter-

68 1680 234 1722 pretatur
265 1686 316 1718 os,
347 1675 432 1721 quia
454 1680 692 1721 posteaquam
722 1675 930 1721 passionem
955 1674 1036 1710 Filii
1066 1675 1132 1711 Dei

66 1737 332 1783 cognoscimus,
352 1738 449 1783 quod
479 1738 661 1773 credimus
680 1737 811 1780 corde,
838 1748 901 1774 ore
919 1737 1131 1783 pronuntia-

65 1807 162 1840 mus,
191 1797 354 1844 legentes
386 1797 474 1834 illud
509 1797 662 1844 apostoli
682 1797 784 1833 Pauli
807 1808 816 1832 ε
842 1796 956 1833 Corde
977 1797 1132 1833 creditur

66 1856 112 1891 ad
147 1857 326 1902 justitiam
343 1885 354 1902 ,
398 1869 458 1894 ore
490 1863 608 1894 autem
642 1858 814 1904 confessio
841 1858 882 1903 fit
909 1858 954 1893 ad
980 1857 1131 1894 salutem

67 1916 188 1964 (Rom.
209 1918 262 1965 x).

114 1976 338 2025 Profectique
351 1977 418 2024 filii
437 1978 566 2022 Israel,
584 1984 700 2015 castra
714 1984 834 2014 metati
848 1985 929 2015 sant
947 1979 984 2014 in
1001 1978 1129 2015 Obotli.

1203 1190 1278 1224 hoec
1310 1197 1476 1226 venerunt
1513 1191 1559 1226 ad
1593 1197 1749 1238 puteum,
1772 1193 1832 1228 ubi
1857 1194 1980 1229 cecinit
1997 1193 2112 1229 Israel
2127 1205 2268 1230 carmen

1202 1251 1266 1286 hoc
1298 1252 1483 1287 :Ascende
1516 1259 1655 1299 puteus,
1687 1266 1789 1300 quem
1825 1255 1989 1300 foderunt
2018 1256 2208 1302 principes,
2235 1263 2267 1292 et

1202 1318 1417 1358 aperuerunt
1436 1313 1543 1348 duces
1574 1314 1783 1360 populorum
1811 1315 1847 1350 in
1875 1315 1996 1350 datore
2017 1314 2146 1361 leyum,
2167 1322 2201 1351 et
2229 1316 2267 1350 in

1203 1371 1326 1407 baculo
1343 1372 1433 1418 ejus.
1477 1372 1524 1408 Et
1541 1373 1583 1408 de
1592 1374 1780 1410 solitudine
1796 1374 1885 1421 ejus,
1903 1375 1940 1410 in
1955 1374 2127 1410 Malliana
2145 1386 2158 1418 ,·
2176 1381 2208 1411 et
2223 1376 2266 1411 de

1202 1433 1375 1470 Mothana
1393 1435 1439 1470 ad
1458 1440 1647 1471 torrentem
1669 1437 1749 1471 Dei.
1785 1436 1830 1471 Et
1845 1437 1887 1472 de
1907 1437 2117 1472 torrentibus
2136 1437 2181 1472 ad
2201 1448 2264 1472 ex-

1202 1493 1309 1538 celsa,
1329 1501 1361 1530 et
1391 1495 1434 1530 de
1470 1496 1615 1531 excelsis
1651 1496 1697 1531 ad
1717 1497 1855 1541 vallem,
1893 1509 1971 1544 quoe
1991 1503 2042 1534 est
2070 1499 2108 1533 in
2125 1499 2265 1545 reqione

1202 1552 1324 1597 Moab,
1359 1554 1397 1590 in
1410 1555 1536 1590 vertice
1553 1554 1713 1602 Phasqa,
1731 1557 1791 1602 qui
1824 1558 1990 1603 prospicit
2008 1564 2130 1594 contra
2147 1558 2263 1593 deser-

1201 1620 1288 1650 tum.
1309 1614 1394 1652 llaec
1409 1615 1489 1653 loca
1510 1617 1546 1652 in
1568 1617 1700 1654 finibus
1723 1617 2019 1654 Amorrhaeorum
2040 1619 2186 1664 quidam
2209 1620 2263 1654 in-

1202 1683 1456 1724 terpretantes,
1477 1684 1604 1725 putant
1620 1689 1693 1715 non
1712 1679 1920 1716 mansiones
1946 1690 2041 1724 esse,
2059 1680 2123 1716 sed
2144 1685 2262 1717 trans·

1202 1739 1286 1782 itus,
1320 1751 1387 1777 nec
1406 1741 1646 1788 praejudicare
1675 1741 1806 1778 debere
1839 1742 2001 1789 catalogo
2032 1742 2264 1778 mansionum

1201 1807 1307 1837 extra
1334 1802 1559 1839 ordinariam
1581 1803 1858 1849 expositionem.
1896 1803 1966 1840 Alii
1998 1809 2118 1841 autem
2156 1804 2264 1851 spiri-

1201 1861 1334 1898 talibus
1354 1863 1527 1908 spiritalia
1543 1870 1811 1910 comparantes,
1823 1865 1949 1901 nolunt
1971 1865 2136 1913 regiones
2151 1866 2263 1913 signio

1202 1922 1319 1966 ficari,
1351 1923 1413 1959 sed
1431 1934 1496 1970 per
1513 1924 1675 1960 locorum
1690 1925 1850 1969 nomina,
1881 1926 2056 1962 virtutum
2078 1927 2263 1973 profectus

1201 1994 1283 2021 esse
1306 1996 1313 2020 :
1336 1986 1432 2031 quod
1449 1991 1530 2032 post
1546 1997 1670 2033 magos
1692 1993 1728 2023 et
1752 1988 2068 2035 congregationem
2086 1988 2260 2035 lapidum,

66 2038 267 2085 Trigesima
282 2039 436 2086 septima
445 2040 586 2076 mansio
602 2045 658 2077 est
673 2041 709 2075 in
723 2039 841 2077 Oboth
858 2052 867 2075 ε
882 2051 961 2086 quae
975 2041 1131 2077 vertitur
1148 2029 1179 2070 C
1200 2045 1413 2092 frequenter
1430 2048 1619 2085 veniamus
1636 2049 1681 2084 ad
1702 2053 1900 2085 torrentem
1921 2049 2051 2092 Zared,
2086 2050 2183 2096 quod
2203 2050 2262 2086 in·-

65 2099 103 2136 in
123 2110 248 2147 magos
274 2100 352 2136 sive
386 2100 585 2147 Pythones.
606 2101 712 2138 Unde
731 2101 1016 2146 demonstratur,
1046 2103 1131 2148 quia

0 2167 1 2211 ζ
65 2165 147 2205 post
166 2159 359 2206 imaginem
385 2160 465 2204 Dei,
487 2172 567 2207 quae
586 2163 623 2198 in
643 2163 766 2198 cordis
784 2163 926 2199 ratione
948 2170 1132 2200 monstra-

70 2225 138 2261 tur,
160 2224 196 2254 et
215 2219 481 2257 consessionem
507 2221 603 2263 fidei,
627 2232 707 2268 quae
724 2233 787 2259 ore
818 2223 1019 2269 profertur,
1040 2234 1131 2260 con-

69 2286 223 2326 surgunt
242 2286 445 2327 serpentes,
461 2287 498 2317 et
522 2288 620 2319 artes
652 2283 826 2319 maleficae
861 2285 907 2320 ad
938 2284 1032 2321 bella
1066 2295 1133 2322 nos

67 2347 278 2387 provocant.
321 2341 392 2380 Sed
435 2353 502 2379 nos
551 2343 714 2379 custodia
758 2344 1033 2381 circumdantes
1070 2355 1133 2381 cor

67 2407 247 2446 nostrum,
287 2402 510 2440 obduramus
533 2414 641 2441 aures
675 2411 840 2449 nostras,
863 2417 911 2442 ne
944 2407 1134 2444 audiamus

70 2472 178 2499 voces
212 2463 498 2504 incantantium.
525 2470 562 2501 et
586 2466 794 2503 sirenarum
820 2467 984 2504 carmina
1020 2468 1134 2515 negli-

71 2535 211 2571 gamus.

119 2584 220 2621 Unde
238 2586 366 2631 eqressi
383 2586 491 2631 fixere
505 2588 656 2622 tentoria
670 2588 708 2624 in
728 2587 923 2631 Jeabarim,
944 2588 982 2623 in
1007 2587 1134 2623 solitu-

71 2648 164 2690 dine,
194 2657 273 2693 quae
292 2647 431 2693 respicit
447 2646 567 2691 Moab,
604 2654 725 2683 contra
751 2647 956 2683 orientalem
979 2648 1132 2695 plaqam.

73 2707 274 2754 Trigesima
308 2712 436 2743 octava
465 2707 606 2743 mansio
635 2712 691 2743 cst
720 2708 757 2743 in
786 2707 969 2744 Jeabarim
994 2709 1030 2744 in
1052 2709 1135 2745 fini-

74 2768 141 2804 bus
165 2767 283 2810 Moab,
303 2778 383 2814 quae
401 2768 579 2815 significat
594 2778 744 2805 acervos
765 2768 924 2814 lapidum
944 2774 1134 2805 transeun-

75 2829 180 2874 tium,
201 2829 236 2865 id
253 2834 310 2866 est
325 2834 470 2866 sanctos
484 2839 549 2875 per
564 2830 660 2866 istud
677 2830 848 2867 saeculum
866 2830 912 2866 ad
929 2830 1018 2866 alias
1035 2840 1138 2867 man-

76 2891 196 2927 siones
210 2891 367 2927 transire
393 2891 619 2929 festinantes.
654 2891 747 2927 Sunt
763 2893 879 2928 sancti
908 2892 1060 2938 lapides,
1075 2892 1136 2938 qui

75 2952 268 2989 volvuntur
283 2963 392 3000 super
416 2958 567 2997 terram,
583 2953 694 2996 leves,
715 2953 831 2999 politi,
858 2958 894 2990 et
918 2953 1138 2990 rotunditate

78 3023 144 3050 sua
169 3019 334 3051 rotarum
367 3015 535 3052 cursibus
557 3014 708 3051 similes.
748 3013 840 3050 Sunt
872 3019 909 3050 et
941 3014 1016 3058 alii,
1047 3025 1138 3061 quos

77 3079 270 3121 propterea
297 3074 402 3122 jubet
417 3074 493 3110 tolli
509 3074 553 3110 de
571 3074 643 3118 via,
676 3074 1001 3110 neambulantium
1021 3074 1058 3111 in
1076 3084 1139 3111 eos

77 3134 263 3171 offendant
284 3134 407 3181 pedes.
437 3134 505 3179 Qui
523 3139 608 3170 sunt
626 3134 686 3171 isti
711 3134 969 3171 ambulantes?
1005 3134 1139 3181 Utique

77 3194 238 3231 viatores
257 3199 294 3231 et
313 3199 587 3242 praetereuntes,
613 3195 676 3242 qui
692 3205 758 3242 per
784 3195 882 3232 istud
906 3195 1076 3232 saeculum
1092 3197 1138 3233 ad

81 3253 171 3291 alias
186 3254 393 3292 mansiones
415 3255 572 3292 transire
590 3254 776 3292 festinant.
815 3255 919 3300 Quod
941 3262 1063 3293 autem
1084 3256 1140 3293 di·

81 3315 177 3353 citur
191 3316 229 3352 in
249 3316 378 3363 tinibus
396 3317 516 3362 Moab,
533 3323 570 3354 et
585 3317 834 3364 supradictum
848 3323 918 3363 est,
951 3319 988 3355 in
1016 3318 1141 3355 solitu-

84 3379 178 3426 dine,
197 3391 276 3429 qnoe
292 3382 432 3429 respicit
458 3381 564 3418 Moab
583 3387 708 3419 contra
729 3382 813 3419 solis
834 3388 964 3426 ortum,
984 3382 1143 3419 ostendit

82 3437 186 3486 iuxta
203 3441 379 3486 litteram,
400 3443 496 3489 quod
514 3443 702 3490 hucusque
727 3444 764 3479 in
784 3443 916 3479 finibus
935 3448 1041 3479 terrae
1062 3443 1144 3478 Idu-

85 3507 261 3539 maeorum
275 3501 424 3546 tuerint,
441 3509 477 3540 et
491 3514 587 3540 nunc
602 3505 752 3541 veniant
771 3504 816 3540 ad
834 3503 1008 3540 terminos
1022 3502 1140 3545 Moab,

88 3558 134 3597 de
149 3561 219 3597 alia
234 3563 422 3608 provincia
449 3564 494 3600 ad
518 3564 626 3600 aliam
645 3569 889 3602 transeuntes.
938 3563 1018 3600 Non
1044 3563 1143 3600 enim

89 3620 232 3665 semper
248 3622 311 3658 uni
334 3623 459 3660 virtuti
477 3624 595 3661 danda
624 3631 679 3662 est
709 3637 831 3672 opera,
849 3626 912 3662 sed
947 3625 1042 3662 sicut
1055 3628 1145 3661 scri-

89 3683 192 3725 ptum
206 3684 276 3724 est,
290 3681 396 3718 Itum
412 3683 455 3719 de
468 3685 594 3720 virtute
611 3687 649 3722 in
662 3687 823 3722 virtutem
839 3685 955 3734 (Psal.
974 3685 1143 3732 uxxm),

92 3740 137 3779 de
153 3739 222 3776 alia
243 3742 503 3779 transeundum
516 3749 573 3780 est
590 3746 636 3782 ad
655 3746 779 3792 aliam,
794 3747 880 3793 quia
896 3747 1036 3785 haerent
1060 3746 1145 3790 sibi,

306 3798 488 3842 Parnoi..
518 3801 663 3845 CVIII.
1158 3819 1162 3822 ·

1199 2113 1434 2155 terpretatur,
1455 2110 1573 2147 aliena
1587 2111 1779 2155 descensio,
1815 2116 1852 2147 et
1876 2111 1913 2147 in
1941 2111 2176 2148 descensione
2198 2121 2264 2158 po-

1200 2171 1273 2215 siti,
1292 2177 1522 2209 transeamus
1556 2174 1600 2209 ad
1615 2173 1753 2217 Arnon,
1789 2173 1885 2219 quod
1901 2173 2180 2209 maledictionem
2200 2183 2261 2210 so-

1199 2238 1263 2269 nat
1285 2246 1292 2269 :
1317 2244 1396 2279 quae
1431 2239 1488 2270 est
1511 2234 1629 2280 posita
1647 2235 1685 2270 in
1713 2235 1844 2271 finibus
1868 2234 2179 2279 Amol-rhaeorum,
2200 2234 2261 2282 qui

1199 2293 1257 2328 vel
1275 2295 1388 2329 amari
1414 2294 1528 2330 hostes
1562 2299 1659 2338 sunt,
1692 2295 1750 2331 vel
1781 2294 1892 2330 multa
1917 2295 2108 2341 loquuntur
2130 2295 2258 2340 inflati¹

1203 2354 1267 2390 Sin
1296 2358 1418 2389 autem
1438 2354 1691 2391 transierimus
1706 2355 1880 2391 terminos
1899 2355 2016 2398 Moab,
2037 2355 2099 2401 qui
2130 2355 2175 2391 de
2207 2355 2255 2391 in-

1202 2419 1303 2450 cestu
1322 2420 1515 2460 generatus
1532 2420 1603 2458 est,
1632 2420 1669 2451 et
1686 2416 1838 2451 recessit
1856 2425 1877 2450 a
1895 2425 1983 2452 vero
2001 2421 2119 2460 patre,
2137 2415 2260 2452 statim

1201 2475 1362 2510 occurrit
1392 2474 1496 2510 nobis
1525 2480 1668 2521 puteus,
1703 2485 1810 2521 quem
1832 2486 1938 2512 nemo
1958 2476 2003 2512 de
2025 2476 2130 2522 plebe
2154 2476 2259 2520 fodit,

1202 2531 1321 2567 nullus
1353 2532 1535 2578 ignobilis,
1571 2532 1633 2568 sed
1671 2533 1855 2577 principes
1885 2539 1921 2568 ct
1955 2533 2079 2576 duces,
2102 2533 2162 2579 qui
2178 2533 2261 2580 jura

1203 2592 1290 2627 dant
1315 2592 1471 2638 populis,
1494 2599 1531 2628 ct
1561 2598 1732 2628 canentes
1748 2603 1892 2628 carmen
1914 2593 1949 2628 in
1971 2603 2063 2639 aqua
2090 2595 2203 2641 putei,
2224 2600 2262 2631 et

1204 2652 1239 2687 in
1257 2652 1321 2687 Dei
1337 2653 1548 2689 muneribus
1566 2653 1803 2700 gratulantes,
1819 2654 2037 2700 prophetant
2052 2664 2123 2700 quo
2144 2660 2261 2699 trans-

1204 2712 1290 2747 ituri
1315 2713 1398 2755 sint,
1429 2714 1474 2749 ad
1500 2724 1579 2759 quse
1602 2714 1680 2750 loca
1706 2714 1930 2759 perventuri,
1948 2715 2044 2760 quod
2063 2715 2201 2751 scilicet
2218 2715 2261 2751 de

1205 2776 1349 2811 deserto
1368 2776 1514 2811 veniant
1534 2776 1570 2811 in
1588 2775 1760 2811 Mathana
1788 2776 1884 2821 quod
1919 2775 2179 2822 interpretatur
2199 2777 2262 2811 do-

1206 2847 1303 2879 num,
1324 2842 1361 2872 et
1376 2835 1421 2872 de
1438 2836 1606 2872 Mathana
1641 2836 1685 2872 ad
1703 2835 1879 2879 Nahaliel,
1915 2836 2010 2882 quod
2030 2836 2161 2872 dicitur
2190 2843 2263 2872 tor-

1207 2903 1319 2932 rentes
1333 2897 1414 2941 Dei,
1433 2903 1467 2933 et
1489 2897 1532 2934 de
1548 2888 1725 2940 Nahaliel,
1745 2896 1807 2943 qui
1833 2896 2092 2943 interpretatur
2125 2896 2263 2933 excelsa

1208 2956 1285 2993 sive
1297 2956 1483 2993 adveniens
1493 2967 1603 2997 mors,
1616 2957 1761 3003 quando
1770 2955 1975 2993 conformes
1986 2956 2161 2993 efficimur
2171 2966 2263 2993 mor-

1208 3015 1256 3053 tis
1277 3016 1425 3053 Christi.
1463 3017 1508 3053 Et
1530 3017 1576 3054 de
1604 3016 1759 3054 Bamoth
1775 3018 1938 3055 occurrit
1954 3017 2059 3055 nobis
2077 3016 2180 3053 vallis
2202 3017 2263 3053 hu·

1207 3078 1372 3116 militatis
1391 3090 1402 3115 ε
1432 3088 1513 3125 quae
1539 3083 1662 3116 tamen
1693 3079 1731 3115 in
1749 3080 1886 3117 vertice
1916 3079 2034 3126 posita
2051 3084 2107 3115 est
2130 3077 2264 3114 montis

1206 3140 1366 3187 Phasga,
1399 3140 1463 3189 qui
1483 3141 1744 3189 interpretatur
1768 3141 1928 3183 dolatus,
1961 3139 2057 3185 quod
2092 3137 2180 3174 nihil
2198 3138 2261 3177 ha-

1206 3202 1292 3238 beat
1309 3200 1464 3238 informe
1482 3207 1520 3238 et
1539 3202 1643 3246 rude,
1665 3202 1728 3238 sed
1741 3200 1892 3236 artificis
1906 3199 1952 3235 sit
1967 3197 2100 3244 politus
2118 3206 2228 3232 manu
2249 3205 2260 3232 ε

1208 3263 1271 3308 qui
1298 3272 1402 3299 mons
1422 3262 1594 3309 respiciat
1612 3260 1854 3302 solitudinem,
1874 3267 1954 3303 quae
1977 3255 2153 3292 Hebraice
2167 3255 2260 3292 dici-

1210 3329 1270 3360 tur
1284 3323 1452 3367 iesimon,
1469 3319 1610 3379 fimum.
1647 3320 1796 3364 Quando
1819 3317 1916 3354 enim
1947 3316 2122 3352 fuerimus
2141 3316 2178 3352 in
2190 3316 2264 3352 vir-

1212 3388 1329 3419 tutum
1346 3382 1503 3419 culmine
1520 3378 1720 3420 constituti.
1741 3383 1826 3413 tunc
1848 3375 1959 3412 totius
1977 3375 2102 3411 mundi
2122 3375 2262 3420 ruinas,

1211 3448 1248 3478 et
1257 3443 1418 3479 omnium
1437 3445 1670 3486 peccatorum
1690 3436 1901 3483 respicimus
1919 3435 2138 3473 vastitatem.
2167 3436 2264 3473 Pene

1212 3501 1314 3538 obliti
1329 3509 1455 3536 sumus
1469 3503 1638 3535 currente
1652 3497 1818 3534 oratione
1830 3496 1981 3539 dictare,
2005 3505 2116 3542 quare
2130 3495 2264 3532 Dibon-

1213 3562 1282 3608 gad
1306 3561 1565 3607 interpretatur
1601 3558 1773 3596 intellecta
1800 3558 1938 3605 sortiter
1972 3558 2131 3594 tentatio.
2177 3555 2266 3594 Post

1214 3621 1399 3667 Dibongad
1417 3620 1555 3667 geritur
1567 3619 1700 3656 bellum
1720 3624 1847 3656 contra
1876 3617 1972 3655 Seon
1993 3627 2117 3664 regem
2134 3617 2270 3657 Amor-.

1213 3683 1408 3726 rhaeorum,
1424 3687 1461 3718 et
1475 3681 1528 3728 Og
1543 3691 1665 3729 regem
1679 3681 1810 3724 Basab,
1827 3685 1864 3717 et
1878 3679 2046 3722 dicimus,
2063 3677 2158 3724 quod
2183 3671 2270 3715 cuni

1215 3743 1420 3782 venerimus
1436 3742 1482 3780 ad
1491 3751 1684 3782 summum.
1693 3746 1731 3780 et
1744 3741 1789 3780 de
1800 3740 1899 3779 fonte
1912 3738 2114 3787 principum
2123 3747 2268 3785 regum-

1923 3800 1976 3842 23
