2540 4016
37 22 57 94 3

74 144 144 184 195
665 147 899 187 comm.
925 147 971 186 IN
994 146 1080 187 LlB'.
1105 151 1314 192 JUDIGIJH.
1337 177 1386 186 -
1408 159 1492 198 Lm.
1517 162 1559 199 11.

34 100 156 357 tuus,
176 220 240 268 qui
268 229 313 258 ea
331 230 413 268 quae
442 231 599 270 superna
624 229 708 260 sunt
737 224 840 270 prior
861 223 979 268 vidit;
1015 227 1098 271 quia
1113 229 1149 270 Δ
1164 239 1301 267 versum
1322 242 1377 268 me
1401 245 1473 271 vos.
1507 236 1579 274 Sed
1605 237 1683 275 haec
1705 247 1804 283 enm,
1824 248 1871 276 ne
1896 245 1940 281 ab
1967 245 2024 284 his
2053 248 2188 288 interfi-

18 288 23 290 “
71 291 133 319 um
160 280 289 318 altiora
319 287 543 319 secretorum
558 282 760 319 coelestium
775 282 961 320 sublevata
995 295 1097 324 mens

17 372 28 396 ,⁷
36 339 239 407 ροηερίοἱι,
258 346 391 379 cuncta
407 342 648 380 humanarum
669 342 803 379 virium
820 342 983 380 soliditas
1012 353 1098 382 con—

19 399 247 453 jtremescit.

15 450 52 478 ⁷*-
433 461 584 499 CAPUT
606 462 714 501 xvu.

20 503 100 560 ‘⁶'De
115 521 248 559 ultione
271 532 377 570 quam
395 522 477 568 fecit
494 523 667 578 Sampson
685 526 721 561 in
730 523 934 570 Philistaeis,
958 532 1099 574 propter

43 574 47 581 ’
358 580 521 616 sponsam
552 571 618 606 sibi
648 571 815 609 ablatam.

94 627 231 674 (CAPUT
251 628 329 674 xv.)
359 627 660 676 Ascenderuntque
679 629 870 667 Philistiim
893 637 926 668 et
940 633 1099 669 combus-

46 692 165 724 serunt
192 693 264 722 tam
284 687 463 723 mulierem
489 700 593 734 quam
621 695 755 735 patrem
777 691 867 737 ejus,
902 691 1026 738 quibus
1047 693 1098 728 ait

46 745 219 793 Sampson
236 757 250 782 .·
270 746 367 782 Licet
393 747 459 782 hoc
475 748 637 793 feceritis,
670 755 785 786 tamen
801 751 915 786 adhuc
943 762 986 786 ea:
1003 752 1097 788 vobis

39 812 203 852 'expetam
239 807 428 852 ultionem,
461 814 492 844 et
521 815 602 845 tunc
628 810 815 856 quiescam.
857 810 1098 857 Percussitque

44 876 103 902 eos
135 867 265 914 inqenti
281 867 385 914 plaqa
407 869 458 904 ita
473 875 511 904 ut
535 876 709 916 stupentes
735 882 856 907 suram
876 871 1000 916 [emori
1029 871 1097 906 im·-

42 932 222 972 ponerent.
256 926 302 962 Et
323 927 531 964 descendens
548 930 716 966 habitavit
739 930 776 965 in
799 929 964 974 spelunca
994 935 1098 975 petroe

35 983 188 1020 Erizam.
208 985 285 1023 Hoc
300 987 337 1022 in
363 987 520 1024 editione
541 989 639 1024 Lxx
672 989 909 1033 interpretum
935 988 1065 1035 legitur
1086 1002 1094 1023 ε

45 1045 227 1084 Percussit
251 1048 465 1094 alieniqenas
496 1048 670 1095 Sampson
689 1049 809 1084 tibiam
837 1061 939 1096 super
970 1051 1095 1096 [emur.

43 1097 137 1152 Quid
155 1111 211 1143 est
229 1106 324 1152 quod
334 1106 469 1143 dictum
486 1114 554 1151 est,
570 1108 665 1154 quod
681 1110 858 1154 percussit
876 1110 1094 1156 alienigenas
1113 1130 1144 1169 Β

42 1167 223 1215 Sampson
239 1168 365 1204 tibiam
390 1178 497 1214 super
515 1168 660 1205 femur?
683 1169 770 1213 Quis
790 1170 886 1206 enim
906 1171 1015 1206 habet
1049 1172 1094 1207 ti-

41 1227 140 1264 biam
159 1237 266 1273 super
279 1227 397 1263 femur
411 1237 494 1263 cum
516 1228 602 1264 tibia
618 1228 787 1264 deorsum
805 1239 930 1265 versus
944 1240 1015 1266 non
1033 1230 1095 1274 sit,

41 1286 115 1322 nisi
131 1295 154 1322 a
173 1296 268 1334 genu
291 1296 407 1332 usque
426 1287 471 1322 ad
493 1287 631 1322 talum?
654 1287 791 1324 Deinde
810 1288 842 1324 si
858 1288 978 1324 locum
1010 1299 1092 1325 cor-

40 1346 142 1392 poris
171 1346 390 1393 significaret
426 1346 484 1382 ubi
513 1356 575 1383 eos
600 1347 814 1391 vulneravit,
848 1349 1094 1394 nunquidnam

41 1414 168 1442 omnes
201 1415 290 1451 quos
312 1405 504 1451 percussit,
539 1406 577 1441 in
594 1416 665 1443 uno
691 1407 852 1453 corporis
870 1407 947 1444 loco
978 1408 1093 1445 fuerat

41 1465 320 1501 vulneraturus?
341 1465 439 1508 Quod
461 1466 491 1501 si
506 1471 602 1502 esset
621 1467 807 1511 credibile,
824 1478 1010 1514 possemus
1024 1468 1095 1505 sor-

43 1523 140 1559 sitan
154 1525 329 1570 suspicari
345 1534 427 1560 eum
440 1535 619 1571 pugnasse
637 1527 723 1563 tibia
743 1527 893 1574 alicujus
912 1529 1091 1571 animalis,

41 1586 216 1627 tanquam
234 1581 342 1626 suste,
377 1588 413 1619 et
429 1593 471 1618 ea
492 1583 570 1620 illos
602 1594 709 1631 super
727 1584 843 1621 femur
859 1587 1091 1632 percussisse,

42 1641 138 1678 sicut
166 1641 210 1678 de
227 1642 287 1678 illo
312 1643 485 1688 scriptum
500 1649 565 1687 est,
598 1645 691 1689 quod
719 1645 864 1681 maxilla
886 1647 978 1682 asini
998 1647 1094 1683 mille

42 1701 229 1738 occiderit.
249 1700 320 1737 Sed
337 1712 452 1748 neque
466 1702 566 1746 illud,
582 1709 621 1738 ut
638 1703 726 1747 dixi,
745 1704 915 1741 credibile
929 1713 982 1741 est
1000 1706 1094 1751 quod

44 1771 207 1808 pugnans
241 1772 352 1797 unum
371 1766 507 1797 tantum
528 1762 645 1798 locum
666 1763 913 1799 observaverit
942 1764 1002 1799 ubi
1031 1774 1094 1800 eos

43 1826 260 1867 percuteret.
294 1821 339 1856 Et
354 1830 424 1857 non
439 1821 490 1856 ait
510 1821 707 1867 Scriptura,
737 1823 919 1859 Percussit
932 1834 993 1859 eos
1008 1824 1095 1860 tibia

43 1890 151 1926 super
174 1879 304 1924 femur,
331 1881 390 1915 sed
406 1880 526 1916 tibiam
541 1893 643 1927 super
661 1882 785 1927 femur.
818 1883 995 1918 Nimirum
1009 1892 1095 1930 ergo

43 1938 217 1974 inusitata
233 1938 364 1975 locutio
379 1938 464 1975 facit
482 1940 738 1976 obscuritatem
756 1953 765 1975 ι
787 1941 835 1976 ita
852 1942 949 1976 enim
962 1942 1096 1977 dictum

2098 174 2187 216 ΗΜ

1163 294 1305 326 ceretur
1316 291 1463 338 dixisse,
1478 293 1565 332 illud
1579 296 1714 333 indicat
1725 296 1821 343 quod
1835 297 1874 333 in
1887 297 1976 338 libro
1987 304 2188 353 Regnorum

1163 352 1337 398 seriptum
1350 360 1416 399 est,
1454 356 1604 402 iubente
1625 357 1830 404 Salomone,
1867 365 1910 397 ut
1926 362 2030 402 honio
2053 370 2192 408 oecide-

1163 415 1277 454 retur,
1301 418 1337 448 et
1365 413 1533 452 dicente:
1557 417 1670 461 Vade,
1702 429 1843 455 occurre
1861 420 1914 456 illi
1931 420 2009 469 (111
2026 424 2110 472 Rq.
2136 431 2193 479 u),

1163 470 1260 515 quod
1288 470 1368 506 ideo
1385 482 1456 508 non
1477 474 1702 522 intelligitur,
1734 476 1818 522 quia
1835 488 1908 515 non
1926 485 1982 516 est
2011 492 2195 525 consuetu.

1165 528 1260 565 dinis
1292 531 1387 576 apud
1403 541 1471 569 nos
1503 533 1554 569 ita
1567 535 1652 571 dici.
1687 534 1748 571 Sic
1779 537 1874 573 enim
1900 540 1996 584 quod
2028 543 2198 585 militares

1163 592 1359 634 potestates
1386 589 1539 627 dicunt:
1565 591 1671 637 Vade,
1697 593 1806 631 alleva
1818 595 1933 642 illum,
1959 604 1996 634 et
2010 599 2197 649 significat,

1166 648 1281 684 occide
1299 647 1414 692 illum,
1431 650 1513 696 quis
1530 650 1718 699 intelligat,
1738 654 1807 690 alsi
1826 656 1887 701 qui
1903 656 1999 695 illius
2014 658 2201 700 locutionis

1165 712 1454 749 consuetudinem
1468 713 1594 750 novit?
1614 714 1712 751 Solet
1737 722 1772 752 et
1789 724 1894 764 vulgo
1923 721 2016 764 apud
2035 731 2101 759 nos
2117 723 2200 768 dici,

1164 772 1416 817 compendiabit
1444 772 1512 817 illi,
1543 774 1636 819 quod
1666 781 1732 819 est,
1757 777 1884 813 occidet
1918 778 2033 824 illum,
2062 787 2098 817 et
2134 783 2202 820 boc

1164 839 1271 866 nemo
1298 830 1464 879 intelligit
1491 833 1560 869 nisi
1578 835 1638 880 qui
1659 835 1783 872 audire
1802 840 1997 876 consuevit.
2033 840 2117 878 Eaec
2145 849 2200 880 cst

1165 889 1261 926 enim
1287 891 1343 927 vis
1365 892 1538 937 generalis
1568 895 1727 931 omnium
1746 895 1983 943 locutionum,
2011 905 2050 936 ut
2077 911 2200 947 quem-

1164 949 1353 987 admodum
1363 953 1449 998 ipsae
1458 953 1599 1000 linguae,
1609 965 1679 992 non
1688 957 1942 1005 intelligantur,
1950 961 2018 997 nisi
2027 963 2200 1001 audiendo

1163 1011 1219 1046 vel
1242 1011 1391 1058 legendo
1424 1015 1620 1052 discantur.
1654 1016 1899 1066 Inventamque
1930 1022 2132 1068 maxillam,
2166 1025 2202 1061 id

1164 1075 1234 1112 est,
1253 1072 1508 1117 mandibulam,
1546 1076 1651 1118 asini,
1677 1088 1749 1122 qua
1764 1079 1913 1122 jacebat,
1946 1083 2112 1127 arripiens
2142 1085 2199 1119 in·

1162 1129 1294 1175 tersecit
1313 1130 1350 1165 in
1374 1142 1415 1166 ea
1435 1131 1530 1167 mille
1548 1134 1652 1177 viros,
1675 1141 1708 1169 et
1726 1136 1774 1170 ait
1789 1147 1802 1171 .-
1821 1137 1866 1172 In
1883 1140 2027 1176 maxilla
2044 1142 2148 1186 asini,
2165 1146 2203 1180 in

1164 1189 1367 1224 mandibula
1397 1190 1485 1236 pulli
1523 1192 1702 1228 asinarum
1733 1194 1841 1230 delevi
1872 1207 1950 1240 eos,
1986 1205 2018 1234 et
2054 1204 2205 1245 percussi

1163 1248 1258 1284 mille
1283 1250 1387 1293 viros,
1422 1255 1458 1286 et
1478 1250 1626 1296 reliqua.
1661 1252 1817 1296 Quorum
1844 1255 1903 1291 hic
1933 1267 1999 1302 per
2021 1260 2202 1299 maxillam

1164 1309 1275 1352 asini,
1320 1310 1388 1346 nisi
1434 1312 1706 1356 praedicatorum
1744 1315 1910 1351 Ecclesiae
1955 1328 2116 1363 persona}
2153 1323 2201 1358 si-

1163 1371 1346 1415 gnantur?
1368 1371 1584 1419 Redemptor
1602 1374 1696 1409 enim
1716 1381 1837 1412 noster
1855 1378 2115 1424 simplicitatem
2144 1389 2199 1419 at-

1163 1439 1231 1474 que
1265 1430 1474 1475 patientiam
1508 1432 1777 1478 praedicantium
1812 1445 1884 1471 suae
1919 1447 2026 1474 manu
2058 1440 2199 1476 virtutis

1162 1494 1287 1526 tenens
1315 1500 1334 1525 a
1364 1491 1460 1527 vitiis
1481 1492 1553 1527 suis
1578 1493 1777 1530 carnalibus
1799 1495 1976 1532 interfecit
1995 1525 2004 1540 ‚
2038 1503 2087 1541 et,
2122 1510 2198 1535 ma-

1162 1550 1245 1585 xilla
1271 1550 1308 1585 in
1329 1555 1461 1586 terram
1496 1553 1666 1598 proJecta,
1702 1557 1927 1599 postmodum
1958 1568 2068 1604 aquas
2097 1559 2199 1603 fudit,

1161 1609 1245 1653 quia
1276 1609 1357 1644 data
1377 1610 1482 1645 morti
1499 1611 1773 1656 praedicatorum
1796 1623 1960 1660 corpora,
1992 1627 2118 1663 magna
2138 1629 2201 1663 po-

1161 1670 1254 1716 pulis
1272 1675 1518 1707 monstravere
1536 1672 1720 1708 miracula.

1550 1746 1699 1782 CAPUT
1722 1747 1801 1783 xlx

1165 1789 1265 1833 Quod
1294 1791 1464 1837 Sampson
1483 1792 1573 1836 sores
1594 1800 1701 1838 porta‘
1715 1794 1809 1829 urbis
1833 1795 1937 1831 Gaza’
1954 1807 2030 1830 cum
2049 1798 2200 1842 postibus

1209 1837 1280 1871 suis
1303 1843 1398 1872 nocte
1425 1838 1515 1879 tulit,
1535 1845 1635 1884 alque
1665 1840 1701 1873 in
1725 1846 1871 1876 montem
1889 1842 2048 1887 portevin
2063 1849 2094 1877 et
2109 1845 2200 1888 quod

1210 1882 1400 1928 concupivit
1432 1884 1468 1918 in
1502 1884 1598 1919 Gaza
1623 1886 1797 1920 mulierem
1828 1888 2057 1932 meretricem,
2084 1900 2105 1924 a
2132 1901 2200 1935 qua

1209 1928 1279 1973 ipse
1297 1939 1357 1974 per
1384 1930 1610 1973 proditionem
1630 1931 1789 1977 deceptus
1810 1940 1871 1968 est.

43 1990 109 2035 est
131 2008 174 2034 ac
191 1999 222 2035 si
241 1999 434 2042 diceretur,
468 1998 651 2035 Percussit
669 2009 732 2035 eos
750 1999 852 2034 valde
870 2000 1093 2045 mirabiliter,
1115 2017 1144 2059 C
1211 1985 1345 2032 (CAPUT
1367 1987 1455 2033 ΠΕ)
1479 1988 1572 2022 Abiit
1601 1999 1732 2036 ‘lumine
1756 1990 1794 2024 fn
1821 1990 1972 2034 Gazam,
1998 1998 2029 2027 εἴ
2049 1993 2130 2028 vidit
2155 1994 2203 2028 θ’θ’

45 2058 83 2095 id
103 2055 175 2101 est,'
191 2063 231 2093 ut
255 2058 466 2093 admirando
484 2063 670 2103 stupentes
702 2058 827 2094 tibiam
855 2069 962 2105 super
981 2059 1098 2097 femur

44 2121 235 2165 ponerent,
256 2117 380 2152 tibiam
398 2117 536 2153 scilicet
550 2117 656 2152 unius
670 2117 773 2163 pedis
792 2127 898 2163 super
918 2118 1034 2154 lemur
1053 2120 1100 2154 al-

45 2177 173 2219 terius,
191 2176 285 2212 sicut
298 2175 414 2211 solent
430 2176 555 2211 sedere
571 2177 632 2221 qui
647 2176 812 2211 mirando
830 2182 975 2222 stupent
991 2189 999 2211 :
1017 2183 1099 2213 tan-

45 2250 155 2286 quam
165 2239 197 2275 si
210 2238 402 2282 diceretur,
418 2238 671 2275 Percussiteos
688 2248 833 2274 manum
843 2240 888 2276 ad
901 2241 1097 2284 maxillam,

46 2300 83 2336 id
97 2305 164 2343 est,
187 2303 286 2334 tanta
303 2298 414 2341 caede,
433 2303 472 2333 ut
492 2308 637 2334 manum
656 2299 701 2334 ad
718 2299 901 2334 maxillam
922 2300 1014 2336 tristi
1040 2301 1099 2336 ad-

45 2361 240 2397 miratione
273 2366 469 2405 ponerent.
503 2359 606 2396 Hunc
631 2370 776 2396 sensum
813 2361 863 2396 ita
897 2371 936 2396 se
967 2361 1100 2397 habere

45 2422 155 2458 etiam
172 2421 435 2466 interpretatio,
452 2431 531 2466 quae
544 2426 599 2457 est
609 2431 654 2456 ex
667 2420 831 2465 llebraeo,
848 2422 937 2457 satis
951 2422 1095 2466 edocet;

47 2490 134 2516 nam
163 2479 214 2516 ita
235 2480 367 2526 legitur
387 2490 396 2515 :
415 2479 594 2515 Percussit
607 2491 663 2515 eos
687 2480 817 2525 ingenti
841 2479 957 2525 playa,
992 2481 1043 2515 ita
1061 2487 1100 2516 ut

46 2546 219 2588 stupentes
235 2551 355 2575 suram
375 2540 499 2585 femori
522 2540 756 2585 imponerent;
779 2539 849 2574 tale
872 2544 927 2575 est
943 2539 1038 2576 enim
1055 2550 1098 2576 ac

47 2602 79 2640 si
99 2601 246 2643 diceret,
268 2599 408 2636 Tibiam
426 2598 554 2634 femori
568 2599 811 2644 imponerent;
828 2598 999 2644 quoniam
1013 2608 1097 2636 sura

47 2664 171 2709 utique
191 2667 372 2699 retrorsus
396 2671 478 2698 cum
502 2662 587 2698 tibia
611 2670 679 2698 est.

427 2733 578 2770 CAPUT
602 2733 723 2770 XVIII.

49 2796 153 2842 Quod
171 2796 240 2832 tria
255 2795 366 2831 millia
380 2796 531 2831 virorum
546 2795 699 2848 deludo
723 2794 1095 2850 ‚Sampson-voluerunt

96 2843 233 2879 tradere
260 2843 297 2878 in
312 2853 436 2876 manus
453 2841 737 2883 Pliilisttnorum,
761 2842 885 2888 quibus
903 2841 959 2877 ille
984 2842 1095 2877 tradi-

95 2895 152 2925 tus
174 2889 342 2935 percussit
365 2899 408 2923 ex
425 2887 613 2923 Pltilistiim
628 2889 664 2923 in
677 2888 880 2923 mandibula
898 2889 988 2924 asini
1002 2887 1095 2924 mille
1110 2908 1147 2949 D

95 2945 201 2971 viros.

95 2994 488 3042 (1⁸1⁰.)Descenderunt
521 3006 602 3042 erqo
630 2996 698 3031 tria
723 2995 835 3032 millia
870 2995 1022 3032 virorum
1055 2997 1097 3032 de

47 3054 146 3090 Juda
161 3055 206 3090 ad
223 3065 363 3101 specum
377 3053 484 3090 silicis
506 3054 649 3098 Etham,
684 3055 913 3101 dixeruntque
932 3055 978 3090 ad
994 3054 1097 3091 Sam-

47 3124 134 3160 pson
153 3125 161 3149 :
183 3112 322 3157 Nescis,
344 3113 436 3159 quod
453 3112 644 3150 Plzilistiim
658 3114 824 3161 imperent
839 3114 963 3150 nobis?
980 3113 1096 3156 Quare

47 3173 112 3208 ltoc
142 3173 257 3219 facere
274 3173 446 3209 voluisti?
471 3173 605 3216 Quibus
632 3173 691 3209 ille
714 3174 790 3209 ait:
811 3173 908 3209 Sicut
941 3173 1096 3219 fecerunt

46 3232 134 3268 milti
156 3232 224 3279 [eci
252 3234 315 3269 eis.
336 3232 475 3280 Lipare,
492 3234 668 3280 inquiunt,
685 3240 717 3268 te
730 3234 898 3276 venimus,
915 3240 946 3269 et
962 3234 1099 3269 tradere

45 3295 85 3330 in
118 3305 244 3331 manus
279 3293 561 3330 Philistinorum.
599 3294 789 3341 Respondit
815 3303 827 3329 .·
856 3293 980 3330 Iurate
1000 3293 1098 3338 mibi,

46 3352 140 3400 quod
164 3363 219 3389 me
237 3362 306 3388 non
322 3352 504 3397 occidatis,
539 3358 575 3390 et
593 3353 747 3400 reliqua.
771 3352 1004 3399 Septuaginta
1024 3362 1036 3387 .·
1052 3352 1099 3387 Et

47 3414 98 3449 ait
122 3411 297 3459 Sampson
313 3411 394 3448 viris
411 3411 507 3448 Iuda
529 3412 684 3449 :Jurate
713 3412 812 3455 mihi,
849 3422 890 3446 ne
904 3411 1097 3456 interficia—

47 3470 94 3510 tis
110 3484 166 3510 me
182 3483 256 3518 vos,
285 3478 316 3509 et
335 3471 460 3508 tradite
492 3483 547 3508 me
563 3474 626 3518 eis,
649 3485 691 3509 ne
718 3473 806 3519 sorte
843 3471 1031 3507 occurratis
1056 3471 1094 3506 in

47 3545 103 3572 me
130 3545 204 3572 voc.
241 3534 334 3579 Quid
350 3538 419 3576 est,
450 3533 545 3578 quod
580 3535 631 3570 ait
654 3534 828 3580 Sampson
861 3533 949 3569 viris
975 3531 1091 3568 luda:

45 3595 175 3632 Jurate
195 3596 296 3640 milti,
326 3607 368 3632 ne
395 3593 613 3639 interficiatis
637 3606 692 3632 me
716 3608 789 3641 vos,
831 3602 863 3632 et
890 3595 1014 3631 tradite
1040 3602 1094 3628 me

43 3657 114 3701 eis,
133 3667 175 3692 ne
194 3655 283 3702 [orte
301 3655 491 3693 occurratis
513 3655 551 3690 in
568 3665 622 3690 me
637 3665 695 3691 voc
710 3657 728 3691 Ρ
745 3656 860 3701 Quam
883 3654 1094 3692 locutionem

27 3718 102 3758 ¹¹¹ita
124 3718 288 3757 nonnulli
317 3718 542 3765 interpretati
568 3723 664 3759 sunt,
685 3727 728 3752 ne
742 3717 831 3763 forte
860 3716 1005 3755 veniatis
1031 3714 1095 3750 ad-

339 3781 519 3822 Panor..
542 3780 682 3823 CVlll.

1165 2044 1342 2080 mulierem
1360 2047 1586 2089 meretricem,
1603 2048 1843 2094 ingressusque
1861 2057 1909 2085 est
1926 2051 1970 2085 ad
1985 2062 2074 2086 eam.
2103 2052 2203 2094 Quoa

1168 2113 1246 2137 cum
1271 2103 1444 2138 audissent
1465 2103 1667 2148 philistiim,
1694 2113 1726 2140 et
1752 2109 1995 2151 percrebuisset
2031 2110 2124 2155 apud
2147 2122 2205 2147 eos

1167 2159 1315 2195 intrasse
1337 2161 1456 2196 urbem
1482 2161 1666 2207 Sampson,
1700 2163 1995 2202 circumdederunt
2015 2179 2106 2212 eum,
2141 2170 2204 2206 im-

1166 2220 1286 2263 positis
1315 2221 1351 2254 in
1370 2227 1470 2264 porta
1488 2221 1635 2256 civitatis
1651 2223 1861 2265 custodibus,
1895 2231 1924 2259 et
1943 2226 1990 2259 ibi
2019 2233 2089 2262 tota
2109 2235 2206 2264 nocte

1167 2287 1244 2311 cum
1270 2277 1405 2312 silentio
1433 2279 1669 2323 proestolanees
1712 2286 1750 2314 ut
1771 2281 1864 2325 sacto
1894 2293 1995 2318 mane
2024 2293 2203 2322 exeuntem

1166 2336 1369 2372 occiderent.
1396 2336 1565 2371 Dormivt‘t
1582 2343 1697 2373 autem
1715 2338 1885 2386 Sampson
1906 2353 2010 2388 usque
2026 2345 2071 2379 ad
2094 2347 2202 2381 noctis

1166 2396 1327 2432 medium.
1340 2396 1386 2431 Et
1400 2397 1478 2433 inde
1493 2407 1712 2443 consuraens,
1729 2401 1949 2445 apprehendit
1963 2404 2079 2439 ambas
2095 2412 2203 2451 portoe

1166 2455 1255 2501 sores
1269 2467 1347 2491 cum
1362 2457 1514 2502 postibus
1529 2457 1600 2492 suis
1615 2463 1647 2493 et
1668 2469 1759 2502 sera,
1780 2459 2022 2508 impositasque
2048 2463 2200 2500 humeris

1165 2515 1236 2551 suis
1257 2516 1403 2560 portavit
1415 2516 1460 2550 ad
1479 2517 1638 2551 verticem
1661 2518 1800 2561 montis,
1820 2519 1878 2564 qui
1895 2521 2029 2565 respicit
2046 2520 2200 2564 Hebron,

1164 2574 1372 2619 etreliqua.
1405 2574 1517 2617 Quem
1550 2576 1584 2610 in
1603 2576 1670 2611 hoc
1687 2575 1795 2620 sacto,
1830 2578 1898 2613 nisi
1929 2579 2202 2627 Redemptorcm

1163 2638 1337 2677 nostrum,
1361 2633 1535 2680 Sampson
1555 2635 1612 2670 ille
1635 2636 1832 2682 significat?
1850 2637 1940 2681 Quid
1950 2639 2043 2675 Gaza
2063 2641 2200 2683 civitas,

1163 2693 1232 2729 nisi
1246 2693 1437 2737 infernum,
1466 2694 1708 2741 signat?Quid
1725 2707 1790 2742 per
1806 2698 2014 2741 I’hilistaeos,
2043 2700 2111 2736 nisi
2142 2700 2202 2736 Ju-

1163 2754 1318 2791 daeorum
1347 2755 1508 2801 perfidia,
1529 2755 1821 2793 demonstratur?
1838 2759 1898 2803 qui
1924 2769 2003 2794 cum
2025 2766 2202 2797 mortuum

1163 2815 1351 2852 Dominum
1373 2816 1549 2860 viderent,
1580 2816 1726 2863 ejusque
1749 2827 1878 2863 corpus
1894 2818 1928 2853 in
1946 2818 2106 2864 sepulcro
2125 2818 2199 2863 Jam

1163 2876 1332 2922 positum,
1363 2878 1528 2913 custodes
1557 2877 1652 2914 illico
1671 2878 1927 2924 deputaverunt
1958 2883 1994 2914 et
2014 2888 2109 2921 eum,
2142 2879 2202 2924 qui

1165 2941 1290 2973 auctor
1306 2937 1394 2982 vitm·
1410 2936 1595 2978 claruerat,
1624 2937 1660 2972 in
1676 2936 1805 2973 inferni
1823 2937 1988 2973 claustris
2011 2941 2198 2980 retentum,

1164 2996 1266 3042 quasi
1300 2995 1474 3042 Sampson
1505 2996 1541 3031 in
1567 2994 1676 3038 Gaza,
1707 3005 1747 3031 se
1773 2995 2046 3041 deprehendisse
2076 2994 2199 3040 jactati

1164 3063 1259 3093 sunt.
1294 3056 1469 3103 Sampson
1498 3066 1583 3092 vcro
1613 3061 1717 3091 nocte
1733 3055 1849 3092 media
1875 3066 1944 3090 non
1960 3055 2072 3090 solum
2098 3055 2197 3096 exiit,

1163 3118 1226 3154 sed
1244 3118 1352 3154 etiam
1369 3122 1492 3163 portas
1512 3116 1665 3152 civitatis
1682 3115 1779 3157 tulit3
1804 3114 1885 3158 qnia
1903 3113 2116 3158 Redemptor
2134 3123 2196 3148 no-

1164 3183 1238 3214 ster
1255 3177 1419 3214 videlicet
1433 3182 1516 3212 ante
1532 3177 1643 3211 lucem
1663 3181 1863 3217 resurgens,
1894 3180 1965 3206 non
1981 3170 2091 3206 solum
2107 3171 2196 3207 libcr

1163 3237 1206 3272 de
1223 3235 1362 3282 inferno
1379 3235 1477 3277 exiit,
1508 3233 1568 3268 sed
1587 3233 1662 3276 ipsa
1681 3230 1787 3264 etiam
1805 3227 1934 3264 inferni
1953 3228 2106 3265 claustra
2134 3229 2195 3266 de-

1163 3296 1306 3339 struxit,
1324 3300 1443 3340 portas
1456 3291 1545 3332 tulit,
1571 3294 1606 3325 et
1623 3287 1753 3324 montis
1774 3287 1944 3323 verticem
1960 3288 2081 3331 subiit,
2110 3288 2193 3334 quia

1163 3354 1338 3401 surgendo
1374 3351 1527 3386 claustra
1559 3347 1689 3383 inferni
1714 3345 1871 3389 abstulit,
1909 3352 1944 3382 et
1971 3346 2193 3384 ascendendo

1163 3413 1332 3450 coelorum
1349 3418 1454 3455 regna
1471 3406 1682 3454 penetravit.
1716 3404 1889 3451 Sampson
1909 3404 2027 3440 divina
2042 3406 2192 3451 promis·

1163 3472 1262 3507 sione
1280 3472 1482 3515 generatur,
1512 3466 1673 3513 spiritum
1691 3464 1918 3502 comitantem
1934 3463 2098 3501 babebat.
2130 3463 2191 3500 Sic

1162 3530 1255 3567 enim
1272 3528 1420 3575 legimus
1437 3526 1521 3573 quia
1536 3525 1716 3563 benedixit
1730 3534 1811 3561 eum
1832 3523 2015 3567 Dominus,
2032 3529 2068 3558 et
2084 3522 2191 3568 coepit

1162 3589 1305 3636 spiritus
1331 3586 1469 3624 Domini
1488 3585 1650 3622 comitari
1682 3594 1762 3621 cum
1778 3593 1820 3620 eo
1852 3582 1889 3618 in
1903 3586 2041 3623 casim
2057 3586 2093 3615 et
2108 3579 2187 3617 ideo

1162 3650 1319 3686 futurum
1334 3644 1532 3694 praevidens
1550 3649 1821 3684 sacramentum,
1840 3651 1884 3677 ex
1901 3639 2107 3686 alienigenis
2121 3649 2188 3686 po-

1162 3708 1280 3748 scebat
1297 3716 1457 3750 nerem,
1490 3704 1581 3751 quod
1598 3708 1702 3750 pater
1721 3702 1796 3750 eius
1819 3709 1860 3736 ae
1879 3705 1990 3737 mater
2028 3703 2066 3736 ut
2099 3697 2190 3737 scri-

1838 3761 1888 3801 38
