2540 4016
299 193 364 228 551

747 181 787 217 B.
812 177 982 216 RABANI
1007 178 1154 217 MAURI
1177 177 1391 216 ARCBIEP.
1417 177 1622 216 MOGUNT.
1649 178 1840 218 oPERUM
1863 178 1983 218 PARS
2005 179 2035 216 1.

2354 198 2358 199 ⁷
2382 181 2453 219 552

295 267 341 302 Et
370 272 438 297 non
475 258 610 295 docebit
642 255 875 300 unusquisque
917 255 1113 300 proximum
1143 264 1246 289 suum
1259 279 1270 297 ‚
1307 258 1340 289 et
1357 256 1392 296 Α
1407 254 1534 290 tritura
1553 254 1784 299 vindemiam‚·
1804 261 1837 292 et
1856 255 2030 292 vindemia
2050 253 2230 299 occupabit
2253 262 2450 300 sementem,

293 321 526 368 unusquisque
564 319 704 364 fratrem
723 325 824 349 suum
842 313 958 349 dicens
978 323 990 347 .·
1017 313 1190 360 Coqnosce
1218 313 1340 349 Domi-

293 393 389 425 num,
410 381 492 428 quia
514 387 628 415 omnes
647 375 751 410 scient
771 383 839 416 me,
855 385 877 409 a
901 373 1034 408 minore
1049 383 1156 419 usque
1170 373 1216 408 ad
1230 374 1340 419 majo-

293 453 365 477 rem
382 450 523 480 eorum,·
541 436 622 482 quia
646 433 817 480 propitius
849 443 907 468 ero
922 432 1163 479 iniquitatibus
1195 443 1336 477 eorum,

292 508 325 536 et
353 504 568 547 peccatorum
599 491 741 528 illorum
753 492 832 538 jam
857 503 927 527 non
953 492 1161 527 recordabor
1189 491 1338 539 amplius

293 560 434 606 (Jerem.
450 553 565 600 xxxi).
575 552 760 596 Quomodo
773 552 894 588 enim?
910 552 986 588 Hoc
1002 552 1072 588 erit
1090 552 1119 588 si
1137 563 1208 589 non
1224 552 1337 588 solum

290 618 334 652 ab
350 619 472 661 aperto
487 612 663 648 idolorum
678 611 775 647 cultu
789 622 895 658 quem
923 612 1091 657 prohibet
1103 611 1192 658 legis
1204 612 1336 654 littera,

289 677 352 713 sed
365 680 401 711 et
419 674 464 709 ab
479 672 619 710 occulto
638 673 881 709 abstineamus
900 682 910 707 ε
934 673 978 708 de
999 682 1069 718 qua
1093 672 1224 707 Paulus
1244 671 1340 707 dice—

287 738 371 773 bat:
391 734 508 770 Radix
527 733 681 768 omnium
698 732 871 767 malorum
901 733 1071 775 avaritia,
1092 743 1168 778 quae
1189 737 1239 767 est
1264 731 1339 765 ido—

287 797 399 832 lorum
432 795 577 830 servitus
611 793 753 840 (Ephes.
783 792 843 839 v);
889 792 1192 838 quemadmodum
1234 791 1339 827 nobis

287 859 395 894 etiam
412 867 506 892 nunc
522 855 610 901 legis
637 856 786 902 spiritus
821 855 1075 891 abstinentiam
1105 856 1266 890 mandat.
1295 854 1341 889 Et

286 930 358 955 non
374 919 544 954 faciemus
559 917 664 953 nobis
691 917 825 952 idolum
848 921 884 953 et
903 916 1085 962 sculptile;
1107 916 1198 960 sive,
1218 921 1257 952 ut
1275 915 1340 951 Se·

285 981 470 1028 ptuaginta
490 979 728 1015 manufictiles
762 979 886 1015 domos
919 977 1138 1014 aedificantes
1169 982 1205 1013 et
1236 987 1340 1023 agros

285 1044 423 1088 aliquos
445 1042 685 1089 possidentes,
706 1050 772 1076 nec
812 1039 977 1084 sculptile
994 1039 1030 1074 in
1060 1039 1112 1075 eis
1129 1038 1337 1084 figurantes,

285 1109 446 1140 nostram
489 1102 752 1148 quodammodo
798 1105 994 1136 atterentes
1040 1110 1162 1135 amore
1213 1109 1337 1135 eorum

285 1168 456 1199 mentem.
482 1161 557 1197 Nec
571 1161 693 1196 titulos
709 1160 812 1196 nobis
827 1160 901 1196 sive
920 1165 1074 1195 statuam
1091 1159 1128 1194 in
1148 1159 1204 1194 his
1222 1160 1337 1204 eriga-
1355 1142 1387 1181 B

286 1234 379 1266 mus,
394 1222 555 1258 volentes
578 1232 644 1267 per
675 1231 755 1257 eam
777 1220 989 1256 memoriam
1018 1225 1180 1255 nostram
1213 1223 1337 1254 exten-

286 1284 371 1320 dere
385 1282 422 1317 in
439 1281 578 1316 futuras
593 1280 864 1325 generationes3
899 1280 962 1315 sed
985 1289 1052 1315 nec
1072 1278 1224 1324 lapidem
1252 1279 1338 1315 insi-

286 1355 391 1391 gnem
418 1343 599 1388 erigamus
618 1354 626 1376 ε
648 1341 741 1383 auri,
763 1341 862 1376 verbi
880 1340 1010 1386 gratia,
1027 1345 1088 1375 aut
1119 1341 1258 1385 argenti
1281 1351 1339 1376 cu-

287 1405 437 1445 mulum,
458 1407 519 1437 aut
533 1401 690 1446 lapidum
710 1401 771 1446 qui
798 1400 964 1441 videntur
991 1409 1070 1435 esse
1092 1399 1241 1443 pretiosi
1259 1411 1266 1433 :
1288 1399 1339 1434 la-

285 1463 386 1510 pides
408 1462 503 1498 enim
529 1466 565 1496 et
594 1461 630 1496 hi
665 1461 708 1495 de
740 1465 837 1496 terra
869 1458 1023 1504 aequales
1057 1458 1136 1493 aliis
1162 1458 1338 1503 lapidibus

286 1532 385 1566 sunt;
418 1528 454 1560 et
492 1523 544 1558 sic
567 1531 759 1557 avarorum
777 1521 876 1556 visus
903 1520 939 1554 in
961 1520 1015 1554 his
1035 1519 1339 1564 quemadmodum

287 1594 507 1631 paganorum
526 1583 562 1618 in
584 1581 689 1618 idolis
722 1581 965 1622 seducuntur,
1000 1584 1147 1624 propter
1178 1579 1274 1624 quod
1304 1584 1340 1613 et

288 1643 438 1688 insignis
452 1642 541 1687 lapis
563 1641 679 1676 dictus
701 1645 768 1676 est.
786 1639 857 1675 Nos
875 1645 993 1675 autem
1014 1639 1104 1674 nihil
1130 1639 1200 1674 tale
1225 1639 1341 1684 patia-

289 1713 381 1744 mur,
413 1711 479 1736 uec
511 1700 668 1745 insignes
696 1700 799 1735 nobis
819 1699 954 1745 lapides
979 1698 1182 1734 efficiantur
1208 1698 1340 1734 divitiae

289 1768 327 1798 ut
349 1762 543 1798 secundum
559 1761 793 1796 intentionem
816 1770 939 1796 earum
959 1761 1132 1802 vivamus,
1145 1760 1340 1796 secundum

289 1822 506 1858 intellectum
533 1820 764 1867 Septuaginta
799 1821 1062 1866 interpretum;
1087 1825 1122 1855 et
1146 1830 1216 1856 non
1241 1830 1340 1865 quae-

288 1893 427 1928 cunque
445 1882 680 1927 praeceperint
699 1880 896 1923 faciamus,
927 1886 963 1916 et
995 1880 1183 1916 desideriis
1217 1889 1341 1915 earum

294 1943 505 1986 serviamus,
526 1942 786 1987 adoremusque
814 1951 874 1977 cas
907 1947 943 1976 et
971 1941 1132 1978 colamus
1149 1968 1158 1983 ,
1192 1941 1227 1975 in
1258 1950 1342 1976 con-

291 2005 465 2039 servando
491 2014 564 2039 eas.
604 2002 855 2038 Custodiamus
893 2008 1011 2037 autern
1055 2008 1091 2037 et
1124 2002 1273 2037 sabbata
1297 2002 1341 2037 ab

293 2064 389 2098 omni
405 2064 473 2097 alio
489 2063 596 2105 malo,
617 2068 652 2098 et
671 2063 897 2098 abstinentiae
915 2064 1164 2109 vocationique
1192 2064 1340 2099 studen-

295 2128 361 2166 tes,
386 2129 422 2158 et
442 2128 588 2168 agentes
611 2128 649 2158 ut
667 2123 834 2167 operibus
863 2126 1052 2169 praesentis
1069 2126 1191 2161 mundi
1216 2135 1340 2161 carea-

295 2193 387 2225 mus,
409 2187 516 2227 atque
536 2183 580 2217 ab
608 2182 659 2217 eis
679 2182 925 2227 quiescamus;
962 2183 1030 2218 hoc
1059 2184 1155 2218 enim
1177 2184 1344 2228 intelligi-

295 2243 366 2279 bile
385 2248 421 2278 et
439 2252 563 2278 verum
592 2243 778 2278 sabbatum
809 2249 885 2285 est,
919 2244 1014 2289 quod
1049 2253 1120 2279 non
1142 2243 1261 2288 populi
1290 2248 1344 2279 est

295 2302 444 2348 ingrati,
470 2303 531 2338 sed
565 2303 677 2348 ipsius
700 2302 776 2345 Dei,
794 2303 1094 2348 quemadmodum
1127 2304 1162 2337 iu
1181 2303 1271 2338 lsaia
1290 2304 1345 2338 di-

296 2363 422 2397 cebat:
448 2362 578 2398 Beatus
595 2364 645 2398 vir
664 2364 723 2409 qui
746 2363 826 2407 [ecit
844 2364 907 2398 hoc
923 2374 933 2398 :
950 2369 981 2398 et
1001 2363 1098 2408 filius
1118 2364 1266 2398 leontinis
1286 2364 1346 2409 qui

295 2422 517 2467 apprehendit
551 2423 669 2466 istud,
705 2423 900 2458 custodiens
943 2423 1125 2458 sabbatum
1148 2435 1189 2458 ne
1213 2423 1346 2469 polluat

295 2482 382 2517 illud
396 2482 483 2529 (Isa.
496 2483 583 2528 tvi).
597 2482 635 2518 Si
655 2494 725 2518 non
743 2483 964 2529 distinguere
984 2484 1028 2518 ab
1049 2483 1119 2518 illis
1135 2483 1347 2526 volebat,de

302 2543 429 2589 quibus
466 2543 502 2578 in
540 2543 640 2579 initio
672 2543 869 2590 prophetiae
889 2544 1031 2579 dicebat
1055 2555 1062 2577 :
1087 2543 1296 2578 Neomenias
1317 2548 1347 2577 et

296 2605 477 2639 sabbatum
491 2611 521 2640 et
540 2605 740 2651 festivitates
759 2605 848 2640 altas
868 2616 937 2640 non
951 2606 1060 2650 feram
1079 2604 1168 2650 (Isa.
1188 2604 1228 2650 1).
1248 2604 1349 2647 Quod

299 2671 420 2699 autem
437 2664 500 2699 Dei
530 2670 586 2700 est
611 2666 819 2707 sabbatum,
855 2671 916 2700 aut
948 2665 1128 2710 quomodo
1164 2663 1251 2699 illud
1278 2674 1350 2699 non

298 2725 489 2771 profanare
528 2725 609 2769 quis
639 2731 781 2770 potest,
816 2726 992 2761 subinfert
1016 2738 1024 2760 ι
1048 2725 1222 2768 Quiescite
1250 2735 1350 2771 aqere

299 2794 466 2829 perverse,
483 2788 552 2818 etc.
570 2783 663 2828 Ergo
684 2794 703 2817 a
723 2784 828 2819 malis
849 2785 1028 2820 abstinere
1058 2785 1198 2821 sabbati
1217 2790 1271 2820 est
1286 2785 1351 2819 im-

300 2842 427 2887 pleti0;
450 2842 512 2878 sed
530 2847 566 2878 et
579 2843 822 2877 sanctuarium
850 2848 918 2885 est,
935 2853 1142 2888 paveamus,
1161 2844 1352 2879 sanctimo-

1405 319 1438 349 et
1455 315 1637 351 comedetis
1656 326 1780 363 panem
1798 322 1947 352 vestrum
1963 316 2002 351 in
2027 313 2212 350 saturitate
2227 339 2238 356 ‚
2275 319 2307 350 et
2326 315 2452 363 absque

1404 385 1528 420 pavore
1547 375 1744 411 habitabitis
1758 377 1795 411 in
1815 381 1908 411 terra
1939 381 2072 418 vestra;
2108 374 2198 409 dabo
2215 385 2334 420 pacem
2357 375 2395 411 in
2409 375 2453 420 li-

1405 434 1505 470 nibus
1525 436 1657 478 vestris,
1678 430 1856 471 dormietis
1872 442 1905 471 et
1925 446 1991 471 non
2009 435 2075 470 erit
2095 434 2154 482 qui
2167 441 2359 478 exter-ream
2389 446 2454 470 au-

1405 493 1517 538 feram
1531 494 1644 530 malas
1669 494 1804 538 bestias,
1823 501 1855 530 et
1873 495 2011 540 qladius
2027 506 2095 530 non
2113 494 2274 530 transibit
2289 496 2453 531 terminos

1404 560 1548 588 vestros.
1574 552 1825 599 Persequimini
1860 555 2018 589 inimicos
2037 560 2164 589 vestros
2185 580 2195 596 ,
2231 561 2263 589 et
2294 561 2454 590 corruent

1405 622 1522 646 coram
1541 612 1648 655 vobis,
1665 618 1912 659 persequentur
1933 613 2082 659 quinque
2113 613 2155 647 de
2175 613 2295 648 vestris
2317 620 2454 649 centum

1405 670 1556 712 alienos,·
1573 676 1604 705 et
1624 677 1760 706 centum
1777 682 1818 706 ea:
1835 671 1930 707 vobis
1948 671 2064 707 decem
2079 671 2190 708 millia
2202 699 2212 716 ,
2244 673 2367 708 cadent
2385 673 2436 708 ini

1406 731 1486 766 mici
1505 732 1607 766 vestri
1622 731 1658 766 in
1680 738 1861 778 conspectu
1881 739 1992 768 vestro
2013 733 2158 779 qladio;
2190 735 2371 780 respiciam
2395 745 2452 769 vos

1405 796 1437 825 et
1460 802 1609 826 crescere
1641 792 1790 837 faciam‚·
1816 793 2131 839 multiplicabimini
2156 801 2187 830 et
2212 795 2358 840 firmabo
2391 807 2453 842 pa-

1406 856 1498 886 ctum
1532 863 1645 887 meum
1668 853 1853 889 vobiscum.
1890 853 2082 890 Comedetis
2110 857 2339 893 vetustissima
2363 866 2454 895 vete-

1406 924 1483 948 rum
1498 940 1507 957 ,
1531 920 1564 949 et
1580 921 1692 950 vetera
1713 917 1807 952 novis
1828 918 2144 963 supervenientibus
2161 919 2365 965 projicietis.
2382 916 2454 958 P‘o-

1406 984 1487 1008 nam
1512 974 1773 1011 tabernaculum
1791 988 1903 1012 meum
1932 978 1967 1012 in
1993 978 2103 1013 medio
2119 980 2233 1023 vestri,
2252 986 2282 1015 et
2306 992 2374 1016 non
2393 981 2455 1016 ab·

1401 1033 1497 1079 jiciet
1515 1045 1571 1069 vos
1592 1036 1709 1070 anima
1728 1047 1820 1079 mea,
1839 1037 2022 1072 ambulabo
2037 1038 2127 1074 inter
2140 1051 2209 1082 vos,
2221 1046 2252 1074 et
2272 1051 2330 1075 ero
2346 1047 2455 1076 vester

1406 1094 1513 1138 Deus,
1529 1096 1652 1141 vosque
1665 1096 1761 1131 erilis
1781 1097 1928 1142 populus
1947 1108 2056 1132 meus.
2088 1098 2163 1144 qu
2179 1099 2346 1135 Dominus
2361 1101 2461 1136 Deus⁴

1407 1162 1526 1199 vester,
1547 1156 1605 1202 qui
1620 1157 1724 1191 eduxi
1743 1168 1800 1192 vos
1818 1157 1859 1192 de
1874 1163 1967 1193 terra
1978 1157 2227 1205 AEqyptiorum
2247 1171 2288 1195 ne
2310 1163 2455 1197 servire-

1406 1217 1449 1250 tis
1468 1217 1529 1256 eis,
1549 1223 1581 1251 et
1604 1218 1663 1263 qui
1686 1217 1840 1263 confreqi
1859 1225 1997 1253 catenas
2018 1220 2184 1254 cervicum
2205 1227 2397 1256 vestrarum
2417 1228 2456 1257 ut

1406 1278 1608 1313 incederetis
1634 1280 1749 1314 crecti.
1783 1280 1873 1323 Quia
1895 1288 2015 1317 autem
2034 1292 2054 1317 a
2091 1282 2222 1319 Judaeis
2253 1285 2457 1321 invenimus

1406 1339 1611 1374 omnimodo
1643 1339 1719 1374 haec
1750 1340 1945 1375 secundum
1978 1341 2133 1377 littera-m
2168 1343 2327 1389 impleta.
2356 1344 2457 1379 Multi

1407 1397 1501 1431 enim
1521 1398 1585 1433 Dei
1606 1400 1789 1444 prophetae
1807 1402 2046 1437 custodientes
2073 1401 2148 1446 eJus
2168 1404 2347 1445 mandata,
2367 1409 2402 1439 et
2420 1404 2458 1438 in

1407 1459 1595 1503 praeceptis
1624 1460 1700 1504 ejus
1721 1461 1945 1496 ambulantes
1964 1487 1974 1505 ,
2000 1462 2036 1496 in
2056 1463 2166 1497 multa
2192 1463 2336 1498 fuerunt
2367 1463 2457 1499 affli-

1407 1519 1526 1553 ctione
1538 1520 1735 1562 constituti,
1755 1530 1821 1556 nec
1836 1531 1963 1566 panem
1983 1531 2086 1557 suum
2104 1532 2186 1557 cum
2204 1523 2383 1565 satietate,
2398 1524 2460 1559 sed

1409 1587 1487 1612 cum
1507 1583 1666 1624 egestate
1696 1580 1929 1614 comederunt
1946 1591 1954 1614 ε
1975 1581 2277 1625 quemadmodum
2293 1581 2461 1617 Ezechiel

1409 1637 1466 1672 eui
1492 1637 1537 1672 ab
1557 1637 1633 1682 ipso
1653 1638 1719 1673 hoc
1739 1637 1811 1673 Deo
1834 1645 2052 1685 praeceptum
2073 1646 2141 1675 est.
2161 1640 2233 1675 Sed
2264 1645 2300 1675 et
2329 1639 2462 1676 Paulus

1408 1710 1470 1736 eos
1503 1701 1564 1745 qu'i
1583 1701 1618 1736 in
1639 1701 1717 1747 lege
1742 1706 1777 1737 et
1798 1702 1982 1747 prophetis
2021 1702 2211 1748 justificati
2233 1707 2330 1745 suut,
2349 1712 2460 1747 expo-

1409 1771 1497 1796 nens
1512 1761 1675 1796 dicebat:
1697 1760 1950 1797 Circumierunt
1976 1763 2011 1797 in
2035 1762 2184 1805 melotis,
2202 1769 2232 1798 et
2252 1763 2289 1798 in
2316 1762 2462 1810 pellibus

1409 1823 1574 1868 caprinis,
1598 1822 1795 1865 humiliati,
1827 1823 1956 1869 afflicti,
1987 1823 2109 1869 quibus
2139 1823 2263 1869 dianus
2289 1834 2358 1858 non
2388 1827 2461 1858 erat

1409 1882 1559 1917 mundus
1571 1881 1681 1929 (Hebr
1695 1882 1775 1929 .x1).
1791 1882 1878 1918 Illud
1899 1889 2016 1918 autem
2029 1884 2338 1928 magisintendere
2353 1883 2389 1918 in
2407 1883 2464 1918 his

1410 1952 1489 1988 quae
1505 1943 1599 1978 dicta
1618 1948 1701 1978 sunt
1718 1947 1874 1988 oportet,
1890 1942 1973 1987 quia
1984 1942 2267 1978 custodientibus
2283 1942 2346 1977 Dei
2365 1951 2464 1977 man-

1411 2003 1493 2037 data
1518 2003 1663 2048 triginta
1684 2002 1952 2038 benedictiones
1983 2003 2021 2038 in
2043 2002 2214 2048 praesenti
2242 2002 2298 2037 lex
2329 2001 2461 2046 posuit.

1412 2063 1471 2099 Sic
1492 2064 1587 2098 enim
1606 2072 1667 2099 eas
1685 2073 1836 2099 numero
1854 2063 2015 2098 invenies
2039 2072 2330 2107 unamquamque
2354 2063 2444 2097 bene

1411 2125 1603 2161 dictionem
1626 2125 1670 2160 ab
1701 2125 1771 2160 alia
1803 2135 1868 2170 per
1896 2123 2182 2168 conjunctionem
2215 2124 2251 2158 in
2270 2123 2365 2158 LXX
2393 2122 2468 2157 edi-

1410 2184 1508 2219 tione
1523 2185 1730 2220 discernens
1747 2196 1755 2228 ;
1782 2186 1866 2230 quia
1887 2191 1938 2221 tot
1970 2195 2146 2220 annorum
2166 2183 2325 2219 existens
2346 2182 2467 2219 Domi-

1412 2255 1491 2287 nus,
1514 2245 1558 2280 de
1586 2256 1656 2290 quo
1675 2246 1727 2281 ait
1743 2247 1876 2283 Paulus
1896 2258 1905 2282 ε
1927 2245 1970 2281 Ut
1994 2257 2219 2282 occurramus
2235 2256 2352 2280 omnes
2369 2244 2406 2279 in
2422 2243 2471 2278 vi-

1413 2315 1489 2338 rum
1536 2305 1725 2350 perfectum
1765 2307 1801 2341 in
1849 2318 2048 2342 mensuram
2093 2306 2205 2341 oetatis
2242 2303 2469 2351 plenitudinis

1414 2363 1542 2398 Christi
1562 2364 1705 2410 (Epltes.
1736 2366 1799 2411 tv).
1828 2367 1935 2401 Venit
1965 2367 2010 2402 ad
2041 2366 2275 2411 baptismum,
2292 2369 2470 2410 quatenus

1414 2422 1616 2458 donationis
1645 2423 1903 2467 perfectionem
1940 2434 2004 2468 per
2031 2430 2174 2459 aetatem
2219 2434 2326 2468 quam
2362 2432 2471 2468 agens

1414 2482 1617 2527 baptizatus
1641 2488 1708 2525 est,
1724 2482 1907 2517 nuntiaret
1926 2487 1961 2517 et
1975 2483 2192 2522 ostenderet,
2215 2487 2252 2517 et
2279 2482 2332 2517 sic
2350 2481 2470 2527 perfe-

1416 2549 1496 2578 ctus
1513 2544 1710 2578 secundum
1730 2550 1871 2589 tempus
1895 2543 2024 2586 sactus,
2036 2544 2233 2588 praedicare
2247 2543 2472 2588 evangelium

1417 2607 1526 2652 coepit
1542 2606 1579 2640 in
1597 2616 1668 2651 quo
1686 2606 1802 2641 omnis
1821 2611 1877 2640 est
1893 2606 1974 2640 vitae
1991 2610 2026 2640 et
2044 2605 2247 2641 donationis
2273 2605 2470 2651 plenitudo,

1416 2671 1452 2700 et
1469 2665 1753 2702 conversationIS
1771 2665 2091 2710 retributionisque
2106 2675 2186 2711 quae
2210 2665 2269 2701 hic
2289 2665 2471 2711 significa-

1416 2726 1481 2761 vit.
1501 2725 1562 2760 Ait
1578 2726 1673 2761 enim
1692 2738 1700 2760 ε
1723 2725 1768 2759 Ει
1784 2724 1873 2759 dabo
1901 2724 1995 2759 vobis
2026 2724 2176 2760 pluviam
2198 2725 2234 2759 in
2262 2725 2471 2770 temporibus

1418 2786 1503 2821 suis.
1520 2786 1614 2821 Dicit
1631 2791 1750 2820 autem
1769 2786 1918 2820 verbum
1938 2785 2014 2826 Dei,
2034 2791 2073 2820 ut
2088 2789 2172 2830 pote
2195 2783 2472 2819 descendentem

1421 2848 1463 2882 de
1479 2846 1570 2882 coelo
1591 2846 1737 2891 gratiae,
1769 2846 1812 2881 de
1847 2856 1917 2890 quo
1945 2845 2084 2891 Moyses
2118 2845 2169 2880 sic
2188 2844 2278 2879 dixit
2300 2856 2307 2878 :
2329 2844 2474 2879 Attende

301 2903 397 2937 niam
417 2903 614 2944 studentes,
628 2901 663 2936 id
677 2907 732 2937 est
753 2903 955 2938 castitatem
971 2909 1008 2938 et
1023 2903 1255 2948 pudicitiam3
1275 2904 1352 2939 haec
1371 2927 1407 2965 D
1425 2905 1546 2940 coelum
1565 2911 1595 2939 et
1615 2904 1749 2950 loquar,
1766 2911 1797 2939 et
1815 2905 1939 2940 audias
1954 2911 2048 2940 terra
2061 2903 2163 2939 verba
2179 2914 2221 2938 ex
2238 2914 2296 2938 ore
2310 2913 2400 2945 meo,
2418 2913 2477 2937 ea:-

301 2967 355 2996 est
375 2972 528 3007 namque
548 2963 631 2997 vitae
645 2962 813 3008 perfectae
828 2969 864 2999 et
877 2970 1133 3000 consummatae
1154 2965 1349 3010 capitulum

302 3020 378 3056 sive
401 3031 563 3056 summa:
585 3026 729 3067 propter
757 3022 851 3067 quod
886 3022 994 3057 etiam
1030 3023 1098 3059 hoc
1118 3024 1354 3059 novissimum

302 3081 435 3126 posuit,
451 3086 536 3116 tunc
554 3081 640 3116 dicit
668 3081 712 3116 ad
738 3091 803 3117 nos
833 3081 928 3117 Deus
947 3094 956 3117 :
977 3082 1051 3127 Eyo
1067 3082 1236 3117 Dominus
1259 3083 1354 3118 Deus

304 3146 427 3184 vester,
443 3141 503 3186 qui
517 3151 597 3176 sum
612 3141 756 3186 quidem
772 3147 932 3184 sanctus,
953 3143 1015 3178 sed
1031 3143 1119 3178 etin
1135 3144 1270 3179 sanctis
1298 3153 1355 3179 re-

305 3204 463 3250 quiesco,
482 3205 692 3240 interimens
711 3210 748 3240 et
767 3205 978 3251 disperdens
997 3215 1122 3242 omnes
1153 3207 1213 3251 qui
1233 3206 1353 3241 taber-

306 3265 476 3300 naculum
494 3275 615 3301 meum
642 3266 837 3311 polluerint
850 3271 887 3302 et
911 3267 1083 3314 templum
1100 3277 1220 3304 meum
1237 3268 1355 3315 pollu-

309 3325 462 3363 tionibus
477 3327 700 3373 voluptatum
719 3327 944 3364 violaverint.

713 3402 863 3440 CAPUT
888 3403 962 3439 ΧΠ.

311 3457 557 3496 Praedicuntur
588 3470 678 3498 oona
708 3462 980 3499 custodientibus
1004 3470 1176 3511 proecepta
1195 3463 1358 3509 Domini,

641 3515 673 3544 et
691 3509 786 3545 mala
801 3509 1023 3546 violantibus.

359 3565 476 3614 (lam.)
498 3566 539 3603 Si
553 3568 592 3604 in
605 3570 784 3616 praeceptis
803 3570 888 3606 meis
913 3570 1188 3615 ambulaveritis,
1214 3575 1247 3606 et
1262 3581 1363 3607 man-

313 3623 398 3660 data
412 3637 488 3662 mea
501 3628 735 3664 custodieritis
756 3635 788 3665 et
822 3630 973 3676 feceritis
1003 3641 1059 3675 ea,
1074 3630 1164 3666 dabo
1181 3630 1275 3666 vobis
1288 3628 1367 3678 ptu-

316 3684 406 3720 viam
418 3687 456 3722 in
477 3689 685 3736 temporibus
705 3690 832 3735 suis,et
839 3695 932 3727 terra
947 3691 1062 3738 qiqnet
1077 3691 1231 3738 fructum
1249 3701 1366 3736 suum,

315 3745 468 3788 “pomis
482 3747 623 3787 arbores
642 3749 878 3797 replebuntur.
886 3748 936 3788 Et
952 3751 1186 3799 apprehendet
1201 3753 1368 3792 messium

1062 3853 1283 3887 w-·,„¹;„·¹.s;rr2:2
1306 3843 1376 3878 iss*

1424 2970 1594 3011 spectetur
1608 2965 1696 2999 sicut
1728 2963 1845 3010 pluvia
1862 2963 2036 3010 eloquium
2057 2974 2170 2998 meum
2193 2962 2312 3008 (Deut.
2342 2961 2473 3008 xxxu).

1423 3025 1499 3061 Hoc
1526 3036 1595 3060 non
1627 3024 1874 3070 qualecunque
1897 3025 2030 3060 bonum
2057 3027 2111 3059 est
2141 3023 2178 3058 in
2214 3028 2372 3068 tempore
2412 3031 2477 3057 suo

1422 3084 1630 3129 percipere,
1651 3084 1713 3120 sed
1739 3083 1929 3119 manifesta
1949 3088 2005 3118 est
2019 3083 2082 3118 Dei
2101 3081 2271 3118 bonitatis
2303 3080 2477 3122 ostensio,
2535 3114 2540 3116 ,

1424 3147 1724 3192 quemadmodum
1743 3157 1812 3182 non
1837 3146 2000 3191 accipere
2025 3144 2264 3181 aversationis
2287 3148 2363 3186 est;
2392 3152 2478 3188 pro-

1423 3212 1504 3251 pter
1516 3206 1609 3251 quod
1619 3206 1714 3241 Deus
1731 3206 1893 3240 irascens
1907 3204 2037 3250 populo
2046 3203 2064 3239 J
2069 3205 2266 3246 udaeorum,
2276 3213 2340 3248 per
2350 3202 2479 3238 lsaiam

1421 3265 1635 3310 prophetam
1648 3264 1806 3299 minatus
1816 3269 1884 3305 est,
1900 3263 2024 3298 dicens
2044 3275 2052 3297 ε
2074 3263 2118 3297 Et
2135 3263 2330 3309 relinquam
2344 3262 2480 3297 vineam
2530 3261 2540 3289 ἶ

1423 3334 1550 3366 meam,
1569 3329 1684 3358 elnon
1703 3323 1898 3368 putabitur,
1917 3333 1977 3357 nec
2010 3322 2174 3366 fodietur,
2191 3328 2224 3356 et
2237 3321 2423 3357 ascendent
2443 3321 2481 3355 in

1425 3395 1501 3419 eam
1517 3384 1606 3419 sicut
1625 3383 1662 3418 in
1683 3393 1766 3428 (ιρι-ο
1791 3382 1922 3417 inculto
1941 3382 2066 3428 spinoe,
2095 3387 2128 3416 et
2153 3382 2301 3416 nubibus
2328 3381 2480 3416 manda-

1427 3443 1468 3479 bo
1488 3454 1531 3479 ne
1543 3442 1664 3490 pluant
1682 3452 1785 3489 super
1801 3452 1878 3477 eam
1905 3440 2059 3488 pluviam
2076 3440 2167 3489 (Isu.
2189 3441 2239 3489 v).
2257 3441 2351 3485 Quid
2383 3441 2480 3477 enim

1428 3504 1533 3541 nobis
1559 3514 1605 3540 ex
1635 3500 1839 3549 accipienda
1867 3501 1984 3546 pluvia
2003 3501 2040 3537 in
2057 3507 2217 3548 tempore
2243 3501 2385 3548 proficit
2400 3527 2411 3544 ,
2445 3503 2483 3536 et
2511 3532 2515 3547 ,

1430 3570 1531 3603 terra
1561 3564 1674 3612 gignit
1688 3563 1843 3600 fructum
1869 3572 1994 3606 suum,
2016 3562 2052 3598 id
2073 3567 2127 3599 est
2148 3572 2277 3609 corpus
2302 3565 2480 3604 nostrum,
2495 3565 2513 3592 ὅ

1432 3629 1539 3676 hujus
1557 3629 1653 3665 enim
1667 3626 1752 3664 boni
1769 3625 1909 3662 fructus
1934 3630 2018 3662 sunt
2034 3625 2198 3668 castitas,
2213 3623 2400 3665 sobrietas,
2420 3620 2483 3658 ab·

1434 3681 1618 3729 stinenua'.
1630 3687 1678 3724 Et
1685 3687 1796 3734 pomis
1810 3685 1949 3723 arbores
1964 3685 2205 3732 replebuntur,·
2219 3678 2308 3727 sive,
2321 3677 2487 3738 utLXX,I
2518 3715 2519 3718 ,

1436 3752 1532 3800 liqna
1546 3749 1659 3797 campi
1671 3748 1804 3789 dabunt
1823 3744 1977 3796 [rachim
1989 3757 2104 3794 suum,
2118 3746 2350 3802 ligna-autem
2363 3751 2406 3781 ca
2451 3800 2453 3802 Ι
2480 3753 2481 3757 ’
