2540 4016
288 211 355 249 287

288 282 512 334 corporaliter
529 276 659 327 (Golas.
683 273 738 321 n).
767 271 813 306 Se
1104 320 1112 327 .

287 346 416 393 inquit,
451 340 603 380 Filium,
639 346 698 372 nec
722 331 864 368 Patrem
896 323 1019 365 habet;
1053 331 1113 367 (114ι
1143 317 1328 385 ssfmfifelw'

284 407 309 444 J
311 416 407 443 esum
419 409 451 439 et
463 402 601 438 Patrem
613 395 712 432 habet
730 391 767 438 (1
779 389 883 424 Joan.
900 383 957 430 11)·
979 381 1074 427 Ergo
1089 379 1173 425 ePhl
1184 377 1330 424 (luldem

285 470 344 506 hic
364 467 568 503 incarnatus
597 459 691 493 Deus
714 451 878 490 Verbum,
905 449 947 480 ¹¹¹2
970 447 1054 489 Ρθῑθ
1073 440 1210 477 habens
1231 438 1268 474 5¹¹
1291 446 1331 473 50

285 526 470 566 Trinitatis
485 517 754 569 plenitudinem.
770 509 915 546 Decima
931 510 1051 540 autem
1064 503 1142 549 ejus
1158 505 1214 537 est
1228 508 1328 568 caro,

283 590 437 636 primum
454 581 595 629 quidem
613 583 653 613 ut
671 573 921 611 ostenderetur
940 566 1142 604 sublimitas
1163 562 1331 599 divinita-

283 650 329 685 tis
345 648 420 693 ejus
439 647 610 689 quantum
640 637 684 672 ad
702 632 978 671 humanitatem.
1002 629 1154 672 Propter
1172 623 1268 670 quod
1293 626 1331 656 et

280 717 363 755 pars
382 704 523 741 dicitur.
543 699 678 736 Deinde
696 706 762 742 pro
779 703 822 730 eo
843 691 938 739 quod
954 691 1094 735 integro
1112 686 1258 723 homine
1273 683 1330 718 in-

282 772 448 806 carnatus
473 769 526 801 est
552 764 645 798 Deus
670 757 827 795 Verbum
853 758 889 789 et
917 752 979 798 qui
1007 751 1121 796 legem
1148 746 1326 792 impleret.

283 831 479 873 Utrumque
495 824 588 861 enim
608 821 742 858 decima
762 815 954 863 significat,
983 811 1066 857 quia
1085 814 1121 845 et
1147 806 1329 854 perfectus

281 898 335 927 cst
353 889 517 926 denarius
543 893 724 921 numerus.
759 880 891 915 Decem
912 880 1031 911 autem
1051 871 1221 907 mandata
1242 867 1331 914 legis

282 957 376 994 sunt,
398 950 489 986 unde
523 953 558 984 et
578 946 725 982 decimae
754 941 927 978 decimam
958 935 1176 982 praecipuam
1209 939 1333 967 sacer-

281 1011 365 1055 doti,
392 1010 534 1046 Christo
552 1006 731 1046 videlicet,
750 1003 808 1038 lex
827 998 1026 1046 deputavit,
1043 1002 1081 1031 ut
1100 1001 1183 1042 pole
1202 1000 1330 1027 massre

281 1078 410 1109 nostrae
428 1070 604 1117 primitias
620 1067 780 1103 habenti.
809 1064 1018 1108 Quicunque
1044 1070 1130 1105 ergo
1152 1057 1332 1104 poeniten-

282 1135 368 1169 tiam
382 1142 477 1178 saepe
490 1129 727 1176 prcevaricans
747 1125 904 1166 violavit,
919 1131 1116 1167 rursusque
1131 1120 1208 1154 vult
1226 1127 1331 1163 agere

282 1193 532 1240 paenitentiam
548 1217 557 1234 ,
579 1190 614 1224 in
643 1198 704 1234 spe
733 1186 865 1222 Christi
886 1189 990 1230 agat,
1011 1182 1069 1228 qui
1093 1180 1284 1226 inquisitus
1306 1190 1326 1214 a

284 1255 391 1291 Petro
405 1266 411 1288 :
427 1252 465 1289 St.
483 1251 670 1298 peccaverit
686 1250 722 1283 in
735 1260 788 1283 me
800 1247 908 1292 frater
923 1256 1031 1286 meus,
1048 1243 1179 1289 quoties
1192 1241 1327 1275 dimitto

284 1316 329 1357 ei,
340 1325 444 1358 usque
462 1312 607 1359 septies?
621 1310 730 1344 dixit:
747 1307 828 1343 Non
842 1308 918 1342 dico
933 1306 993 1340 tibi
1006 1315 1111 1350 usque
1122 1303 1257 1349 septies,
1270 1300 1329 1336 sed

283 1374 587 1423 usqueseptuaqies
596 1372 730 1417 septies.
743 1370 808 1405 Hic
820 1379 905 1414 ergo
915 1377 1032 1403 sermo
1042 1376 1140 1411 spem
1151 1363 1329 1410 poeniten-

285 1440 340 1474 tice
359 1439 411 1474 eis
429 1437 556 1482 quibus
572 1433 799 1480 impossibilis
817 1432 971 1474 videtur,
998 1429 1145 1475 praebet.
1178 1427 1331 1472 Propter

283 1498 373 1544 quod
393 1498 555 1532 hauriens
573 1496 614 1530 de
628 1494 798 1529 oblatione
815 1492 933 1539 implet
955 1490 1139 1538 puyillum,
1161 1490 1198 1525 in
1216 1490 1331 1525 moni-

282 1566 433 1595 mentum
447 1558 589 1604 ejusqui
604 1555 739 1599 obtulit,
752 1562 782 1591 et
802 1561 931 1590 cremat
951 1565 1054 1599 super
1073 1552 1197 1594 attare,
1215 1551 1328 1595 idest,

283 1629 418 1654 memor
434 1619 488 1654 sui
504 1618 605 1653 verbi
623 1617 717 1662 quod
732 1626 798 1662 pro
817 1616 872 1651 his
887 1615 1066 1650 salvandis
1084 1614 1143 1659 qui
1160 1614 1203 1648 ad
1221 1623 1258 1648 se
1272 1622 1332 1648 ve-

285 1679 430 1714 niebant
446 1677 615 1723 apostolis
634 1677 722 1712 dixit
740 1688 748 1710 :
771 1674 805 1710 N
809 1687 851 1710 on
868 1676 1026 1722 peribunt
1046 1676 1083 1710 in
1102 1680 1283 1717 (eternum,
1300 1679 1331 1708 et

286 1750 384 1774 nemo
406 1750 462 1774 eas
495 1738 602 1784 rapiet
629 1738 670 1773 tle
704 1749 810 1773 manu
836 1748 912 1772 mea
944 1736 1063 1784 (Joan.
1091 1747 1166 1780 xix,
1198 1735 1253 1783 x),
1271 1745 1334 1772 ve-

286 1801 442 1837 nientem
460 1800 503 1835 ad
520 1811 557 1836 se
573 1799 685 1836 salvat
706 1808 786 1834 curn
802 1799 862 1844 qni
883 1809 975 1845 saepc
996 1798 1145 1844 deliquit
1164 1799 1199 1833 in
1215 1797 1333 1844 poeni-

286 1862 444 1897 tentiam.
469 1860 573 1905 Quid,
596 1872 657 1907 pro
677 1872 715 1896 eo
734 1862 880 1907 offerens
899 1860 1069 1907 pugillum
1087 1861 1124 1894 in
1143 1860 1334 1895 monimen-

285 1922 380 1957 tum?
403 1921 438 1957 id
462 1927 537 1965 est,
553 1923 701 1958 verbum
728 1922 926 1958 secundum
958 1921 1053 1965 quod
1079 1920 1246 1965 promisit
1272 1930 1334 1955 eos

288 1984 347 2029 qui
377 1983 487 2020 semel
507 1984 573 2019 sub
598 1993 705 2018 manu
727 1982 804 2027 ejus
836 1982 921 2017 sacti
952 1981 1084 2016 suerint
1108 1991 1179 2015 non
1201 1980 1332 2025 perire.

288 2045 361 2080 Hoc
389 2054 473 2091 ergo
497 2044 754 2079 monimentum
788 2042 912 2078 offeret
939 2051 1045 2086 super
1072 2040 1185 2076 altare
1205 2050 1336 2086 corpus
1354 2062 1388 2105 C

289 2115 414 2146 snum,
435 2104 531 2149 quod
553 2113 659 2139 omne
687 2108 872 2149 peccatum
899 2101 1076 2147 suscepit,
1107 2101 1215 2136 etiam
1250 2101 1337 2136 illud

290 2168 385 2213 quod
415 2166 602 2202 videbatur
629 2164 848 2210 impossibile
879 2173 985 2209 posse
1016 2163 1170 2205 salvari;
1191 2166 1339 2207 propter

291 2227 384 2273 quod
399 2226 547 2269 addidit,
569 2226 651 2272 quia
665 2235 727 2272 pro
746 2229 885 2270 peccato
904 2229 967 2266 est,
985 2223 1176 2258 ostendens
1193 2221 1275 2267 quia
1293 2221 1339 2257 ad

292 2285 472 2322 Christum
491 2285 605 2321 solum
623 2284 781 2330 pertinet
798 2283 958 2319 omnium
975 2287 1124 2328 peccata
1141 2281 1337 2326 suscipere.

292 2349 385 2394 Ergo
404 2348 428 2383 ii
446 2348 506 2393 qui
525 2347 772 2393 poenitentiam
794 2356 886 2392 saepe
905 2345 1089 2392 peccando
1112 2343 1341 2391 praevaricati

293 2416 388 2452 sunt,
414 2415 597 2455 postremo
629 2414 747 2445 autem
769 2408 1033 2454 poenituerunt,
1061 2417 1105 2443 ex
1127 2416 1169 2442 eo
1195 2406 1341 2451 quidem

292 2471 385 2517 quod
403 2469 611 2515 frequenter
627 2468 853 2514 praevaricati
872 2474 975 2511 sunt,
1002 2478 1100 2514 spem
1119 2467 1341 2513 poenitentiae

295 2542 364 2568 non
382 2531 530 2575 habent,
546 2530 710 2566 Christus
728 2535 847 2565 tamen
870 2529 979 2564 etiam
1003 2529 1054 2564 sic
1074 2538 1193 2571 orare,
1214 2528 1250 2564 id
1273 2532 1340 2571 est,

295 2591 472 2637 suscipere
497 2591 758 2637 poenitentiam,
788 2595 934 2636 propter
962 2600 1065 2626 sunm
1096 2590 1232 2636 patitur
1261 2598 1343 2624 ver-

294 2651 377 2686 bum
398 2678 406 2694 ‚
437 2651 644 2686 misericors
672 2655 727 2686 est
754 2651 848 2685 enim
883 2655 919 2686 et
951 2650 1065 2686 fidelis
1096 2649 1266 2686 sacerdos
1299 2648 1344 2685 ed

296 2711 408 2746 Deum
427 2711 487 2755 qui
513 2715 637 2745 exoret
653 2720 718 2754 pro
734 2711 890 2756 peccatis
907 2710 1026 2756 populi
1041 2737 1050 2753 ,
1072 2711 1134 2746 sed
1155 2711 1265 2746 etiam
1282 2709 1344 2756 qui

298 2771 380 2806 finis
412 2771 458 2806 sit
491 2771 596 2817 hujus
630 2771 823 2806 sanctionis
857 2781 1114 2816 cognoscamus
1134 2799 1143 2815 ‚
1181 2771 1345 2817 sequitur

299 2833 394 2867 enim
413 2843 422 2867 z
446 2831 625 2878 Reliquam
644 2841 721 2866 vero
736 2836 869 2876 purtem
892 2830 963 2876 ipse
981 2830 1116 2865 habebit
1135 2831 1172 2865 in
1188 2842 1344 2874 munere,

300 2892 392 2936 quod
408 2891 502 2926 Lxx
516 2891 702 2927 ediderunt
717 2902 725 2924 :
744 2889 844 2932 Quod
859 2895 974 2924 autem
989 2889 1158 2935 reliquum
1170 2890 1288 2935 suerit,
1302 2890 1347 2926 sit

1349 1155 1381 1194 B

301 2949 488 2985 sacerdotis
506 2975 514 2990 ‚
543 2948 843 2994 quemadmodum
881 2947 1097 2984 sacrificium
1128 2947 1265 2983 similae.
1302 2947 1399 3001 EtD

301 3010 385 3055 quia
401 3008 628 3054 theologiam,
648 3017 768 3053 supra,
791 3007 943 3043 similam
958 3006 1160 3053 significare
1175 3007 1346 3051 diximus,

301 3070 378 3106 haec
408 3074 529 3105 autem
556 3069 688 3105 oblatio
718 3078 790 3105 non
809 3072 949 3103 tantum
969 3067 1154 3113 theologiae
1173 3074 1349 3113 quantum

301 3131 521 3177 poenitentiae
552 3136 622 3174 est,
658 3131 753 3167 unde
783 3128 914 3166 ibidem
950 3129 1044 3174 quod
1074 3128 1252 3175 reliquum
1282 3128 1351 3164 suit

302 3194 421 3228 Aaron
437 3198 474 3228 et
491 3191 576 3227 filiis
591 3190 668 3236 ejus
686 3189 882 3237 deputavit,
901 3198 990 3235 quos
1008 3188 1100 3225 filios
1118 3188 1350 3234 intelligimus

303 3263 364 3290 eos
383 3262 462 3288 essc
484 3252 545 3298 qui
565 3251 732 3288 sublimia
754 3254 790 3286 et
817 3249 937 3286 diviua
957 3248 1154 3295 intelligere
1179 3253 1348 3294 possunt,

304 3313 372 3361 ipsi
390 3313 520 3360 quippe
549 3317 746 3358 pascuntur
771 3310 815 3347 de
849 3309 1008 3346 scientiae
1037 3307 1219 3354 reliquiis,
1250 3307 1352 3353 cuius

306 3380 420 3411 totum
437 3382 543 3423 atque
561 3385 740 3412 summam
756 3375 792 3411 in
813 3375 916 3412 coelis
929 3373 1096 3411 Christus
1112 3373 1236 3409 habet.
1259 3372 1354 3409 Con-

309 3435 534 3472 siderandum
551 3437 672 3482 itaque
693 3440 749 3472 est
766 3434 863 3482 quod
885 3434 922 3470 'm
946 3433 1017 3470 duo
1035 3442 1197 3479 praesens
1213 3430 1354 3468 sacriti-

309 3495 406 3533 cium
431 3495 613 3540 dividitur,
638 3496 677 3545 id
701 3501 770 3540 est,
787 3496 825 3532 in
852 3494 1104 3532 remissionem
1122 3497 1356 3540 peccatorum

307 3557 558 3605 poenitentiam
579 3558 709 3604 agenti,
730 3563 767 3595 et
784 3557 821 3594 in
843 3556 1079 3604 theologiam,
1099 3554 1244 3592 Christo
1263 3566 1272 3590 ε
1299 3564 1358 3591 so-

310 3616 380 3655 lius
396 3619 490 3655 enim
507 3619 571 3656 Dei
587 3626 642 3656 est
663 3621 848 3668 ignoscere
866 3620 977 3657 etiam
995 3629 1038 3656 ea
1055 3629 1210 3667 quorum
1228 3618 1358 3666 impos-

317 3678 429 3715 sibilis
450 3679 596 3716 videtur·
615 3681 793 3725 remissio,
826 3680 912 3726 quia
939 3680 1114 3727 scriptum
1141 3683 1226 3716 est:
1255 3676 1357 3722 Quod

314 3737 521 3784 &apuam
537 3748 589 3778 est
602 3741 696 3789 apud
711 3743 882 3787 homines,
892 3741 1057 3790 possibile
1072 3747 1123 3779 est
1136 3739 1231 3789 apud
1247 3740 1360 3778 Deum

318 3796 462 3846 (naith.
490 3809 571 3845 ηις
604 3799 692 3839 laic.
715 3801 834 3850 xvm).
858 3801 900 3841 ln
925 3801 1072 3841 Christo
1093 3801 1192 3841 enim
1210 3801 1363 3840 credere

711 194 753 231 Β.
778 183 946 228 RABANI
967 179 1118 221 MAURI
1140 174 1357 216 ARCHIEP.
1382 172 1591 212 MOGUNT.
1617 169 1809 209 OPERUM
1846 168 1967 206 PARS
1991 169 2019 204 1.
2386 166 2456 204 288

816 269 837 305 d
855 271 891 303 et
908 263 1064 299 Joannes
1088 272 1097 295 ι
1117 258 1188 302 Qui
1209 242 1325 300 neqat,
1343 251 1381 293 A
1396 252 1503 289 debet
1531 250 1650 287 omnis
1677 250 1799 286 anima
1830 247 1947 285 fidelis
1970 255 2051 282 esse
2075 243 2237 280 scientiae
2258 243 2458 290 plenitudi-

1396 322 1502 355 nem,
1529 317 1567 347 et
1584 315 1802 358 potestatem
1833 306 2035 345 dimittendi
2062 310 2226 352 peccata.
2256 304 2303 342 Et
2321 305 2404 343 ideo
2421 306 2456 342 ei

1397 383 1505 410 omne
1539 372 1758 410 sacrificium
1778 397 1789 415 ,
1818 368 1922 415 quasi
1955 376 2044 404 vero
2072 367 2285 413 sacerdoti,
2316 372 2460 416 oportet

1398 434 1535 472 offerri.

1810 489 1963 528 CAPUT
1989 489 2053 526 IX.

1397 555 1451 592 De
1481 556 1601 591 anima
1628 566 1707 602 quoe
1733 555 1940 602 praevaricat
1974 553 2199 590 caeremonias
2225 553 2370 591 Domini
2397 564 2461 590 ver

1847 612 2012 637 errorem.

1445 676 1546 723 (Car.
1566 677 1619 723 v.)
1646 676 1800 713 Locutus
1816 683 1865 713 est
1880 677 2053 714 Dominus
2073 679 2118 714 ad
2140 678 2287 726 Moysen
2311 681 2430 717 dicens
2446 690 2459 716 .·

1398 738 1526 774 Anima
1546 741 1575 774 si
1596 740 1832 785 proevaricans
1847 740 2072 776 coerimonias
2092 751 2154 787 per
2171 752 2324 777 errorent
2344 743 2382 778 in
2406 741 2462 779 his

1398 811 1475 846 quoe
1500 800 1651 836 Domino
1675 807 1755 836 sunt
1776 801 2015 846 sanctificata,
2033 803 2238 848 peccaverit,
2258 803 2381 848 offeret
2398 814 2462 849 pro
2536 844 2540 849 ,

1399 861 1524 897 delicto
1541 873 1604 897 suo
1623 863 1766 897 arietem
1784 863 2050 899 immaculatum
2071 864 2113 899 de
2130 864 2304 911 qreqibus,
2323 866 2382 912 qui
2393 865 2462 900 emi
2525 874 2540 878 ’

1399 929 1508 969 potest
1528 924 1662 959 duobus
1684 924 1792 967 siclis,
1810 925 1915 970 juxta
1934 926 2070 972 pondus
2090 927 2307 970 sanctuarii;
2331 927 2464 973 ipsum-

1399 995 1466 1030 que
1495 985 1587 1031 quod
1612 985 1731 1021 intulit
1748 986 1868 1021 dannn'
1888 988 2064 1031 restituet,
2092 994 2124 1022 et
2143 988 2303 1034 quintam
2328 995 2463 1035 partem

1399 1056 1530 1091 ponens
1548 1058 1676 1092 supra,
1699 1047 1840 1082 tradens
1861 1048 2058 1091 sacerdoti,
2087 1050 2144 1095 qui
2173 1049 2307 1095 roqabit
2330 1061 2392 1094 pro
2407 1061 2462 1093 eo,

1402 1107 1550 1153 offerens
1579 1109 1739 1151 arietem,
1760 1115 1791 1143 et
1810 1109 2006 1144 dimittetur
2021 1110 2067 1145 ei.
2088 1109 2228 1145 Bonum
2246 1111 2392 1156 quidem
2408 1115 2464 1147 est

1402 1171 1447 1206 al)
1478 1171 1575 1206 omni
1603 1176 1753 1217 peccato
1774 1171 1972 1213 abstinere,
2010 1171 2169 1206 maxime
2196 1177 2315 1206 tamen
2341 1172 2386 1206 ab
2420 1181 2464 1207 eo

1402 1232 1498 1278 quod
1517 1237 1644 1267 contra
1663 1236 1789 1267 sancta
1801 1231 2053 1273 committitur,
2071 1231 2155 1276 quia
2172 1230 2268 1267 Deus
2285 1231 2464 1277 perillum
2527 1271 2540 1276 Q

1402 1292 1607 1338 injuriatur.
1638 1292 1822 1336 Quantum
1857 1297 1977 1327 autem
2005 1292 2074 1327 hoc
2098 1298 2135 1327 et
2166 1302 2273 1337 quam
2300 1292 2464 1328 terribile

1402 1353 1462 1396 sit,
1486 1362 1668 1398 praesens,
1689 1362 1798 1397 quam
1821 1352 2006 1398 legislator
2026 1352 2218 1398 exposuit,
2241 1353 2464 1389 demonstrat
2504 1387 2508 1391 .
2529 1341 2540 1379 s

1401 1413 1549 1449 oblatio.
1573 1413 1700 1448 Cernis
1720 1413 1852 1459 quippe
1867 1413 1951 1457 quia
1973 1412 2057 1448 dum
2081 1418 2132 1448 tot
2150 1414 2382 1459 praecepisset
2401 1423 2463 1449 sa-

1402 1475 1539 1511 crificia
1569 1473 1759 1517 celebrari,
1787 1484 1966 1520 nusquam
1994 1474 2038 1510 de
2065 1474 2190 1510 arietis
2218 1471 2399 1510 sacrificio
2426 1475 2462 1510 in

1401 1537 1579 1583 principio
1598 1536 1679 1571 libri
1707 1536 1837 1581 husius,
1858 1536 2000 1572 Domini
2021 1537 2066 1572 ad
2094 1536 2239 1583 Moysen
2266 1536 2462 1582 loquentis,
2514 1527 2516 1532 ’

1402 1598 1472 1633 nisi
1494 1603 1634 1633 tantum
1655 1597 1691 1632 in
1715 1597 1783 1632 hoc
1802 1596 1882 1633 loco
1902 1597 2124 1632 mentionem
2142 1595 2241 1640 fecit,
2260 1597 2386 1633 volens
2401 1607 2465 1632 ne-

1403 1658 1608 1693 cessitatem
1635 1662 1673 1693 et
1695 1657 1892 1693 utilitatem
1920 1657 2090 1693 sacrificii
2119 1657 2226 1703 hujus
2255 1658 2461 1694 ostendere.

1403 1719 1528 1757 Cernis
1549 1720 1658 1755 etiam
1677 1719 1772 1765 quod
1789 1730 1860 1755 non
1880 1719 2022 1755 hircum
2037 1747 2046 1763 ‚
2072 1729 2190 1766 neque
2208 1729 2354 1765 capram
2369 1747 2378 1763 ‚
2404 1725 2466 1755 aut

1403 1792 1523 1825 ovem,
1556 1785 1619 1816 aut
1649 1791 1714 1827 par
1736 1781 1983 1818 columbarum
2002 1807 2011 1824 ‚
2035 1781 2098 1816 sed
2119 1781 2268 1817 arietem
2294 1780 2466 1827 praecepit

1403 1843 1594 1887 offerri‚ex
1604 1843 1785 1879 oblatione
1802 1843 1948 1885 docens,
1968 1842 2074 1888 quale
2093 1841 2140 1877 sit
2160 1842 2230 1877 hoc
2245 1847 2435 1888 peccatum
2454 1853 2461 1876 :

1404 1905 1440 1940 in
1456 1906 1569 1952 figura
1587 1905 1682 1941 enim
1703 1903 1903 1940 Salvatoris
1920 1903 2014 1939 aries
2033 1902 2221 1949 accipitur.
2243 1901 2322 1938 Non
2349 1902 2466 1938 solum

1406 1973 1525 2001 autem
1546 1966 1816 2002 immaculatum
1837 1975 1920 2001 eum
1948 1974 2029 2000 csse
2060 1963 2244 2009 praecepit,
2267 1963 2330 1999 sed
2348 1969 2385 1999 et
2403 1962 2465 2008 qui

1406 2027 1512 2072 pretii
1533 2027 1598 2069 sit,
1619 2027 1694 2062 sive
1721 2027 1792 2062 cmi
1811 2027 1927 2073 possit
1949 2026 2086 2062 duobus
2108 2025 2228 2069 siclis,
2249 2025 2306 2060 vel
2334 2035 2464 2061 secun-

1409 2089 1493 2124 dum
1512 2087 1623 2130 LXX,
1642 2090 1774 2134 aryenti
1795 2089 2049 2135 quinquaqinta
2073 2087 2182 2130 siclis,
2216 2086 2299 2122 siclo
2329 2092 2463 2121 sancto.

1407 2149 1520 2185 Nemo
1553 2149 1684 2194 quippe
1715 2150 1782 2185 sibi
1815 2150 2028 2195 conquirere
2058 2149 2201 2186 Domini
2232 2148 2466 2191 sacrificium,
2525 2146 2540 2166 ς

1408 2209 1478 2244 nisi
1497 2219 1561 2255 per
1580 2209 1753 2255 Spiritum
1769 2216 1933 2246 sanctum
1953 2218 2086 2257 potest.
2118 2211 2156 2247 Si
2170 2211 2264 2247 enim
2286 2220 2385 2246 nemo
2402 2220 2467 2255 po·
2524 2239 2526 2241 .

1410 2276 1472 2306 test
1502 2270 1614 2306 dicere
1636 2270 1804 2306 Dominus
1837 2270 1940 2307 Jesus
1970 2271 2144 2316 Christus,
2171 2272 2240 2307 nisi
2269 2272 2306 2307 in
2322 2269 2467 2317 'Spiritu
2520 2310 2526 2314 ,

1409 2330 1577 2379 sanct0(1
1602 2331 1683 2367 Cor.
1702 2331 1782 2379 xn),
1806 2332 1918 2369 multo
1938 2333 2054 2379 magis
2072 2343 2140 2369 nec
2156 2332 2376 2369 sacrificium
2390 2331 2468 2377 ejus

1409 2394 1554 2439 assequi
1581 2394 1641 2439 qui
1669 2399 1787 2439 potest
1819 2395 1896 2429 sine
1927 2394 2136 2439 operatione
2165 2392 2334 2438 Spiritus.
2365 2392 2469 2429 Unde

1410 2466 1482 2492 non
1502 2455 1713 2501 simpliciter
1740 2455 1874 2490 dictum
1909 2460 1978 2497 est,
2009 2454 2265 2500 quinquaqinta
2286 2452 2466 2497 siclorum,
2498 2442 2508 2497 ᾗ

1411 2517 1568 2553 ostendit
1588 2517 1719 2562 quippe
1743 2516 1804 2551 hic
1821 2525 1993 2551 numerus
2020 2515 2133 2551 sancti
2157 2514 2312 2560 Spiritus
2338 2514 2483 2556 adven-‚

1411 2584 1499 2620 tum,
1523 2587 1567 2612 ex
1585 2586 1627 2612 eo
1650 2576 1745 2621 quod
1768 2576 1826 2611 die
1846 2576 2073 2618 Pentecoste,
2093 2575 2129 2610 id
2144 2579 2216 2618 est,
2238 2548 2513 2631 Quinquage-J

1413 2640 1518 2682 sima,
1545 2638 1590 2674 ad
1610 2637 1790 2683 apostolos
1809 2638 1927 2681 venit;
1953 2638 2065 2674 sedet
2090 2638 2242 2683 pondere
2256 2637 2467 2682 sanctuarii,
2495 2677 2500 2683 .

1413 2703 1489 2739 sive
1507 2702 1702 2739 secundum
1720 2701 1830 2745 LXX,
1850 2702 1937 2737 siclo
1965 2708 2100 2745 sancto,
2128 2707 2168 2738 ut
2189 2712 2254 2748 per
2280 2702 2349 2738 hoc
2373 2701 2470 2747 quod
2506 2694 2510 2695 ⁷

1414 2764 1518 2807 dixit,
1536 2769 1671 2806 sancto,
1688 2764 1894 2799 ostenderet
1912 2765 2027 2800 sancti
2048 2763 2206 2811 Spiritus
2226 2763 2411 2806 virtutem,
2432 2768 2469 2799 et

1414 2825 1674 2872 operationem.
1698 2823 1795 2859 Siclo
1813 2829 1932 2860 autem
1950 2826 2084 2871 quare?
2104 2825 2195 2870 Quia
2211 2825 2320 2861 siclus
2341 2825 2469 2872 viginti

1415 2886 1602 2922 obolorum
1633 2891 1709 2929 est,
1742 2886 1802 2922 hic
1822 2891 1941 2923 autem
1971 2877 2174 2924 vicenarius
2203 2897 2376 2924 numerus
2396 2898 2470 2924 non

1416 2951 1472 2983 est
1488 2946 1647 2992 peccatis
1662 2946 1860 2991 obnoxius;
1881 2949 1977 2985 unde
1994 2949 2031 2985 hi
2050 2949 2110 2995 qui
2131 2950 2175 2986 de
2196 2948 2354 2996 AEgypto
2373 2948 2472 2984 exie-

1418 3012 1503 3043 runt
1533 3016 1615 3042 cum
1644 3007 1770 3054 viginti
1797 3018 1974 3045 annorum
2001 3014 2150 3054 essent,
2179 3010 2318 3056 peceati
2350 3007 2474 3055 populi

1417 3076 1564 3113 poenam
1590 3078 1662 3103 non
1695 3075 1949 3115 susceperunt;
1977 3071 2132 3108 mundus
2155 3071 2288 3117 quippe
2306 3069 2352 3105 ab
2373 3068 2474 3106 omni

1418 3133 1565 3174 peccato
1587 3134 1642 3164 est
1667 3129 1842 3175 spiritalis
1865 3130 1986 3166 homo.
2006 3131 2084 3167 Non
2105 3131 2220 3168 solum
2236 3138 2357 3167 autem
2374 3129 2470 3166 arie-

1418 3192 1491 3223 tem
1507 3187 1644 3231 offerri,
1667 3187 1730 3225 sed
1743 3193 1781 3224 et
1793 3189 1955 3234 quintam
1973 3197 2114 3238 partem
2127 3192 2260 3228 addere
2271 3190 2468 3237 praecepit:

1422 3250 1453 3285 si
1469 3250 1548 3295 quis
1570 3249 1663 3286 forte
1689 3255 1816 3286 sancto
1834 3252 1911 3288 vasi
1929 3253 1986 3290 vel
2005 3254 2087 3290 cibo
2115 3258 2178 3290 aut
2202 3257 2386 3300 unguento
2410 3251 2477 3288 tali

1423 3310 1557 3347 abusus
1575 3315 1645 3354 est,
1675 3311 1744 3347 hoc
1768 3313 1958 3358 appellavit
1977 3315 2210 3351 commissum
2229 3319 2415 3360 peccatum
2437 3313 2449 3350 i

1425 3377 1564 3408 sancta.
1583 3370 1651 3408 Hic
1675 3381 1761 3419 ergo
1777 3373 1892 3419 ipsum
1908 3375 2044 3418 reddet,
2061 3380 2098 3411 et
2113 3375 2263 3422 insuper
2283 3376 2419 3422 quinta,
2439 3374 2452 3410 i

1426 3439 1496 3478 est,
1532 3434 1696 3479 quintam
1728 3432 1806 3480 ejus
1836 3442 1975 3481 partem
2003 3437 2154 3474 tradidit
2185 3435 2431 3483 sacerdotnfl

1427 3500 1550 3532 autem
1566 3494 1743 3542 significat
1771 3499 1812 3530 ut
1833 3498 2001 3541 quoniam
2028 3498 2187 3545 quinque
2208 3507 2338 3535 sensus
2361 3497 2388 3534 h
2456 3539 2458 3541 ,

1426 3566 1528 3599 mus,
1547 3555 1580 3592 si
1608 3565 1674 3602 per
1690 3564 1800 3592 unum
1819 3565 1964 3592 sensum
1983 3559 2276 3604 peccaverimus,
2294 3557 2434 3602 veluti„

1427 3618 1570 3655 oculum
1591 3617 1637 3654 ad
1652 3617 1867 3654 adulterium
1885 3617 1922 3654 in
1939 3623 2100 3666 tempore
2125 3625 2162 3657 et
2176 3620 2256 3658 loco
2274 3623 2400 3657 ssnow
2440 3664 2444 3666 γ

1427 3678 1700 3726 culpaverimus,
1734 3682 1796 3715 aut
1817 3677 1940 3726 lingua
1957 3679 1996 3715 in
2015 3680 2236 3719 detrahendo
2246 3694 2265 3726 ,²
2282 3678 2343 3719 vel
2370 3689 2396 3717 a
2411 3720 2429 3726 ⁷,

1429 3738 1478 3778 ad
1493 3738 1626 3776 malam
1648 3738 1880 3783 luentium,
1911 3743 1976 3776 aut
1990 3739 2181 3778 odoratum
2200 3740 2258 3779 ad⁸
2329 3744 2336 3745 ’

1431 3810 1526 3854 ηοω,
1544 3801 1861 3840 odoramentorum
1887 3801 2163 3840 meretricorum
2188 3814 2198 3840 ε
2238 3792 2302 3843 ant
