2540 4016
102 179 146 217 ῃ
765 168 1099 207 COMMENTARIA
1123 170 1170 206 IN
1195 169 1404 208 EXODUM.
1432 190 1479 197 ·—
1504 171 1590 207 LlB.
1618 170 1645 206 1.
1830 171 1837 179 ’
2246 176 2292 213 18

104 253 236 289 Timuit
254 252 392 299 Moyses
407 255 440 286 et
468 249 517 284 ait
547 256 559 281 .·
586 245 782 290 Quomodo.
796 244 915 291 palam
940 245 1074 291 factum
1111 251 1160 281 est
1179 253 1212 292 Α
1231 252 1294 289 est,
1313 246 1454 293 inquit?
1475 245 1593 289 Quare
1611 245 1794 282 dimisistis
1823 246 2025 284 hominem?
2047 250 2178 289 Vocate
2196 262 2290 295 eum,

103 315 243 350 verbum
260 311 381 349 istud?
396 308 526 357 (Exod.
546 307 603 354 11.)
629 307 701 354 [Ex
730 305 955 353 Augustino]
980 305 1161 350 Quaeritur

104 383 227 413 utrum
246 373 381 412 indoles
407 371 446 406 in
465 381 508 406 eo
527 369 719 405 laudabilis
737 368 859 411 fuerit,
877 369 962 414 quia
991 369 1060 404 hoc
1076 378 1161 414 pec-

104 442 225 473 catum
240 432 429 470 admiserit
453 431 548 468 sicut
565 430 659 467 solet
677 430 791 466 ubera
820 434 919 466 terra
946 429 1057 464 etiam
1076 435 1162 465 ante

104 498 208 534 utilia
227 494 378 536 semina,
396 493 554 540 quadam
571 492 767 528 herbarum
795 491 961 537 quamvis
978 490 1162 527 inutilium

104 556 290 594 feracitate
313 554 472 597 laudari;
508 564 554 589 an
573 553 720 589 omnino
738 553 857 599 ipsum
883 551 1016 587 sactum
1029 551 1164 597 justiti-

105 617 256 654 candum
269 615 316 651 sit
335 628 343 650 z
362 614 458 661 quod
473 614 554 650 ideo
570 623 641 649 non
658 612 818 655 videtur,
835 612 920 657 quia
939 611 1074 647 nullam
1096 611 1162 647 ad-

104 679 174 714 huc
206 677 403 723 legitimam
427 680 645 721 potestatem
680 674 841 720 gerebat,
874 683 941 709 uec
975 678 1163 719 acceptam

103 738 288 780 divinitus,
312 747 378 773 nec
402 737 560 772 humana
588 735 761 771 societate
781 734 986 770 ordinatam
1008 745 1016 768 ε
1041 739 1161 769 tamen

103 799 195 834 sicut
213 797 418 843 Stephanus
444 797 530 832 dicit
548 797 584 831 in
602 795 753 832 Actibus
776 795 1036 841 apostolorum,
1053 801 1161 842 puta-

102 860 164 896 bat
179 859 379 904 intelligere
398 859 529 894 fratres
547 868 646 899 SUOS,
662 857 756 902 quod
774 866 840 901 per
860 866 941 891 eum
957 856 1052 892 Deus
1061 857 1165 892 daret

104 921 174 956 illis
201 920 353 955 salutem
373 919 463 966 (Act.
487 917 552 963 vn)
572 929 580 952 t
602 923 643 953 ut
662 927 727 963 per
756 917 825 952 1100
847 917 1094 953 testimonium
1112 918 1164 953 vi-

105 986 232 1021 deatur
247 983 398 1029 Moyses,
412 981 487 1026 jam
503 981 673 1017 divinitus
689 970 926 1024 'admonitus;
951 981 1046 1026 quod
1065 979 1164 1016 Scri-

103 1051 207 1091 ptura
229 1055 271 1080 eo
309 1043 387 1079 loco
413 1048 521 1085 tacet,
539 1043 607 1078 1100
641 1042 775 1078 audere
808 1042 982 1088 potuisse.
1006 1041 1078 1090 (Em
1091 1041 1165 1076 Isi-

103 1105 219 1152 doro.)
249 1105 360 1152 lgitur
384 1104 524 1151 Moyses
554 1103 787 1150 peregrinum
807 1101 958 1138 fratrem
981 1102 1026 1138 ab
1048 1101 1164 1148 AEgy-

1231 313 1269 342 ut
1289 308 1447 343 comedat
1464 318 1603 354 panem.
1618 307 1642 342 J
1646 307 1760 343 aravit
1783 319 1864 354 erqo
1880 307 2021 355 Moyses
2043 313 2135 357 quod
2154 313 2294 351 hatita-

1232 374 1283 403 ret
1302 379 1381 403 cum
1401 379 1454 412 eo,
1475 373 1512 404 et
1532 368 1684 414 reliqua.
1707 368 1807 416 Fuga
1833 368 1963 415 Moysi,
1983 380 2052 416 qua
2072 372 2117 406 ab
2135 372 2293 420 AEgypto

1231 429 1406 465 recedens
1420 429 1589 476 migravit
1606 430 1644 465 in
1659 434 1793 465 terram
1821 429 1982 477 Madian,
2001 429 2183 476 significat
2199 434 2296 478 quod

1231 490 1455 536 Redemptor
1473 496 1600 526 noster
1612 490 1786 527 deserens
1800 490 1983 527 civitatem
2001 489 2141 527 Judaici
2157 494 2294 538 populi,

1231 551 1402 598 migravit
1430 552 1467 586 in
1496 551 1667 597 apostolis
1700 551 1744 587 ad
1772 556 1898 598 gentes
1929 551 2206 594 convocandas;
2234 553 2295 589 ubi

1233 613 1558 649 contradictionem
1587 613 1756 659 primitus
1787 612 1938 656 invenit,
1972 618 2099 659 postea
2128 613 2296 649 devotam

1232 673 1490 717 obedientiam,
1533 674 1630 719 quod
1663 674 1755 710 bene
1794 674 2002 720 exprimunt
2030 675 2107 720 ipsa
2133 675 2294 711 nomina.

1233 734 1411 781 AEgyptus
1431 734 1528 770 enim
1549 745 1629 780 quae
1642 735 1905 780 interpretatur
1924 736 2095 778 tenebrae,
2118 736 2299 782 significat

1233 797 1403 832 tenebras
1418 796 1595 831 mentium
1614 795 1826 832 infidelium.
1848 795 1989 832 Madian
2016 803 2137 832 autem
2158 803 2299 834 contra-

1235 859 1344 894 dictio
1360 858 1418 894 vcl
1443 858 1632 903 responsio
1658 868 1667 893 ε
1700 858 1954 895 demonstrans
1978 864 2103 906 gentes
2134 860 2293 906 primum

1234 922 1526 957 contradicentes
1541 922 1758 967 evangelicae
1773 923 2035 968 praedicationi.
2058 924 2161 960 Unde
2182 930 2218 960 et
2240 924 2300 960 Si-

1234 992 1341 1017 meon
1362 982 1406 1017 de
1423 982 1569 1017 Christo
1587 982 1622 1016 in
1640 982 1835 1028 Evangelio
1861 984 1906 1018 ad
1926 983 2074 1019 Mariam
2097 985 2230 1021 dixisse
2249 986 2300 1021 le·

1235 1043 1345 1090 gitur.
1367 1042 1455 1086 Iste,
1476 1043 1607 1088 inquit,
1627 1044 1692 1078 erit
1731 1043 1768 1078 in
1797 1044 1935 1079 ruinam
1959 1045 2043 1080 etin
2073 1048 2301 1082 resurrectio-

1235 1115 1313 1139 nem
1334 1103 1525 1138 multorum
1545 1104 1582 1138 in
1597 1102 1724 1145 Israel,
1750 1104 1837 1138 etin
1852 1104 1991 1149 sianum
2008 1105 2064 1139 cui
2083 1106 2301 1141 contradice-

102 1168 177 1214 ptio
203 1166 368 1203 liberavit
399 1166 566 1212 injuriam
588 1165 865 1210 perpetientem,
899 1163 1052 1198 inultum
1085 1173 1165 1199 esse
1183 1169 1216 1208 Β
1236 1171 1294 1201 tur
1315 1165 1415 1213 (Luc.
1436 1166 1491 1210 11).
1511 1166 1636 1201 Postea
1655 1166 1713 1212 pia
1741 1166 1932 1202 devotione
1950 1172 1986 1202 et
2005 1167 2110 1203 bonis
2131 1169 2301 1213 operibus

103 1238 173 1263 non
193 1227 314 1262 serens
341 1226 488 1261 fratrem
516 1224 691 1267 defendit,
715 1230 751 1259 et
768 1224 934 1259 eumdem
951 1222 1164 1269 AEgyptium

103 1289 234 1326 occidit
255 1302 262 1324 :
283 1289 384 1334 cujus
423 1288 537 1333 figura
559 1286 729 1322 facillime
756 1286 916 1321 occurrit
948 1284 1166 1329 injuriosum

104 1352 207 1387 nobis
244 1351 280 1386 in
308 1351 376 1386 hac
403 1349 695 1396 peregrinatione
728 1347 930 1389 diabolum,
967 1357 987 1381 a
1012 1347 1166 1382 Domino

104 1410 247 1447 Christo
267 1411 369 1446 nobis
391 1409 548 1445 defensis
571 1409 700 1445 occidi.
724 1408 826 1452 Quod
853 1418 941 1443 vero
972 1408 1009 1442 in
1040 1407 1166 1442 sabulo

106 1483 224 1508 arenae
237 1472 359 1508 obruit
377 1473 648 1516 interemptum,
668 1470 902 1506 manifestum
918 1475 973 1505 est
994 1470 1072 1515 ejus
1088 1468 1165 1513 jam

105 1534 334 1569 morticinam
350 1533 579 1578 praesentiam
595 1533 629 1567 in
646 1533 699 1568 015
720 1532 845 1573 131010,
863 1531 923 1576 qui
940 1541 1011 1566 non
1030 1531 1167 1565 hahent

107 1596 235 1631 stabile
260 1595 546 1630 fundamentum.
565 1593 668 1628 Unde
694 1598 731 1628 et
759 1592 959 1627 Ecclesiam
989 1591 1165 1627 Dominus

108 1655 142 1690 in
163 1661 266 1701 petra
297 1654 463 1695 manicat,
492 1659 527 1688 et
554 1663 616 1688 eos
631 1652 706 1698 qui
734 1652 885 1687 audiunt
910 1652 1062 1687 verbum
1088 1650 1166 1696 ejus

107 1721 143 1750 et
162 1715 312 1757 faciunt,
341 1718 526 1759 comparat
543 1712 710 1758 prudenti
742 1712 818 1747 viro
839 1712 900 1757 qui
921 1711 1077 1748 aedificat
1100 1712 1165 1747 do-

107 1786 205 1812 mum
221 1785 323 1811 suam
338 1783 446 1819 super
462 1778 602 1819 petram
621 1784 629 1807 ;
653 1782 700 1808 110
725 1773 987 1809 tentationibus
1005 1774 1112 1809 cadat
1130 1778 1167 1809 et

107 1842 264 1875 corruat.
284 1836 365 1872 lllos
386 1840 505 1870 autem
523 1834 585 1880 qui
607 1834 756 1870 audiunt
773 1839 810 1869 et
828 1845 899 1869 uon
921 1833 1167 1870 13011131οο11]-

105 1904 209 1946 parat
227 1897 337 1934 stulto
355 1895 549 1932 aedificanti
574 1905 683 1940 super
706 1905 875 1938 arenam,
893 1895 994 1940 cujus
1027 1901 1166 1932 tentata

107 1961 247 2002 domus,
281 1959 424 1995 ruinam
452 1957 559 1994 efficit
595 1967 776 2003 magnam.
798 1957 835 1992 ln
856 1967 900 1993 eo
924 1963 1045 1994 autem
1066 1958 1165 2004 quod

108 2020 272 2056 rixantes
282 2019 372 2054 duos
386 2018 556 2053 Hehraeos
567 2016 709 2063 Moyses
722 2017 916 2062 pacificare
928 2017 1052 2060 voluit,
1066 2017 1167 2054 Chri-

1236 1228 1497 1273 respondcntes
1512 1228 1593 1262 sibi.
1621 1227 1722 1262 Sedit
1746 1238 1831 1273 ergo
1857 1228 1997 1274 Moyses
2029 1228 2132 1274 juxta
2153 1236 2301 1276 puteum

1236 1290 1281 1324 ad
1296 1299 1404 1334 quem
1422 1295 1597 1324 venerant
1618 1294 1753 1335 septem
1772 1289 1854 1325 1111ιο
1876 1290 2082 1326 sacerdotis
2098 1290 2239 1326 Madian
2257 1292 2302 1327 ad

1237 1351 1455 1386 hauriendas
1472 1361 1595 1396 aquas,
1614 1356 1651 1386 ut
1686 1352 1912 1397 adaquarent
1937 1363 2064 1398 greges
2090 1354 2206 1399 patris
2230 1354 2299 1389 sui.

1237 1413 1376 1456 Quibus
1390 1413 1679 1450 adversabantur
1702 1420 1881 1460 pastores,
1900 1415 1961 1451 sed
1985 1416 2127 1463 Moyses
2144 1417 2302 1453 defensis

1236 1474 1377 1519 puellis,
1396 1475 1590 1520 adaquavit
1605 1485 1690 1510 oves
1710 1486 1851 1511 earum.
1870 1476 1930 1512 Sic
1946 1482 1981 1512 et
1997 1477 2219 1524 Redemptor
2239 1488 2303 1514 no-

1238 1539 1312 1570 ster
1325 1535 1526 1579 praesidens
1542 1536 1701 1570 scientim
1719 1535 1808 1582 legis
1825 1547 1886 1572 seu
1908 1537 2095 1583 sapientiae
2111 1538 2302 1574 mundauae

1236 1595 1466 1630 venientibus
1493 1596 1538 1631 ad
1554 1605 1592 1631 se
1613 1602 1752 1642 septem
1774 1597 1939 1633 ecclesiis
1965 1598 2010 1634 de
2029 1599 2135 1634 domo
2151 1600 2302 1644 diaboli,

1237 1655 1412 1701 impendit
1427 1656 1630 1692 doctrinam
1660 1657 1898 1702 spiritualem,
1918 1669 1989 1704 qua
2010 1665 2158 1706 possent
2174 1670 2303 1697 sensus

1238 1718 1357 1753 cordis
1392 1717 1447 1753 sui
1471 1717 1692 1760 refocillare,
1716 1723 1752 1754 et
1779 1719 1848 1755 sibi
1887 1720 2142 1757 obedientibus
2175 1728 2302 1767 potum

1237 1778 1321 1814 vitae
1340 1778 1521 1821 tribuere;
1555 1778 1738 1824 salsosque
1765 1785 1944 1825 pastores,
1974 1781 2043 1818 hoc
2063 1787 2118 1818 est
2143 1783 2304 1829 philoso-

1236 1841 1328 1885 phos
1364 1851 1425 1876 scu
1464 1840 1644 1876 idolorum
1686 1842 1909 1885 53001110ιο5,
1943 1854 1963 1879 3
1996 1843 2144 1880 laesione
2176 1856 2303 1882 earum

1237 1902 1474 1947 compescuit.
1491 1902 1594 1946 Quod
1619 1908 1739 1939 autem
1770 1904 1906 1950 Raguel
1923 1906 2124 1942 admiratus
2139 1912 2195 1943 est
2210 1907 2303 1944 111135

1238 1973 1321 1999 51135
1339 1964 1501 2000 velocius
1515 1964 1620 2000 solito
1639 1966 1798 2010 venisse,
1817 1966 1999 2013 significat
2023 1972 2209 2014 stuporem
2230 1970 2304 2005 dia-

1237 2023 1310 2059 boli
1330 2024 1375 2060 de
1392 2025 1507 2060 veloci
1535 2027 1773 2063 conversione
1810 2028 1971 2074 gentium
1996 2028 2041 2064 ad
2064 2029 2172 2065 fidem
2193 2030 2300 2066 Chri-

108 2080 154 2116 sti
173 2084 312 2126 typum,
334 2079 540 2124 11111ὓίᾶᾶΰὶ
557 2078 682 2114 volunt
701 2083 819 2120 18¹¹&ss
848 2079 909 2124 (Ιυί
926 2079 1077 2114 (luorum
1098 2090 1161 2126 po·
1182 2085 1211 2126 C
1234 2086 1278 2122 sti
1298 2098 1305 2120 :
1324 2087 1409 2132 quia
1429 2088 1672 2133 promptiores
1693 2088 1840 2125 suerunt
1859 2090 1903 2125 ad
1922 2090 2167 2127 obedientiam
2183 2092 2303 2128 Evan-

107 2143 272 2190 pulorum
293 2141 508 2177 discordiam
523 2140 716 2186 pacificare
734 2140 881 2176 studens
898 2140 934 2175 in
951 2141 1162 2187 semetipso,

109 2204 462 2251 angularividelicet
480 2203 597 2249 lapide
611 2204 832 2240 consociavit
854 2209 963 2250 atque
982 2205 1166 2241 coaduna-

108 2265 174 2301 vit.
192 2265 260 2309 Qui
276 2274 362 2301 vero
387 2264 555 2310 injuriam
571 2265 657 2300 fecit
676 2266 857 2310 proximo,
887 2272 923 2301 et
954 2267 1168 2303 reconcilia-

109 2332 224 2363 torem
251 2327 439 2363 inhoneste
469 2337 642 2372 spcrneus
671 2327 817 2372 repulit,
843 2326 1034 2363 Judaicum
1051 2339 1166 2374 popu-

109 2389 182 2424 lum
204 2388 425 2424 demonstrat
449 2400 456 2423 :
479 2389 842 2434 quipraedicationem
862 2388 998 2425 Christi
1017 2391 1168 2427 verbum

111 2450 415 2487 reconciliationis
450 2451 591 2497 ingrate
615 2451 786 2496 suscepit.
833 2450 1026 2496 Hostisque
1060 2461 1168 2488 verus

112 2510 292 2546 credentis
316 2510 436 2556 populi
458 2520 599 2556 semper
620 2510 686 2545 suit
707 2522 715 2545 ε
737 2510 830 2546 sicut
849 2511 886 2545 in
904 2511 1100 2557 Evangelio
1114 2513 1168 2548 le-

111 2573 221 2617 gitur,
252 2573 347 2617 quod
377 2582 471 2608 caeco
502 2577 587 2607 nato
605 2572 787 2608 aChristo
808 2572 1026 2614 illuminato,
1058 2574 1170 2609 male-

114 2632 283 2667 dixerunt
314 2633 364 2666 ita
384 2632 544 2667 dicentes
565 2641 575 2666 :
599 2631 627 2665 T
630 2643 652 2665 u
685 2630 879 2677 discipulus
911 2631 986 2676 ejus
1006 2633 1054 2666 sis
1073 2641 1085 2666 .·
1103 2643 1166 2668 nos

113 2698 230 2727 autem
253 2691 369 2737 Moysi
403 2690 566 2737 discipuli
597 2701 717 2725 sumus
736 2689 858 2736 (Joan.
884 2690 950 2738 lx).
971 2691 1016 2726 Et
1048 2692 1134 2728 alibi
1157 2704 1166 2728 :

113 2750 301 2794 Nolumus,
324 2750 505 2796 inquiunt,
527 2750 619 2785 hunc
639 2760 785 2795 reqnare
814 2760 919 2796 super
939 2761 1001 2786 nos
1019 2750 1164 2798 (Matth.

110 2814 238 2862 xxvn).

522 2874 674 2912 CAPUT
701 2875 745 2911 V.

114 2951 162 2988 De
177 2951 298 2998 Moyse
318 2956 351 2986 et
368 2961 478 2986 uxore
504 2949 594 2995 ejus,
612 2955 650 3003 et·
665 2948 838 2995 quomodo
859 2936 1024 2995 apparuit
1041 2951 1073 2986 ei
1088 2950 1164 2986 Do-

1240 2147 1339 2193 getii,
1357 2159 1423 2194 pro
1447 2159 1518 2194 qua
1540 2150 1647 2184 etiam
1671 2150 1765 2185 mori
1793 2151 1911 2196 parati
1941 2157 2047 2188 013111
2068 2164 2076 2187 :
2101 2163 2208 2199 quam
2236 2164 2302 2189 un-

1238 2218 1347 2254 quam
1365 2208 1402 2243 in
1417 2209 1494 2254 ejus
1508 2209 1606 2244 cultu
1622 2210 1678 2245 vel
1697 2210 1902 2247 idololatria
1919 2212 2135 2249 existerent.
2157 2214 2298 2261 Accepit

1237 2279 1318 2314 erqo
1339 2268 1477 2315 Moyses
1512 2281 1620 2305 unam
1652 2271 1695 2307 de
1720 2279 1850 2318 septem
1877 2272 2020 2318 filiabus
2059 2274 2209 2321 Raquee,
2240 2276 2302 2321 qui

1237 2331 1498 2376 interpretatur
1513 2332 1632 2377 pastio
1650 2332 1714 2368 Dei
1748 2333 1824 2370 sive
1855 2334 1996 2371 amicus
2017 2334 2095 2381 ejus
2113 2336 2223 2379 Deus,
2244 2347 2304 2372 no·

1237 2393 1329 2428 mine
1346 2391 1552 2440 Sephoram,
1572 2404 1652 2440 quae
1676 2394 1939 2441 interpretatur
1969 2396 2200 2442 pulchritudo
2226 2396 2302 2432 sive

1236 2454 1403 2500 placens;
1441 2467 1519 2502 quse
1542 2458 1661 2502 qenuit
1682 2457 1713 2492 ei
1732 2457 1847 2502 filium
1865 2468 1969 2503 quem
1996 2459 2126 2493 vocavit
2149 2456 2299 2502 Gersan,

1238 2515 1334 2559 quod
1361 2515 1623 2560 interpretatur
1642 2516 1793 2552 advena.
1816 2516 1958 2562 Peperit
1994 2524 2027 2552 et
2060 2518 2222 2563 alterum,
2240 2520 2302 2566 qui

1236 2582 1378 2611 vocatus
1415 2582 1465 2611 est
1494 2576 1656 2620 Eliezer,
1690 2581 1727 2612 et
1770 2577 2030 2622 interpretatur
2062 2579 2158 2615 Deus
2198 2589 2302 2616 meus

1238 2637 1397 2682 adjutor,
1423 2649 1505 2674 cum
1543 2639 1764 2685 Redemptor
1797 2645 1923 2675 noster
1949 2639 1992 2675 de
2011 2640 2136 2686 gentili
2167 2641 2300 2687 populo

1236 2698 1436 2734 Ecclesiam
1457 2699 1704 2745 septiformem
1723 2700 1904 2746 spirituali
1923 2699 2092 2747 conjugio
2108 2701 2176 2738 sibi
2193 2712 2300 2748 copu-

1237 2759 1345 2802 lavit;
1372 2759 1552 2804 quaelicet
1573 2770 1724 2796 munere
1751 2758 1910 2806 Spiritus
1933 2760 2050 2795 sancti
2075 2761 2299 2807 septiformis

1236 2819 1298 2862 sit,
1320 2825 1442 2855 tamen
1465 2830 1537 2855 una
1558 2821 1665 2856 estin
1681 2820 1752 2857 fide
1779 2820 1971 2864 catholica,
1989 2821 2032 2856 de
2050 2832 2120 2867 qua
2145 2822 2183 2857 in
2203 2821 2298 2858 Can-

1236 2881 1307 2917 tico
1327 2882 1555 2917 canticorum
1579 2882 1667 2918 dicit
1688 2895 1695 2917 :
1719 2881 1798 2918 Una
1824 2888 1875 2918 est
1899 2882 2060 2918 columba
2078 2893 2170 2926 mea,
2189 2882 2298 2918 electa

1236 2943 1415 2988 yenitricis
1435 2954 1508 2978 suoe
1527 2942 1645 2991 (Cant.
1667 2942 1733 2991 vi).
1754 2943 1839 2979 Haec
1872 2954 1984 2979 unum
2017 2943 2142 2990 genuit
2167 2943 2296 2987 filium,

157 2999 270 3034 minus
294 2998 332 3033 in
349 2998 493 3044 flamma
514 2997 620 3042 iqui-5,
639 3007 676 3031 ²²2
700 2994 814 3031 medio
836 2995 927 3038 rubi,
945 3007 1024 3032 cum
1041 3009 1163 3044 pasce-
1180 2995 1216 3035 D
1233 3004 1297 3049 qui
1329 3008 1482 3039 vocatur
1495 3004 1649 3047 advena,
1672 3009 1708 3040 et
1726 3004 1879 3040 alterum
1899 3004 1962 3050 qui
1985 3012 2138 3041 vocatur
2150 3006 2214 3042 Dei
2235 3006 2297 3042 ad·
2325 3052 2329 3059 1

159 3051 209 3080 rel
230 3056 322 3081 01188-

157 3133 366 3181 Audivitque
393 3132 537 3168 Pharao
564 3144 758 3168 sermonem
783 3133 891 3177 hune,
927 3138 960 3169 et
989 3134 1167 3180 qaoerebat

111 3193 266 3229 occidere
285 3192 444 3239 Moysen.
462 3192 532 3235 Qut
563 3193 700 3238 sapiens
720 3192 762 3227 de
781 3198 967 3239 conspectu
987 3192 1078 3240 ejus,
1094 3203 1169 3228 mo-

112 3260 210 3290 ratus
242 3259 292 3290 est
316 3254 354 3289 in
388 3260 482 3290 terra
500 3253 664 3297 Madian,
697 3259 731 3289 et
761 3253 851 3289 sedit
875 3254 983 3300 juxta
1011 3259 1168 3301 puteum.

1233 3063 1411 3110 jutorium
1444 3077 1452 3100 :
1487 3075 1568 3111 quae
1607 3065 1754 3101 nomina
1790 3065 1882 3102 bene
1912 3066 2132 3102 conveniunt
2164 3067 2297 3113 populo

1236 3125 1457 3169 Christiano,
1478 3136 1524 3162 ex
1541 3126 1817 3163 circumcisione
1838 3131 1875 3162 et
1890 3128 2066 3173 praeputio
2083 3133 2294 3164 convocato.

1236 3186 1394 3223 Advenae
1403 3187 1500 3223 enim
1513 3192 1611 3231 sunt,
1630 3187 1692 3234 qui
1707 3187 1744 3223 in
1758 3187 1917 3224 incolatu
1931 3188 2035 3224 istius
2049 3188 2172 3224 mundi
2182 3198 2204 3222 a
2222 3196 2297 3224 <³oe-

1238 3246 1319 3283 lesti
1336 3247 1453 3293 patria
1477 3247 1584 3284 modo
1601 3248 1894 3295 peregrinantur,
1915 3248 1978 3285 sed
2006 3253 2127 3283 tamen
2146 3246 2212 3283 Dei
2229 3248 2295 3283 ad-

112 3312 224 3350 Eram
242 3319 359 3350 autem
379 3313 553 3349 sacerdoti
584 3312 732 3349 Madian
754 3319 884 3360 septem
901 3313 1000 3359 filice,
1017 3325 1095 3361 quoe
1112 3325 1169 3350 ve-
1231 3306 1367 3352 Ι11110110
1403 3319 1588 3354 nunquam
1611 3309 1799 3345 carebunt.
1834 3307 1922 3344 Post
1947 3307 2097 3343 multum
2129 3310 2294 3355 temporis

57 3403 75 3423 :.
113 3380 236 3410 nerunt
250 3374 296 3410 ad
317 3373 550 3410 hauriendam
582 3385 724 3420 aquam,
745 3378 779 3409 et
797 3373 948 3421 impletis
983 3373 1166 3409 canalibus

70 3429 82 3474 ,’
114 3437 290 3481 jaquare
322 3433 505 3481 cupiebam
537 3444 656 3481 qreqes
688 3434 800 3480 patris
834 3434 903 3470 sui.
925 3433 1164 3480 Supervenere

56 3482 76 3537 ¹,
95 3495 114 3539 ,ξ
145 3495 280 3538 tores,
298 3499 332 3530 et
349 3493 524 3541 ejecerunt
537 3493 609 3529 eas‘.
635 3492 867 3540 Surrexitque
886 3492 1040 3540 Moyses,
1057 3498 1089 3528 et
1104 3493 1165 3529 de-

69 3545 79 3550 *
200 3553 371 3603 ⁴puellis,
391 3554 580 3602 adaquavit
594 3564 671 3590 oves
687 3564 824 3590 earum.
841 3552 930 3597 Quoe
953 3563 1031 3588 cum
1050 3563 1165 3589 ret-er-

111 3611 170 3665 ,μὴ
195 3611 224 3655 ,ζί
236 3640 241 3651 2
254 3613 313 3652 ‘aa'
326 3613 465 3663 Reque!
491 3621 628 3663 patrem
656 3625 775 3659 suum,
791 3613 882 3651 dixit
901 3613 948 3650 ad
979 3625 1038 3650 eas
1059 3625 1072 3650 .·
1093 3611 1166 3650 Gur

155 3695 157 3698 ·
274 3664 417 3721 {fidelis
437 3677 567 3716 solito?
582 3677 876 3727 Responderunt:
894 3677 959 3714 Vir
970 3677 1163 3726 AEqyptius

155 3751 158 3761 '
197 3783 202 3794 1
225 3766 231 3775 =
252 3772 255 3773 γ
298 3726 390 3787 «fg
449 3742 559 3780 Mm
588 3743 771 3788 pastorum
787 3749 800 3777 .·
814 3739 956 3788 iusuper
983 3745 1019 3776 et
1044 3739 1164 3776 hausit

295 3813 299 3824 1
326 3823 329 3830 ι
361 3790 773 3854 ,mmm
797 3799 931 3838 evim.
955 3798 1003 3836 At
1013 3798 1164 3845 ineman·

1235 3375 1395 3405 mortuus
1415 3376 1465 3405 est
1480 3381 1541 3406 rea:
1554 3370 1702 3416 AEyypti
1726 3379 1738 3404 .·
1759 3376 1791 3404 et
1812 3369 2072 3414 ingemiscentes
2090 3367 2159 3413 filii
2176 3368 2294 3406 Israel
2341 3404 2346 3407 .

1234 3434 1374 3475 propter
1408 3440 1513 3475 opera
1546 3428 1727 3474 vociferati
1765 3432 1860 3462 sunt.
1898 3425 2130 3475 Ascenditque
2159 3427 2294 3464 clamor

1235 3500 1357 3525 eorum
1370 3490 1416 3526 ad
1434 3490 1548 3526 Deum
1564 3489 1607 3524 ab
1634 3487 1808 3534 operibus,
1828 3492 1862 3523 ee
1875 3488 2010 3524 audivit
2036 3490 2205 3536 qemitum
2229 3501 2292 3527 eo-

1237 3559 1329 3591 rum,
1346 3561 1388 3586 ae
1406 3549 1610 3586 reeordatus
1626 3553 1677 3584 est
1708 3548 1851 3595 soederis
1874 3550 1968 3597 quod
1998 3553 2176 3599 pepiqerat
2208 3563 2289 3589 eum

1237 3609 1428 3658 Abraham,
1444 3608 1550 3644 Isaac
1559 3614 1592 3644 et
1604 3608 1729 3645 Iacob.
1747 3608 1913 3657 Respexit
1922 3622 2004 3659 erqo
2012 3612 2185 3650 Dominus
2197 3613 2293 3661 filios

1235 3668 1363 3715 Israel,
1397 3675 1429 3706 et
1458 3671 1616 3718 coqnovit
1644 3682 1715 3707 eos.
1750 3670 1947 3719 Postquam
1982 3683 2070 3721 ergo
2086 3674 2229 3724 Moyses
2250 3676 2290 3713 in

1236 3737 1334 3769 terra
1370 3731 1513 3769 Madian
1549 3742 1700 3770 uxorem
1729 3733 1913 3780 suscepit.
1927 3734 2110 3773 ‘mortuus
2139 3741 2196 3773 est
2219 3746 2288 3776 rex

1236 3795 1399 3843 AEgypti,
1418 3793 1503 3838 auia
1523 3798 1717 3841 postquam
1729 3793 1896 3834 christus
1914 3795 1953 3835 in
1971 3799 2058 3835 tota
2066 3797 2157 3835 orbe
2174 3802 2291 3834 terra-
