2540 4016
326 235 392 273 851

773 238 815 273 Β.
844 233 1015 274 ιιΑιιΑΝι
1042 236 1190 275 ultum
1214 231 1426 278 Ancutcr.
1450 234 1655 278 flocum.
1682 238 1875 282 orcum
1897 243 2018 283 PARS
2041 243 2070 280 1.

323 318 407 356 quae
426 307 647 354 repromissa
667 315 724 348 est
746 309 903 355 saneim
925 315 962 347 et
981 311 1158 347 mittimus
1175 312 1298 348 verbis
1316 322 1380 358 pa·-
1397 316 1428 356 A
1446 322 1516 362 est,
1534 318 1580 354 ad
1599 318 1845 366 impletionem
1859 321 2126 365 mandatorum,
2144 314 2288 359 etiamsi
2313 338 2316 341 ¹
2334 344 2338 355 ·
2356 308 2358 311 V

322 368 437 404 ciricis
458 369 504 405 ed
523 367 668 413 Semi»,
698 371 952 416 promittentes
976 379 1048 406 non
1069 379 1137 406 nos
1159 371 1321 409 abituros
1339 374 1377 409 in

320 433 459 464 terram
473 427 567 473 ejus,
587 438 658 465 nee
673 434 881 466 moraturos
897 440 980 466 cum
998 440 1054 474 eo,
1072 430 1136 466 sed
1156 432 1376 469 transituros

320 492 583 534 tantummodo,
603 495 642 526 et
656 490 863 528 incessuros
889 492 949 527 via
978 491 1109 539 regali;
1133 502 1199 529 nec
1218 493 1376 530 declina-

321 555 423 587 turos
439 561 619 597 usquam,
639 560 760 597 neque
779 551 817 587 in
837 562 988 599 agrum,
1009 562 1126 599 neque
1144 553 1182 588 in
1209 553 1374 597 vineam,

318 613 383 648 sed
403 613 447 649 de
465 613 545 649 lacu
563 614 743 670 bibituros
763 624 908 661 aquam.
922 611 1119 651 Videamus
1128 625 1216 662 ergo
1231 616 1375 661 quando

319 684 386 711 nos
403 663 636 721 promisimus
654 678 739 722 ista,
762 679 908 724 quando
928 679 1006 717 baec
1025 680 1136 715 verba
1153 679 1300 715 diabolo
1315 680 1375 715 de-

318 736 576 775 nuntiavimus.
596 738 820 775 Recordatur
835 741 1083 787 unusquisque
1103 740 1275 783 fidelium,
1292 750 1375 776 eum

320 798 477 843 primum
488 801 586 835 venit
607 800 651 836 ad
670 811 782 847 aquas
797 802 979 848 baptismi,
996 813 1078 838 eum
1094 802 1276 846 signacula
1293 801 1377 837 fidei

319 858 435 905 prima
451 858 621 907 suscepit,
642 868 678 899 et
702 863 746 899 ad
763 864 901 900 sontem
923 865 1093 900 salutaris
1115 864 1280 906 accessit,
1303 863 1378 908 qui-

319 919 387 955 bus
418 921 465 957 ibi
499 927 583 959 tunc
606 935 692 960 usus
720 925 766 960 sit
782 926 904 961 verbis
934 930 970 961 et
1001 926 1087 971 quid
1113 923 1379 961 denuntiaverit

320 979 462 1017 diabolo
481 992 490 1017 :
509 993 580 1018 non
611 994 650 1019 se
671 995 820 1020 usurum
842 987 984 1031 pompis
1003 985 1100 1030 ejus,
1125 996 1193 1021 nec
1210 985 1378 1031 operibus

318 1038 410 1083 ejus,
436 1051 553 1087 neque
573 1044 654 1079 ullis
672 1045 820 1080 omnino
837 1046 996 1081 servitiis
1016 1045 1107 1090 ejus,
1126 1056 1194 1082 nec
1214 1046 1378 1081 volunta-

318 1097 415 1134 tibus
428 1101 644 1144 pariturum.
663 1103 708 1137 Et
727 1105 796 1138 hoc
817 1110 873 1139 est
894 1105 987 1149 quod
1007 1105 1043 1139 in
1060 1106 1116 1141 his
1136 1106 1225 1151 legis
1245 1114 1378 1140 sermo-

318 1158 426 1194 nibus
455 1161 703 1206 adumbratur,
735 1164 817 1208 quia
838 1175 909 1199 non
941 1165 1096 1201 declinet
1123 1166 1231 1201 lsrael
1262 1175 1378 1211 neque

1443 378 1606 415 exercitu
1631 380 1824 416 adversum
1841 389 1908 415 nos
1929 381 2054 416 veniat
2073 380 2194 418 sehon
2217 382 2289 419 iste
2309 373 2447 420 &n'szstl'
2479 420 2481 423 .

1444 438 1620 484 superbus
1651 438 1838 482 diabolus,
1867 444 1904 475 et
1930 439 2102 487 confligat
2133 442 2324 478 adversum
2355 452 2481 488 poss,

1443 508 1572 534 omnes
1593 508 1678 534 suos
1702 503 1830 535 eontra
1854 510 1922 537 nos
1944 502 2102 539 concitet
2124 501 2328 548 daemones,
2353 514 2411 540 su«
2429 530 2435 537 ι

1441 569 1525 595 mus
1538 568 1635 601 eum,
1649 559 1679 595 si
1689 559 1756 595 Dei
1771 562 1944 598 mandata
1955 563 2192 609 complemus.
2203 563 2392 610 Complere
2403 574 2448 601 en
2460 576 2464 591 ¹

1442 620 1634 664 mandatae,
1654 621 1725 658 hoc
1750 627 1807 659 est
1827 624 2009 660 diabolum
2026 630 2062 661 et
2075 635 2200 662 omnes
2217 625 2296 671 ejus
2318 626 2439 663 exet-ei
2466 631 2484 659 1³

1444 687 1630 723 superare,
1647 686 1684 716 et
1702 686 1787 718 tunc
1804 683 2044 730 complebitur
2064 685 2102 720 in
2123 686 2228 722 nobis
2244 685 2406 732 Apostoli
2423 695 2466 722 or

1443 740 1507 783 tio,
1525 741 1587 786 qui
1608 742 1658 777 ait
1675 751 1684 777 :
1708 755 1721 776 ι
1745 744 1841 780 Deus
1860 749 1980 781 autem
1997 751 2159 783 conteret
2177 745 2338 782 Satanan
2355 746 2421 783 sub
2446 765 2451 779 ι
2468 760 2486 778 .=

1444 800 1549 836 dibus
1565 803 1698 838 vestris
1717 803 1892 840 velociter
1913 804 2027 852 (Rom.
2045 805 2137 853 xvl).
2163 820 2176 840 ι
2200 806 2246 842 Et
2263 806 2379 850 aliud,
2403 816 2467 852 qu·

1445 859 1618 898 Dominus
1639 862 1690 897 ait
1709 875 1716 897 ε
1741 875 1752 895 ι
1774 863 1867 899 Ecce
1893 865 1940 900 do
1962 865 2066 901 vobis
2089 870 2302 911 potestatem
2337 866 2487 901 calcan-

1446 930 1556 966 super
1572 929 1758 967 serpentes
1774 929 1810 959 et
1831 924 2059 970 scorpiones,
2082 930 2118 961 et
2135 935 2243 972 super
2261 935 2406 961 omnem
2424 925 2482 960 vir

1447 986 1559 1018 tutem
1579 983 1730 1027 inimici,
1746 989 1782 1019 et
1798 985 1887 1020 nibil
1905 986 2008 1021 vobis
2024 985 2168 1021 nocebit
2185 985 2283 1032 (Luc.
2302 985 2353 1031 x).
2376 997 2388 1018 ›
2406 975 2489 1021 Nih‘

1447 1043 1543 1078 enim
1562 1053 1691 1080 nocere
1714 1049 1883 1089 poterunt
1912 1046 1980 1081 ista
2010 1046 2148 1088 omnia,
2183 1046 2213 1081 si
2244 1045 2433 1080 veniamus
2460 1053 2492 1082 ι»

1448 1100 1552 1145 Jasa,
1575 1103 1610 1138 id
1635 1108 1710 1146 est,
1734 1104 1764 1139 si
1784 1105 1954 1140 mandata
1984 1109 2020 1139 et
2052 1110 2233 1150 praecepta
2261 1105 2405 1140 Domini
2448 1108 2482 1136 Ι·-

1448 1163 1563 1198 nostri
1583 1162 1667 1198 Jesu
1683 1163 1817 1200 Christi
1838 1175 2035 1201 servemus.
2059 1178 2071 1198 α
2094 1165 2287 1211 Noluitque
2302 1166 2422 1201 Sehon
2438 1175 2478 1201 re

316 1217 354 1253 in
375 1229 501 1264 agrum
522 1221 615 1266 ejus,
638 1232 754 1267 neque
772 1224 807 1258 iu
828 1225 975 1260 vineam
990 1224 1091 1269 ejus;
1115 1226 1179 1261 sed
1202 1235 1318 1271 neque
1333 1227 1378 1261 de
1396 1211 1428 1251 B
1452 1235 1463 1256 ι
1480 1222 1645 1259 Hesebon
1660 1225 1858 1260 darenobis
1873 1226 2078 1268 transitum,
2092 1225 2175 1270 quia
2190 1226 2423 1260 induraverat
2444 1228 2477 1257 Ιι

316 1282 398 1314 tacu
419 1278 496 1323 ejas
515 1290 645 1325 aquam
667 1283 858 1327 pollicetur
884 1295 922 1320 se
943 1295 1023 1321 esse
1052 1291 1274 1330 potaturum.
1298 1287 1377 1323 Non

317 1340 412 1374 enim
431 1340 525 1375 ultra
545 1342 704 1377 studium
729 1344 930 1389 disciplinae
951 1347 1158 1389 diabolicae,
1176 1358 1247 1382 non
1263 1353 1377 1383 astro-

314 1399 417 1445 logice
429 1426 438 1442 ,
457 1410 529 1435 non
547 1402 676 1447 magiae
689 1430 697 1444 ‚
717 1413 786 1438 non
810 1405 918 1440 ullius
936 1406 1086 1441 omnino
1105 1407 1279 1441 doctrinae
1297 1417 1378 1451 quae

316 1465 442 1495 contra
464 1461 523 1496 Dei
541 1462 715 1506 pietatem
736 1463 869 1508 aliquid
891 1464 1039 1507 doceat,
1059 1466 1229 1511 populum
1244 1472 1373 1502 sumet.

316 1518 450 1555 Fidelis
467 1521 563 1555 enim
585 1522 692 1557 habet
714 1533 799 1559 suos
820 1524 952 1566 sontes,
976 1530 1012 1559 et
1034 1525 1127 1560 bibit
1146 1526 1188 1561 de
1216 1525 1376 1561 fontibus

314 1580 438 1623 lsrael,
456 1582 548 1617 bibit
563 1583 606 1618 de
621 1582 782 1619 sontibus
797 1585 1032 1622 salutaribus.
1044 1586 1123 1622 Non
1139 1587 1231 1623 bibit
1245 1598 1375 1632 aquam

315 1641 359 1676 de
385 1641 467 1677 lacu
489 1642 630 1686 sehon,
658 1655 725 1680 nec
753 1646 960 1691 relinquens
982 1647 1117 1683 fontem
1143 1659 1244 1694 aquae
1261 1648 1374 1691 vivae,

315 1709 513 1747 congregat
534 1704 601 1739 sibi
618 1704 717 1741 lacus
737 1707 956 1743 consractos.
976 1708 1046 1744 Sed
1066 1715 1101 1744 et
1117 1710 1174 1745 via
1191 1710 1302 1757 regali
1319 1711 1375 1746 in-

314 1771 503 1799 cessurum
522 1773 561 1799 se
580 1765 781 1810 profitetur.
799 1767 885 1811 Quae
901 1774 957 1804 est
971 1770 1030 1804 via
1047 1771 1206 1816 regalis?
1219 1771 1281 1806 Illa
1296 1771 1374 1807 sine

315 1822 426 1858 dubio
459 1834 539 1869 quae
573 1825 686 1861 dicit:
709 1839 721 1860 ι
746 1827 821 1874 Ego
849 1839 929 1864 sum
961 1830 1043 1873 via,
1072 1831 1208 1867 veritas
1234 1837 1270 1867 et
1298 1831 1372 1867 vita

315 1882 437 1929 (Joan.
464 1884 555 1929 xiv).
580 1898 591 1919 ι
614 1886 659 1921 Et
683 1888 813 1924 merito
840 1889 991 1935 regalis;
1019 1890 1095 1936 ipse
1121 1891 1218 1926 enim
1242 1898 1298 1927 est
1330 1894 1374 1929 de

310 1953 382 1989 quo
404 1945 579 1991 Propheta
600 1948 676 1983 ait:
704 1962 716 1982 α
745 1950 854 1993 Deus,
882 1950 1057 1995 judicium
1089 1957 1190 1986 tuum
1224 1953 1299 1999 regi
1326 1954 1370 1988 da

311 2003 427 2050 (Psal.
447 2007 561 2054 cxxi).
588 2022 599 2042 ι
621 2010 687 2045 Via
702 2011 815 2056 regali
837 2021 924 2057 ergo
950 2013 1190 2049 incedendum
1211 2019 1286 2057 est,
1306 2025 1372 2051 nec

312 2065 565 2102 declinandum
588 2079 757 2114 usquam,
775 2082 892 2117 neque
913 2073 948 2108 in
975 2083 1099 2120 agrum
1127 2073 1223 2118 eius,
1251 2085 1367 2121 neque

309 2123 346 2158 in
366 2125 509 2160 vineam
537 2126 634 2171 ejus,
659 2129 694 2165 id
713 2136 789 2173 est,
812 2142 930 2176 neque
956 2133 1002 2168 ad
1021 2143 1150 2178 opera,
1180 2145 1296 2181 neque
1323 2137 1366 2171 ad

311 2191 441 2219 sensus
459 2185 659 2223 diabolicos
678 2188 861 2225 declinare
882 2191 979 2226 ultra
1002 2203 1104 2228 mens
1117 2193 1289 2242 ‘fidelium
1311 2196 1369 2230 de-

308 2244 384 2281 bet.
405 2245 595 2289 Quomodo
628 2258 714 2295 ergo
752 2250 920 2287 volumus
950 2252 1041 2289 fines
1072 2253 1367 2291 Amorrhaeorum

308 2315 391 2342 cum
420 2317 509 2352 pace
535 2310 951 2356 transire?Amorrhaei,
982 2313 1181 2350 infidelium
1203 2316 1263 2360 qui
1285 2322 1368 2352 sunt

310 2364 348 2400 in
368 2366 437 2403 hoc
459 2369 593 2404 mundo
613 2380 699 2415 pars
715 2371 830 2417 accipi
852 2378 984 2418 potest.
1008 2374 1078 2409 Sed
1100 2374 1168 2420 ipsi
1190 2375 1367 2421 interpre-

305 2431 446 2472 tantur,
464 2434 629 2476 utsupra
649 2432 821 2475 diximus,
842 2433 1048 2479 loquentes,
1064 2435 1121 2470 vel
1140 2438 1176 2470 in
1198 2437 1368 2473 amaritu-

305 2487 426 2524 dinem
449 2490 636 2527 addentes.
654 2492 698 2529 Et
715 2494 896 2538 quomodo
917 2495 954 2530 in
974 2496 1256 2534 amaritudinem
1282 2498 1364 2543 qui-

309 2552 391 2588 dem
409 2553 591 2590 adducant
605 2554 720 2591 Deum
750 2556 914 2593 infideles
935 2563 973 2593 et
1002 2558 1199 2603 increduli,
1224 2560 1367 2605 exposi-

305 2611 404 2649 tione
419 2624 492 2650 non
508 2614 654 2662 indiget.
666 2615 767 2659 Quod
784 2622 905 2653 autem
920 2618 970 2653 ait
984 2618 1187 2664 loquentes,
1205 2620 1250 2656 ad
1267 2620 1365 2655 illam

303 2676 447 2717 partem
473 2674 569 2710 trabi
599 2680 741 2720 potest,
761 2677 846 2722 quia
873 2677 1038 2714 infideles
1071 2679 1207 2725 quique
1234 2684 1271 2716 et
1299 2680 1366 2716 sub

304 2732 470 2778 principe
485 2733 628 2770 diabolo
648 2743 813 2782 agentes,
834 2738 934 2784 loqui
949 2746 1082 2779 norunt
1100 2740 1362 2783 tantummodo,

309 2792 375 2828 sed
389 2792 587 2838 loquuntur
601 2794 736 2832 inania.
753 2799 863 2837 Verbi
881 2811 1005 2843 eausa,
1023 2807 1064 2836 ut
1091 2807 1206 2847 poetae
1223 2812 1362 2845 eorum,

309 2856 351 2887 ut
371 2853 559 2900 astrologi,
578 2860 618 2890 ut
641 2857 802 2893 nonnulli
823 2859 933 2895 etiam
958 2860 1255 2907 philosophorum
1269 2888 1279 2905 ,
1300 2862 1364 2907 qui

305 2912 428 2949 inania
448 2914 648 2960 loquuntur
666 2921 703 2953 et
720 2928 827 2953 vana.
847 2918 1027 2955 Fidelium
1042 2926 1165 2956 autem
1189 2932 1339 2967 regnum
1351 2949 1360 2964 ‚

304 2972 400 3018 quod
419 2984 439 3008 a
455 2974 620 3019 De0·est,
641 2986 713 3014 non
734 2977 771 3012 in
790 2988 958 3015 sermone
973 2985 1049 3021 est,
1073 2981 1133 3015 sed
1153 2981 1187 3015 in
1212 2981 1359 3017 virtute.

258 3071 268 3076 ⁷,
303 3032 480 3070 Volumus
509 3044 596 3081 ergo
622 3046 689 3071 nos
719 3037 872 3082 pacifice
898 3040 1054 3074 transire
1073 3049 1138 3084 per
1159 3041 1358 3078 mundum:

300 3094 369 3132 sed
383 3095 454 3133 hoe
470 3095 590 3142 ipsum
603 3096 719 3143 magis
737 3097 864 3133 incitat
887 3099 1089 3145 principem
1110 3101 1235 3137 mundi
1265 3102 1361 3146 quod

302 3155 460 3194 dicimus
484 3166 551 3194 nos
565 3156 662 3193 nolle
679 3167 895 3203 permanere
918 3170 1001 3195 cum
1020 3161 1080 3196 illo
1106 3171 1174 3197 nec
1201 3163 1358 3205 morari,

301 3224 371 3252 nec
410 3215 547 3262 aliquid
570 3216 648 3262 ejus
674 3217 765 3254 velle
790 3219 1013 3265 contingere.
1046 3219 1131 3255 lnde
1156 3221 1271 3266 magis
1291 3231 1359 3256 ex—

303 3277 510 3321 acerbatur.
530 3277 614 3316 inde
632 3278 819 3315 extollitur
843 3284 879 3315 et
898 3279 1080 3323 irascitur,
1099 3284 1135 3315 et
1154 3285 1360 3315 commovet

299 3338 407 3374 nobis
425 3339 700 3384 persecutiones
713 3366 722 3383 ‚
747 3339 908 3386 pericula
925 3340 1097 3383 suscitat,
1112 3339 1295 3376 eruciatus
1309 3340 1362 3376 in-

301 3403 434 3436 tentat.
461 3400 507 3438 Et
531 3400 614 3438 ideo
633 3401 748 3439 dicit:
770 3414 784 3436 ‹
807 3401 1048 3449 Congregavit
1069 3401 1214 3448 iniquus
1239 3401 1359 3438 Selion

300 3460 472 3506 populum
488 3471 609 3506 suum,
626 3468 664 3500 et
680 3464 770 3501 exiit
781 3463 975 3511 confligere
991 3464 1183 3500 adversum
1195 3463 1320 3500 Israel.
1342 3476 1356 3499 ›

303 3518 460 3564 Quisest
471 3522 590 3561 omnis
603 3524 759 3570 populus
772 3524 912 3568 Sehon,
931 3534 1040 3571 quem
1058 3524 1217 3563 eoncitat
1231 3528 1360 3561 eontra

298 3580 442 3622 lsrael?
469 3583 656 3632 Principes
674 3596 719 3623 ac
741 3586 884 3633 judiees
903 3586 1048 3630 mundi,
1071 3585 1266 3631 cunctique
1295 3593 1359 3623 no-

301 3644 427 3691 quit-iae
448 3645 628 3691 utinistri,
653 3647 717 3694 qui
750 3647 968 3695 impugnant
999 3655 1144 3692 semper
1172 3650 1210 3682 et
1236 3653 1359 3691 persar-

300 3710 462 3751 quantur
471 3706 646 3754 populum
659 3706 738 3745 Dei.
755 3707 829 3745 Sed
841 3708 931 3754 quid
948 3707 1034 3744 facit
1050 3706 1187 3744 Israel?
1202 3718 1216 3741 ‹
1234 3704 1356 3749 Venit.

300 3763 433 3811 imit.
452 3768 490 3805 in
508 3766 609 3813 Jasn,
628 3781 643 3804 ι
663 3769 765 3815 qnod*
780 3769 1042 3815 interpretami-
1057 3765 1222 3803 mandati
1243 3765 1358 3805 adin-

299 3823 425 3875 plotio.
441 3826 485 3865 st
499 3836 590 3875 ergo
604 3829 936 3869 wentanum-o·
958 3828 1006 3867 ad
1021 3828 1142 3869 locum
1165 3827 1303 3871 istut&
1316 3825 1357 3863 fl

1453 1294 1465 1315 α
1486 1284 1605 1334 minus
1621 1285 1716 1320 Deus
1735 1290 1816 1320 tuus
1830 1285 1995 1331 spiritum
2011 1286 2101 1332 ejus,
2114 1290 2149 1320 et
2165 1285 2421 1321 obfirmaverat
2441 1292 2490 1321 αι’

1451 1353 1463 1374 ι
1484 1330 1594 1384 illius,
1617 1348 1655 1377 ut
1676 1344 1906 1380 traderetur'
1898 1356 1934 1380 ιιι
1957 1355 2086 1381 manus
2100 1352 2203 1388 tuas,
2225 1346 2426 1381 sicutnunc
2445 1344 2482 1381 vi
2502 1391 2503 1394 Ἰ

1451 1411 1464 1431 ι
1484 1401 1562 1442 des,
1579 1405 1648 1435 ete.
1676 1414 1688 1435 ι
1713 1402 1796 1437 Haee
1814 1403 1937 1439 dicens
1958 1404 2111 1451 Moyses,
2131 1406 2213 1440 dum
2233 1405 2402 1450 populum
2417 1404 2477 1439 nli.
2499 1418 2501 1422 ·

1447 1459 1583 1503 quitur,
1602 1460 1673 1496 tale
1690 1461 1825 1505 aliquid
1845 1471 2106 1498 commemorat
2124 1465 2230 1508 quale
2257 1465 2445 1501 dicebatur
2463 1464 2489 1499 i

1446 1520 1569 1556 Exodo
1587 1532 1594 1555 :
1616 1533 1627 1553 ι
1650 1521 1726 1567 Ego
1743 1522 1909 1558 induravi
1935 1533 1997 1558 cor
2020 1523 2231 1559 Pharaonis.
2254 1536 2266 1558 ι
2287 1525 2332 1559 Et
2352 1526 2446 1570 quod
2466 1525 2477 1560 1

1445 1581 1594 1626 psalmis
1614 1581 1745 1627 legitur
1765 1594 1772 1616 :
1798 1595 1810 1614 ‹
1834 1582 2023 1618 Convertit
2042 1593 2105 1618 cor
2124 1593 2264 1626 eorum,
2283 1588 2323 1618 ut
2343 1584 2501 1626 odissen,

1444 1643 1615 1689 populum
1642 1643 1732 1689 ejus.
1759 1657 1770 1678 ›
1798 1643 1871 1679 Nec
1890 1649 2032 1680 tacetur
2048 1645 2107 1680 hic
2131 1655 2240 1680 causa
2263 1644 2508 1681 indurationi

1444 1705 1565 1750 hujus,
1584 1715 1664 1739 cum
1687 1704 1819 1740 dicitur
1837 1717 1844 1739 :
1869 1717 1880 1738 ι
1896 1704 1943 1741 Ut
1963 1705 2167 1740 traderetur
2179 1705 2214 1740 in
2231 1715 2361 1741 manus
2373 1709 2467 1748 tuas,
2495 1722 2499 1739 ι,

1445 1763 1537 1799 sicut
1558 1764 1593 1799 iu
1611 1762 1678 1800 hae
1692 1764 1763 1806 die,
1781 1764 1815 1799 id
1833 1770 1901 1806 est,
1919 1769 1958 1799 ut
1976 1765 2184 1800 vinceretur
2207 1775 2227 1800 a
2248 1769 2297 1808 te,
2317 1765 2412 1810 quod
2425 1776 2464 1800 ιιι
2482 1780 2487 1797 1

1443 1825 1547 1860 fieret
1564 1826 1633 1861 nisi
1650 1825 1836 1861 resisteret
1852 1837 1861 1860 ε
1882 1835 1958 1861 non
1969 1831 2088 1861 autem
2104 1826 2293 1862 resisteret
2305 1825 2375 1861 nisi
2391 1825 2491 1861 cord

1443 1887 1634 1922 obdurato.
1647 1886 1757 1931 Cujus
1774 1888 1824 1922 rei
1835 1887 2017 1933 justitiam
2034 1887 2063 1924 si
2082 1887 2341 1932 quaesierimus,
2359 1887 2436 1923 inse
2508 1927 2514 1935 .‚

1442 1948 1566 1984 tabilia
1601 1954 1685 1984 suut
1712 1949 1847 1995 judicia
1879 1950 1958 1985 Dei.
1992 1949 2167 1995 Iniquitas
2201 1954 2322 1985 autem
2345 1959 2417 1985 non
2443 1957 2476 1984 e
2497 1939 2506 1948 ’

1443 2010 1535 2055 apud
1550 2020 1645 2045 eum.
1663 2010 1760 2046 Sane
1776 2010 1972 2046 notandum
1988 2002 2043 2046 est
2057 2010 2298 2046 confortatum
2313 2019 2377 2046 cor
2392 2019 2452 2054 po
2462 2024 2471 2041 ε
2486 2039 2490 2041 .

1443 2070 1513 2106 dici
1528 2076 1564 2106 et
1580 2071 1616 2106 in
1638 2070 1745 2106 malo.
1771 2082 1783 2104 ‹
1806 2071 2128 2116 Percussimusque
2152 2079 2233 2105 eum
2261 2079 2342 2105 cum
2360 2068 2444 2104 tiliis
2463 2077 2498 2104 e

1443 2142 1455 2163 ι
1479 2131 1722 2177 omnipopulo
1742 2141 1820 2174 suo,
1839 2136 2059 2177 cunctasque
2074 2132 2182 2166 urbes
2197 2131 2232 2166 in
2252 2135 2415 2175 tempore
2431 2129 2485 2164 ill
2504 2180 2506 2187 Ι

1443 2202 1454 2224 ι
1479 2192 1654 2236 cepimus,
1675 2191 1876 2228 intersectis
1893 2191 2158 2228 habitatoribus
2173 2200 2300 2227 earum
2313 2216 2322 2233 ‚
2339 2189 2426 2225 viris

1442 2263 1455 2285 ι
1480 2253 1693 2289 mulieribus
1726 2264 1769 2289 ac
1801 2253 1973 2299 parvulis.
2020 2252 2099 2289 Non
2131 2252 2344 2298 reliquimus
2375 2252 2412 2286 in
2444 2250 2478 2287 ei
2497 2291 2499 2294 Α

1441 2323 1454 2345 ι
1481 2312 1675 2357 quidquam
1697 2313 1834 2358 absque
1848 2313 2044 2358 jumentis,
2064 2322 2144 2359 quae
2162 2312 2199 2347 in
2218 2318 2340 2358 partes
2366 2321 2456 2347 vene
2496 2359 2499 2362 y

1441 2383 1453 2405 ‹
1479 2372 1730 2417 praedantium,
1751 2378 1788 2408 et
1817 2373 1941 2418 spoliis
1961 2373 2105 2408 urbium
2126 2382 2216 2419 quas
2243 2372 2417 2417 cepimus.
2442 2370 2486 2406 A

1440 2443 1452 2464 ‹
1475 2430 1605 2473 Aruer,
1623 2441 1704 2476 quae
1721 2437 1776 2467 est
1796 2442 1905 2477 super
1922 2434 2038 2478 ripam
2053 2433 2225 2469 torrentis
2242 2432 2382 2474 Arnon,
2396 2441 2458 2476 opu
2479 2468 2481 2482 ἰ

1439 2502 1452 2524 ‹
1478 2492 1522 2527 do
1540 2493 1634 2536 quod
1655 2492 1691 2526 in
1710 2491 1802 2527 valle
1823 2493 1934 2527 situm
1954 2498 2012 2528 est
2036 2502 2152 2537 usque
2171 2491 2319 2532 calaad,
2337 2499 2410 2525 non
2427 2489 2498 2525 fu

1439 2562 1452 2583 ι
1477 2551 1579 2587 vicus
1613 2556 1722 2596 atque
1755 2551 1885 2587 civitas
1919 2561 2001 2597 quae
2038 2556 2180 2587 nostras
2216 2549 2390 2595 effugeret
2417 2558 2478 2583 ma
2506 2547 2507 2551 ’

1439 2621 1452 2643 ‹
1477 2619 1560 2653 nus,
1581 2614 1652 2646 etc.
1677 2622 1690 2644 »
1712 2610 1779 2645 llic
1794 2615 1851 2645 est
1864 2610 1976 2646 lsrael
1997 2610 2058 2656 qui
2076 2610 2113 2645 in
2134 2609 2280 2645 Christo
2294 2607 2404 2644 lsrael
2434 2622 2459 2639 ν
2484 2635 2485 2639 ,
2507 2603 2509 2607 ’

1434 2670 1496 2716 qui
1515 2680 1589 2706 non
1609 2671 1645 2706 in
1664 2679 1776 2706 carne
1792 2669 1901 2706 lsrael
1915 2679 1984 2706 nec
2002 2670 2038 2706 in
2053 2668 2248 2705 manifesto
2265 2667 2410 2706 Judaeus
2426 2671 2482 2704 cst
2499 2676 2501 2678 ·

1434 2730 1512 2775 ipse
1530 2729 1670 2766 habitat
1692 2730 1730 2766 in
1748 2729 1918 2765 omnibus
1946 2729 2154 2765 civitatibus
2179 2727 2472 2765 Amerhaeorum

1433 2804 1517 2830 cum
1534 2794 1572 2830 in
1590 2794 1689 2832 omni
1707 2795 1797 2831 orbe
1813 2799 1992 2830 terrarum
2010 2794 2145 2831 Christi
2162 2793 2334 2830 Ecclesiae
2360 2801 2473 2838 propa
2488 2810 2494 2823 .-

1432 2860 1577 2902 gantur.
1601 2854 1673 2891 Sed
1699 2861 1736 2891 et
1762 2856 2010 2901 unusquisque
2041 2860 2208 2890 nostrum
2237 2853 2338 2899 prius
2365 2852 2465 2888 civit
2492 2869 2498 2892 =,

1431 2915 1500 2953 fuit
1517 2916 1614 2962 regis
1629 2915 1764 2960 Sehon,
1782 2916 1880 2962 regis
1899 2915 1997 2951 elati.
2019 2914 2208 2961 Regnabat
2225 2913 2321 2949 enim
2336 2912 2375 2948 in
2384 2912 2459 2949 nob

1432 2977 1600 3020 stultitia,
1620 2978 1788 3023 superbia
1801 3005 1810 3022 ‚
1840 2977 2027 3023 impietas,
2044 2979 2082 3011 et
2102 2974 2226 3011 omnia
2245 2983 2326 3020 quoe
2344 2977 2430 3009 sunt
2469 2997 2472 3000 -
2490 2992 2493 2999 ι

1431 3043 1536 3084 parte
1568 3037 1720 3081 diaboli3
1753 3038 1818 3074 sed
1845 3038 1908 3073 ubi
1925 3040 2155 3083 expugnatur
2185 3041 2222 3070 et
2257 3034 2418 3070 deviem
2444 3046 2477 3065 ’,τ’

1433 3097 1560 3141 fortis,
1583 3102 1620 3133 et
1638 3107 1724 3133 vasa
1743 3097 1821 3143 ejus
1841 3086 1980 3143 direpti
2001 3099 2104 3139 sunt,
2125 3093 2243 3130 effecti
2259 3102 2383 3132 snmus
2405 3090 2473 3128 oiv'

1433 3163 1527 3194 tates
1543 3157 1666 3201 lsrael,
1687 3161 1724 3193 et
1742 3157 1936 3193 haereditas
1955 3160 2161 3192 sanctorum
2173 3180 2184 3197 ,
2203 3152 2235 3190 si
2254 3156 2377 3189 nmen
2395 3150 2477 3197 psn'

1433 3224 1492 3256 tus
1508 3218 1630 3255 excisa
1649 3223 1706 3255 est
1725 3218 1764 3254 iu
1779 3218 1883 3254 nobis
1902 3222 2063 3263 potestas
2079 3215 2141 3251 illa
2156 3223 2239 3261 qum
2256 3213 2359 3259 prins
2374 3212 2420 3249 do
2432 3235 2434 3238 -
2444 3229 2448 3243 ι
2460 3211 2469 3219 “

1431 3279 1589 3315 nabetur
1612 3277 1738 3319 nobis,
1766 3283 1805 3312 et
1831 3277 1956 3312 excisa
1971 3281 2030 3312 est
2051 3276 2162 3311 arbor
2186 3274 2432 3316 insumerem.
2468 3276 2491 3302 ι’

1432 3333 1596 3378 dejectus
1615 3338 1672 3372 est
1683 3344 1749 3372 rex
1763 3334 1895 3376 elatus,
1911 3338 1948 3370 et
1965 3342 2091 3371 sumus
2107 3331 2175 3370 sub
2189 3341 2235 3370 eo
2250 3340 2338 3377 rece
2355 3330 2418 3381 qui
2434 3330 2474 3367 di

1433 3395 1508 3434 eit:
1531 3407 1547 3431 ι
1566 3394 1703 3433 Discite
1719 3403 1740 3428 a
1759 3403 1818 3430 me
1835 3393 1920 3439 quia
1937 3393 2037 3430 mitis
2059 3401 2140 3430 sum
2156 3397 2196 3429 et·
2212 3391 2360 3432 humile
2377 3400 2423 3430 co
2447 3427 2453 3430 ,
2470 3426 2472 3428 ,

1431 3455 1576 3505 (natm.
1594 3455 1659 3502 xi).
1682 3467 1696 3491 ι
1720 3452 1790 3492 Sed
1808 3457 1846 3490 et
1862 3453 1941 3499 ipsa
1960 3452 2106 3491 nomina
2123 3451 2285 3493 locorum
2305 3451 2395 3492 huie
2410 3465 2418 3489 .·

1431 3517 1492 3557 sui·
1507 3526 1589 3554 eum
1607 3512 1968 3560 interpretationibus
1989 3512 2069 3550 suis
2091 3511 2228 3552 favent.
2254 3510 2372 3555 Areo!
2408 3525 2414 3542 ²

1430 3577 1692 3627 5328?pr
1719 3572 1926 3614 manus.
1946 3571 2071 3610 Arnon
2095 3581 2248 3614 seem
2266 3570 2433 3619 iam
2456 3584 2461 3589 ·

1429 3635 1961 3681 Gammauszustimonii.
1981 3634 2036 3675 Ab
2057 3633 2302 3682 nostem.-
2325 3642 2409 3680 cnm
2432 3647 2452 3672 κ

1427 3700 1644 3749 perripam
1658 3697 1832 3737 meotis
1854 3696 1978 3734 Arnon
1993 3721 2004 3740 ,
2017 3696 2190 3743 oppidum
2210 3693 2344 3742 qut-df
2331 3703 2372 3735 ut
2460 3699 2461 3702 ’

1426 3761 1537 3800 situm
1548 3763 1606 3798 est
1619 3767 1736 3805 usquo
1749 3756 1900 3801 Galam.
1918 3756 2072 3797 nonfuit
2085 3756 2246 3798 visust
2255 3753 2425 3799 οἰηθῇ

1427 3821 1671 3863 melinum
1685 3818 1860 3867 auum
1872 3826 2032 3859 manas·
2048 3826 2138 3864 w
2155 3814 2309 3860 m
