2540 4016
77 180 148 236 ns

472 248 630 292 capur⁴
649 249 693 286 n.

75 376 78 377 ⁷
122 338 164 383 eq
187 325 281 375 quod
299 323 404 361 caleb
423 324 608 379 spopondit
625 323 738 370 filiam
757 333 860 359 suam
875 333 1019 359 uxorem
1041 326 1106 362 viri

103 386 163 424 qut
164 377 362 430 percuteret
377 370 634 417 Canatsepher.
653 370 699 405 Et
708 370 800 416 quod
816 370 894 405 Axa
908 370 984 415 filia
1001 369 1104 408 Caleb

102 426 188 472 pem
201 423 337 466 patrem
350 418 436 454 dare
457 417 523 454 sibi
547 422 677 452 terram
696 417 881 463 irriguam.

105 497 223 550 (Iam.)
247 497 414 554 Dixitque
444 494 549 532 Gateb
574 505 587 530 .·
607 493 679 538 ραι·
701 494 911 541 percusserit
933 491 1107 529 Cariatse-

0 607 13 621 ς
57 562 60 566 ’
79 558 155 604 her,
170 564 203 595 et
221 558 406 595 vastaverit
429 566 519 598 eam,
551 554 641 590 dabo
660 555 692 591 ei
718 554 831 590 Anam
860 552 972 599 filiam
995 562 1108 587 meam

13 632 215 693 *uxorem
236 618 317 656 Jam
331 619 400 655 hoc
414 623 450 654 et
466 618 503 654 in
521 616 614 654 libro
633 615 719 654 Jesu
731 615 830 652 Nave
849 623 1109 652 commemora-

38 687 134 753 ⁸tum
151 686 219 726 est,
235 681 299 717 sed
313 685 437 716 utrum
453 678 539 716 Jesu
557 679 700 715 vivente
723 678 859 715 sactum
879 678 942 721 sit,
956 681 993 713 et
1012 685 1109 711 nunc

0 779 11 789 f
24 741 123 802 ‘Aper
141 742 475 789 recapitulationem
494 741 703 786 repetitum,
714 750 760 775 an
773 744 855 785 post
864 738 941 784 ejus
956 742 1109 773 mortem

9 798 49 852 '¹³2
57 808 292 852 posteaquam
313 802 446 839 dictum
475 806 543 845 est,
577 800 600 836 J
603 801 690 836 udas
732 799 891 835 ascendet
907 825 916 841 ‚
944 803 976 833 et
1012 797 1110 842 coepit

26 853 47 877 ‘⁴²
57 864 172 900 Iudas
189 862 363 898 debellare
382 861 614 904 chananoeos‚
636 860 673 895 in
692 869 763 906 quo
778 859 870 895 bello
902 858 972 893 ista
991 856 1110 892 omnia

29 923 159 997 rgesta
179 928 387 967 narrantur,
421 923 551 959 merito
584 921 780 968 quseritur?
801 920 872 956 Sed
904 918 1111 954 credibilius

57 992 113 1023 est
130 992 211 1032 post
230 991 383 1021 mortem
404 981 489 1020 Jesu
512 982 662 1026 sactum,
698 986 784 1016 tunc
805 985 925 1014 autem
945 989 1008 1023 per
1027 988 1109 1023 pro-

58 1044 189 1093 lepsin,
203 1045 240 1081 id
255 1050 323 1087 est,
339 1054 405 1090 per
416 1042 765 1089 praeoccupationem
777 1043 1109 1079 commemoratum,

0 1128 14 1131 ἡ
60 1105 363 1154 quemadmodum
382 1108 418 1138 ct
445 1103 529 1138 alla.
564 1101 668 1137 Nunc
691 1100 785 1136 enim
813 1110 894 1136 cum
920 1109 977 1134 rcs
1005 1103 1113 1144 gesta:

688 176 923 217 conuENT.
948 177 994 216 ΙΝ
1017 179 1102 218 LtB.
1128 181 1338 223 summm.
1363 204 1410 213 —
1432 186 1516 224 [ΑΒ.
1537 186 1567 226 1.

2064 216 2066 220 ·
2112 191 2203 230 flu

1122 262 1156 301 A
1172 257 1260 295 dita.
1280 257 1383 295 Unde
1400 269 1497 296 nunc
1523 259 1715 296 subditur:
1741 257 1830 301 Quoe
1846 267 1923 297 cnm
1934 262 2136 309 suspirasset
2148 274 2204 300 se-

1171 321 1256 356 dens
1276 321 1315 356 in
1331 322 1443 364 asino,
1475 320 1564 356 dixit
1583 321 1615 356 ei
1645 319 1750 356 natet»
1769 327 1782 352 .·
1817 318 1908 362 Quid
1930 319 2054 358 habes?
2069 324 2112 359 Aa
2138 323 2204 360 itta

1171 379 1346 426 respondit
1362 389 1376 415 .-
1389 379 1447 415 Da
1457 379 1543 415 mini
1557 378 1838 420 benedictionem,
1855 383 1982 413 terram
1995 381 2207 417 ‹tremende-

1172 437 1375 480 distimin1‘3
1405 438 1452 474 da
1471 444 1504 474 et
1523 438 1694 484 iniquam
1707 436 1832 483 aquis?
1847 436 1950 472 Dedit
1965 448 2042 485 erqo
2057 440 2090 475 ei
2105 441 2206 479 Βοιώ

1172 497 1342 543 irriynam
1371 498 1527 543 saperius
1561 502 1594 532 et
1613 496 1783 542 irriguam
1798 494 1954 541 inferius.
1976 495 2210 543 spiritualiter

1175 562 1296 595 autem
1311 556 1431 593 anima
1447 567 1553 602 super
1566 556 1705 593 asinam
1723 551 1839 599 sedit,
1859 565 1940 591 cum
1958 557 2211 595 irrationabili-

1174 618 1242 655 bus
1257 617 1375 654 carnis
1393 627 1467 654 suae
1485 617 1642 653 motibus
1663 616 1782 652 anima
1799 615 1980 662 praesedit,
1995 626 2074 662 quae
2092 617 2207 663 suspi-

1176 688 1262 714 rans
1279 688 1298 712 a
1324 683 1426 723 patre
1447 682 1578 713 terram
1596 677 1766 723 irriguam
1791 676 1892 722 petit,
1916 675 2000 722 quia
2024 683 2216 713 acreatore

1177 743 1301 775 nostro
1330 748 1412 774 eum
1438 747 1567 784 magno
1592 738 1725 784 gemitu
1754 736 1944 782 quaerenda
1977 735 2214 782 lacrymarum

1178 798 1307 843 gratia.
1327 796 1419 834 Sunt
1435 807 1589 843 namque
1610 796 1782 839 nonnulli,
1809 797 1870 842 qui
1883 795 1959 841 jam
1975 795 2012 831 in
2033 796 2124 831 dono
2138 805 2218 840 per-

1178 863 1351 904 ceperunt
1367 857 1476 894 libere
1506 868 1571 903 pro
1603 856 1742 902 justitia
1761 856 1870 902 loqui,
1900 865 2090 901 oppressos
2112 855 2217 899 tueri,

1179 920 1420 966 indigentibus
1428 929 1591 964 possessa
1603 919 1771 960 tribuere,
1788 918 1951 954 ardorem
1966 917 2046 952 [idei
2063 916 2193 953 habere
2206 928 2216 959 ;

1180 980 1243 1015 scd
1266 981 1380 1015 adhuc
1398 980 1548 1024 gratiam
1568 979 1807 1025 lacrymarum
1827 987 1896 1013 non
1934 977 2078 1012 habent.
2101 976 2143 1011 lli
2165 976 2218 1011 ni-

1180 1041 1310 1075 mirum
1345 1046 1478 1076 terram
1511 1038 1703 1074 australem
1733 1043 1768 1073 et
1793 1042 1953 1072 arentem
1978 1036 2110 1071 habent
2125 1062 2134 1077 ‚
2159 1035 2222 1071 sed

1183 1099 1301 1133 adhuc
1312 1099 1444 1143 irrigua
1461 1097 1634 1141 indigent,
1652 1096 1736 1140 quia
1751 1095 1788 1130 in
1804 1095 1908 1130 bonis
1921 1094 2088 1139 operibus
2102 1093 2220 1138 positi,

38 1171 42 1174 ’
61 1168 231 1206 adversus
251 1165 472 1203 Chananaeos
502 1163 612 1199 tribui
634 1161 734 1197 Judac
759 1164 1043 1206 exponerentur,
1066 1159 1115 1193 ita
1133 1152 1164 1190 B
1185 1158 1315 1203 quibus
1331 1157 1450 1202 magni
1466 1162 1574 1202 atquc
1591 1155 1771 1190 ferventes
1787 1159 1882 1196 sunt,
1893 1158 2033 1199 oportet
2043 1153 2223 1194 nimirum,

61 1240 100 1267 se
122 1227 341 1265 narrationis
354 1225 443 1262 ordo
458 1224 628 1265 continet,
652 1223 746 1258 inter
761 1226 891 1257 caetera
904 1218 1003 1255 Judae
1019 1218 1115 1254 sacta

61 1290 203 1333 bellica,
224 1289 268 1325 de
288 1299 359 1335 quo
379 1293 461 1334 post
480 1291 633 1322 mortem
653 1283 738 1320 Jesu
764 1282 907 1318 dixerat
923 1280 1111 1322 Dominus,

62 1351 86 1389 J
89 1352 176 1388 udas
193 1350 367 1387 ascendet.

111 1413 157 1448 Et
171 1418 291 1459 postea
324 1410 574 1445 descenderunt
598 1406 663 1452 filii
683 1405 777 1440 Juda
795 1413 950 1450 puqnare
961 1402 1005 1436 ad
1025 1400 1117 1436 Clea-

64 1485 243 1516 mmoeum,
271 1471 330 1519 qai
351 1469 530 1506 habitabat
556 1469 590 1503 in
619 1466 808 1507 montanis,
842 1470 872 1499 et
893 1470 1063 1504 austrum,
1085 1465 1116 1495 ct

66 1542 304 1583 campestrem.
322 1532 368 1568 Et
395 1532 479 1567 abiit
513 1530 626 1565 ,luctas
659 1528 703 1563 ad
722 1527 961 1562 Cltanana‘nm
982 1521 1118 1558 inhabi-

64 1603 195 1634 tantem
228 1596 264 1630 in
288 1594 420 1635 Ebron,
453 1597 483 1627 et
502 1591 584 1626 eaeiit
606 1589 724 1624 Ebron
740 1599 782 1623 ex
800 1587 943 1622 adverso
963 1595 974 1619 .·
995 1595 1119 1619 nomen

66 1665 182 1696 autem
203 1663 276 1693 erat
294 1655 435 1698 Ebron,
454 1651 705 1693 Cariatharbe,
727 1656 757 1685 et
774 1648 942 1695 percussit
966 1645 1042 1682 sesi
1056 1672 1065 1687 ‚
1087 1650 1119 1680 et

67 1721 229 1763 Abiman,
249 1724 281 1754 et
311 1715 448 1753 chalmi
472 1714 563 1761 filios
587 1712 725 1754 Enaclt‚
744 1717 774 1746 et
792 1709 1019 1745 ascenderunt
1042 1706 1121 1741 inde

67 1787 113 1822 ad
131 1784 366 1821 inhabitantes
398 1779 531 1825 Dabyr.
565 1776 701 1812 Nomen
727 1780 841 1810 autem
871 1771 1002 1816 Dabyr,
1030 1767 1122 1814 quod

68 1853 143 1885 erat
164 1853 243 1882 ante
270 1843 390 1880 civitas
419 1841 627 1876 litterarum.
649 1836 695 1871 Et
715 1835 803 1870 discit
823 1832 947 1869 Caleb:
968 1830 1124 1874 Quicun-

68 1921 132 1958 que
152 1906 357 1957 percusserit
369 1904 544 1940 civitatem
565 1900 774 1939 litterarum,
795 1901 825 1931 et
848 1893 1014 1940 acceperit
1033 1902 1122 1932 eam,

69 1973 158 2008 dabo
179 1971 210 2007 ei
228 1970 340 2016 filiam
359 1977 473 2004 meam
492 1965 529 2000 in
545 1973 702 1999 uxorem.
723 1960 872 1996 Constat
887 1966 972 2002 ergo
992 1965 1036 1990 cx
1056 1955 1125 1989 boc

70 2033 197 2070 ordine
223 2036 406 2078 gestarum
422 2036 544 2063 rerum
562 2030 635 2060 tam
651 2021 853 2068 perspicue,
880 2021 1124 2064 postmortem

71 2093 155 2132 Iesu
163 2094 233 2130 hoc
243 2101 323 2128 esse
333 2089 479 2125 sactum.
491 2085 591 2122 Tunc
599 2093 685 2120 vero
694 2092 774 2118 cum
784 2080 949 2117 civitates
958 2077 1049 2113 data:
1058 2076 1126 2121 ipsi

72 2157 181 2194 Caleh
197 2155 581 2191 commemorarentur,
602 2153 815 2194 progressus
834 2147 890 2178 est
902 2151 946 2177 ex
965 2138 1127 2175 occasio-

72 2228 119 2255 ne
133 2221 314 2257 narrator,
338 2212 433 2259 quod
462 2214 588 2256 postea
609 2208 745 2242 sactum
764 2208 819 2240 est
848 2197 1125 2248 praeoccupavit.

73 2278 148 2315 Nec
168 2283 289 2312 tamen
323 2273 457 2309 frustra
478 2270 636 2306 arbitror
655 2267 724 2302 hoc
744 2265 788 2301 de
816 2263 889 2298 tilia
916 2261 1023 2296 Caleb
1048 2259 1129 2293 data

75 2339 114 2377 in
126 2337 275 2374 victoris
292 2332 482 2381 praemium
510 2330 567 2366 his
601 2336 751 2364 numero
790 2323 1012 2368 Scripturam
1033 2329 1130 2354 com-

75 2405 280 2435 memorare
302 2393 471 2429 voluisse.

123 2459 203 2495 Alia
221 2456 383 2494 nascitur
402 2452 553 2500 quaestio
571 2451 613 2487 de
635 2448 707 2484 filia
725 2445 850 2488 Caleb‚
870 2442 966 2489 quod
986 2442 1021 2476 in
1041 2440 1132 2475 libro

79 2519 163 2558 lesu
182 2519 281 2556 Nave
316 2517 368 2553 sic
388 2516 431 2552 de
463 2514 521 2550 illa
539 2511 672 2548 dicitur
692 2518 702 2543 :
724 2507 770 2542 Et
809 2506 937 2551 factum
957 2506 1021 2542 est,
1055 2509 1133 2534 cum

79 2579 320 2627 ingrederetur
332 2577 424 2623 ipsa,
438 2580 469 2609 et
489 2571 674 2608 consiliam
690 2565 810 2602 habuit
827 2575 905 2599 cum
923 2573 976 2604 e0,
997 2561 1133 2595 dicens:

80 2637 206 2676 Petam
219 2643 351 2685 patrem
369 2644 484 2670 meum
511 2641 650 2678 aarum,
668 2633 699 2663 et
725 2623 931 2662 exclamavit
954 2621 996 2656 de
1017 2621 1133 2661 asino,

81 2705 170 2743 etc„
192 2698 252 2734 ubi
273 2706 401 2743 agrum
419 2693 511 2741 petit
533 2703 553 2727 a
583 2695 698 2737 patre,
725 2692 833 2732 atque
852 2692 1046 2720 concessus
1063 2685 1132 2716 est.

82 2760 151 2799 llic
166 2765 287 2796 autem
308 2757 377 2794 :Et
397 2756 527 2802 sactum
545 2758 594 2788 est
607 2778 616 2795 ,
637 2747 770 2795 inquit,
790 2756 867 2781 cum
896 2742 1137 2790 inqrederetnr

83 2819 313 2869 {memorauit
327 2828 404 2853 eam
415 2811 588 2855 othoniel,
603 2817 641 2846 ut
651 2814 775 2857 peteret
787 2819 808 2842 a
821 2811 917 2852 patre
927 2814 988 2839 suo
999 2810 1135 2847 aqrum.

86 2882 159 2922 Sed
176 2883 215 2919 in
230 2892 272 2918 eo
287 2877 443 2927 quodibi
458 2876 595 2912 dictum
611 2877 681 2915 est,
705 2879 784 2905 cum
796 2865 1034 2912 inqrederetur
1047 2862 1136 2907 ipsa,

86 2950 125 2984 et
142 2945 204 2982 hic
221 2943 365 2985 dicitur,
387 2950 466 2975 cam
491 2935 729 2983 inqu-ederetur
746 2932 832 2978 ipse,
863 2926 953 2964 nihil
992 2929 1135 2960 contra-
1155 2940 1189 2979 D

79 2995 189 3043 'rium
217 3008 273 3041 est
298 3015 307 3038 :
345 2998 454 3037 simul
470 2997 567 3034 enim
602 2991 895 3039 ingrediebantur
913 2987 1019 3023 viam.
1038 2983 1140 3027 Quod

88 3076 176 3105 vero
190 3065 240 3102 ibi
259 3063 395 3100 dictum
414 3063 483 3102 est,
510 3054 693 3093 consilinm
710 3051 831 3087 habuit
850 3058 928 3084 cum
943 3057 996 3088 eo,
1019 3045 1054 3080 id
1071 3047 1141 3086 est,

91 3137 174 3166 cum
193 3125 270 3162 viro
292 3131 372 3164 suo,
387 3119 504 3155 dicens
522 3126 534 3152 .·
556 3116 680 3151 Petam
699 3117 834 3159 patrem
854 3118 970 3144 meum
1003 3113 1142 3150 aarum,

92 3195 126 3227 et
177 3184 386 3224 exclamavit
425 3181 467 3217 de
501 3179 600 3216 asino
653 3180 686 3211 et
717 3172 842 3219 petiit:
890 3169 928 3205 in
973 3176 1016 3203 eo
1049 3162 1159 3211 quod-

1183 1224 1223 1254 ut
1243 1224 1304 1253 aut
1334 1218 1462 1252 timore
1488 1216 1672 1262 supplicii,
1708 1220 1770 1250 aut
1794 1224 1916 1249 amore
1952 1212 2052 1258 regni
2073 1211 2226 1247 coelestis

1184 1280 1278 1315 mala
1294 1279 1415 1322 etiam,
1437 1288 1515 1323 quse
1543 1282 1624 1312 autc
1642 1279 1948 1322 perpetraverunt,
1969 1273 2162 1319 deplorent.
2183 1271 2226 1308 Et

1184 1341 1268 1378 licet
1308 1342 1344 1376 in
1386 1341 1506 1376 multis
1542 1340 1727 1385 speciebus
1762 1337 1988 1383 compunctio
2022 1336 2223 1377 dividatur,

1184 1403 1325 1448 quando
1346 1401 1492 1447 singulae
1506 1410 1655 1446 quaeque
1674 1410 1694 1435 a
1715 1398 1970 1445 poenitcntibus
1992 1396 2102 1441 culpae
2121 1395 2225 1441 plan-

1184 1467 1343 1507 guntur;
1366 1461 1459 1496 unde
1482 1470 1526 1495 ex
1554 1470 1640 1495 voce
1673 1468 1813 1505 quoque
1846 1456 2093 1503 poenitentium
2123 1454 2226 1490 Jere-

1185 1522 1275 1557 mias
1293 1521 1371 1556 ait:
1399 1520 1591 1554 Divisiones
1619 1528 1788 1564 aquaram
1816 1516 1958 1551 deduxit
1982 1514 2103 1550 oculus
2131 1523 2228 1548 naeus

1187 1581 1285 1629 (Thr.
1298 1580 1368 1626 ιιι).
1387 1578 1638 1624 Principaliter
1647 1583 1766 1612 tamen
1776 1575 2086 1622 compunctionum
2097 1582 2228 1620 genera

1188 1645 1256 1681 duo
1270 1648 1364 1686 sunt,
1381 1642 1463 1688 quia
1477 1641 1590 1677 Dcum
1604 1639 1728 1676 sitiens
1747 1637 1865 1673 anima
1874 1636 1973 1683 prius
1988 1635 2117 1670 timore
2131 1643 2229 1670 com-

1187 1704 1369 1750 pungitur,
1396 1708 1477 1747 post
1498 1710 1642 1743 amorc;
1678 1698 1778 1744 prius
1795 1697 1890 1732 enim
1911 1705 1989 1732 sese
2011 1695 2046 1730 in
2064 1692 2232 1740 lacrymis

1190 1765 1312 1806 afficit,
1332 1763 1414 1808 quia
1433 1762 1517 1797 dum
1551 1759 1726 1795 malorum
1744 1766 1891 1793 suorum
1922 1754 2061 1794 recolit,
2081 1762 2145 1798 pro
2175 1751 2232 1787 his

1190 1824 1328 1872 perpeti
1359 1822 1531 1869 supplicia
1555 1827 1687 1856 :eterna
1707 1816 1939 1865 pertimescit.
1975 1815 2021 1850 At
2045 1823 2130 1849 vero
2149 1821 2231 1847 cum

1192 1888 1297 1933 longa
1320 1885 1486 1922 moeroris
1513 1881 1743 1918 anxietudine
1763 1879 1869 1915 suerit
1885 1876 2037 1912 formido
2065 1882 2231 1910 consum-

1193 1955 1267 1995 pta,
1297 1948 1457 1993 quaedam
1480 1944 1552 1989 Jam
1575 1943 1617 1978 de
1634 1939 1908 1988 praesumptione
1925 1936 2037 1971 veniae
2056 1932 2229 1970 securitas

1195 2009 1368 2050 nascitur,
1389 2008 1423 2042 in
1442 2013 1633 2050 amoreque
1647 2001 1846 2038 coelestium
1867 1997 2076 2045 gaudiorum
2094 1993 2233 2029 animus

1196 2070 1455 2110 inflammatur;
1474 2065 1579 2110 etqui
1594 2064 1691 2109 prius
1710 2061 1816 2097 flebat
1832 2069 1876 2094 ne
1889 2058 2076 2094 duceretur
2092 2053 2135 2088 ad
2150 2061 2234 2096 sup·

1194 2131 1355 2176 plicium‚
1378 2125 1606 2172 postmodum
1623 2122 1707 2157 sserc
1724 2117 1948 2155 amarissime
1989 2113 2126 2158 incipit,
2153 2109 2237 2155 quia

1197 2188 1360 2224 differtur
1391 2196 1411 2220 a
1439 2193 1561 2229 regno.
1596 2178 1865 2224 contemplatur
1883 2174 2014 2210 etenim
2036 2179 2157 2212 mcnS,
2178 2167 2238 2214 qui

1198 2250 1269 2285 sint
1292 2248 1342 2283 illi
1381 2245 1590 2291 angelorum
1612 2240 1727 2281 chori,
1751 2248 1830 2283 quac
1862 2235 2015 2271 societas
2033 2235 2238 2267 sanctorum

1198 2307 1384 2352 spirituum
1410 2329 1420 2345 ‚
1443 2312 1521 2347 quac
1560 2299 1729 2343 majestas
1764 2296 1913 2330 internae
1934 2289 2080 2326 visionis
2102 2287 2178 2328 Dei,
2203 2290 2240 2321 et

1199 2365 1349 2411 amplius
1374 2362 1539 2408 plangit,
1572 2358 1655 2404 quia
1684 2366 1703 2390 a
1732 2342 1834 2390 bonis
1865 2349 2082 2397 perennibus
2112 2346 2236 2387 deest,

1199 2437 1305 2473 quani
1319 2424 1433 2470 prius,
1452 2430 1532 2456 cum
1550 2418 1641 2453 mala
1659 2420 1791 2451 aetcrna
1810 2409 1990 2447 metuebat
2009 2418 2018 2450 ;
2044 2406 2164 2450 sicque
2182 2402 2235 2445 tit,

1201 2495 1239 2524 ut
1274 2486 1433 2533 perfecta
1467 2478 1692 2526 compunctio
1731 2472 1928 2511 formidinis
1963 2469 2077 2505 tradat
2114 2464 2234 2500 animo

1200 2549 1429 2598 punctionem
1446 2540 1643 2580 dilectionis
1656 2566 1666 2581 ,
1684 2536 1778 2584 quod
1806 2536 1896 2571 bene
1924 2532 1961 2567 in
1976 2530 2042 2566 hac
2061 2535 2162 2563 sacra
2179 2534 2240 2560 ve-

1202 2611 1346 2655 racique
1361 2604 1508 2643 historia
1526 2603 1676 2648 figurata
1691 2595 1893 2634 narratione
1908 2588 2134 2628 describitur.
2150 2583 2241 2628 Quia

1203 2681 1299 2718 crgo,
1320 2674 1359 2705 ut
1374 2666 1462 2709 dixi,
1472 2666 1540 2701 duo
1549 2667 1632 2699 sunt
1648 2654 1930 2704 compunctionis
1945 2660 2088 2698 genera,
2099 2646 2195 2684 dedit
2209 2645 2242 2681 ei

1204 2738 1303 2779 pater
1329 2739 1415 2766 snus
1437 2726 1611 2771 irriguum
1633 2719 1796 2767 superius
1815 2722 1851 2752 et
1880 2713 2053 2758 irriguum
2077 2706 2238 2744 inferius.

1204 2795 1380 2839 irriguum
1399 2789 1528 2836 quippe
1548 2783 1710 2831 superius
1745 2778 1874 2824 accipit
1900 2775 2031 2815 anima,
2065 2780 2145 2807 cum
2161 2776 2240 2804 sese

1207 2853 1374 2901 lacrymis
1396 2847 1551 2886 coelestis
1582 2841 1760 2880 desiderio
1776 2838 1876 2883 regni
1895 2834 2018 2880 aflligit
2041 2844 2049 2875 ;
2071 2830 2242 2876 irriguum

1208 2925 1292 2952 vcro
1326 2911 1475 2948 inferius
1502 2904 1650 2951 accipio,
1675 2912 1757 2939 cum
1784 2897 1913 2934 inferni
1943 2891 2114 2940 supplicia
2131 2888 2247 2926 flendo

1207 2973 1443 3025 pertimescit,
1477 2974 1513 3005 ct
1551 2965 1692 3012 quidem
1713 2961 1812 3007 prius
1828 2956 1979 2994 inferius
2008 2963 2049 2988 ac
2071 2955 2150 2997 post
2170 2946 2249 2983 irri-

1210 3047 1319 3085 guum
1339 3032 1502 3079 superius
1530 3029 1646 3068 datur,
1673 3023 1734 3058 sed
1763 3020 1846 3067 quia
1872 3012 2097 3061 compunctio
2117 3007 2248 3045 amoris

1211 3097 1382 3144 dignitate
1400 3088 1619 3139 praeeminet,
1651 3090 1797 3119 necesse
1814 3078 1880 3114 tuit
1908 3081 1946 3111 ut
1961 3073 2059 3120 prius
2077 3069 2247 3130 irriguum

1214 3159 1391 3207 superius,
1425 3159 1462 3191 ct
1492 3155 1574 3198 post
1606 3147 1779 3191 irriguum
1805 3137 1952 3175 interius
1978 3133 2247 3168 commemorari

1216 3221 1411 3260 debuisset.

68 3284 70 3286 .
93 3249 221 3289 habuit
236 3245 440 3287 consilium,
460 3242 512 3279 ibi
528 3238 665 3277 monita
694 3239 806 3272 estut
823 3234 964 3278 peteret
992 3234 1148 3273 quorum

96 3310 250 3348 alterum
285 3307 338 3346 ibi
371 3306 508 3343 dictum
541 3304 612 3344 est,
650 3296 805 3333 alterum
835 3292 896 3328 bic
915 3302 923 3325 ε
956 3293 1148 3332 utrumque

43 3388 70 3419 *i
97 3374 221 3407 autem
250 3368 303 3405 ita
333 3365 528 3405 diceretur,
547 3359 595 3395 Et
631 3353 816 3393 consitium
839 3348 960 3386 habuit
992 3357 1069 3382 cnm
1095 3355 1149 3387 eo,

40 3430 46 3450 Γ·
64 3437 79 3470 “.
99 3431 218 3468 dicens
233 3427 382 3467 :Petam
398 3429 534 3472 patrem
552 3428 670 3456 meum
690 3420 838 3462 aarum:
859 3409 919 3446 ille
938 3411 1055 3443 autem
1075 3413 1152 3440 mo·
1981 3429 1988 3437 .
2226 3420 2232 3426 ι

39 3457 80 3532 b
100 3490 180 3528 nuit
196 3498 291 3534 eam,
305 3492 343 3524 et
358 3480 574 3521 exclamavit
589 3478 634 3514 de
653 3475 767 3511 asino.
788 3471 903 3508 Porro
917 3470 1037 3502 autem
1057 3460 1152 3508 quod
1265 3459 1326 3498 eis,
1347 3459 1378 3488 et
1408 3447 1498 3502 ‘7¹¹⁰.‘¹
1517 3444 1628 3481 ιῙιιάαε
1661 3443 1829 3520 [montana
1853 3430 2017 3481 possedit,
2049 3436 2109 3463 nec
2140 3425 2248 3470 potunt

40 3541 75 3597 es}
103 3549 154 3589 ibi
171 3559 298 3598 agrum
318 3545 477 3584 refertur
501 3541 665 3590 petiisse,
700 3547 767 3575 nec
785 3542 916 3572 nomen
939 3528 1053 3576 ipsius
1073 3524 1152 3571 agri
1264 3501 1375 3538 ‘mm'
1396 3495 1604 3531 '¹“¹'¹“¹²⁰'⁰⁸
1619 3497 1745 3567 ¹‘“.¹⁸·.
1893 3550 1900 3558 .
2033 3546 2042 3554 0
2190 3536 2213 3573 d

39 3615 49 3640 ἒ
81 3599 258 3648 ‘tacitum
274 3613 354 3652 est;
382 3605 445 3643 hic
474 3611 563 3639 vero
602 3610 686 3637 eum
716 3604 842 3644 agrum
861 3595 984 3639 petere
1018 3583 1154 3622 monita
1266 3571 1382 3624 (lain.)
1402 3566 1487 3604 Filii
1504 3569 1619 3601 autem
1637 3558 1747 3595 Canem
1764 3556 1901 3620 cayna-tut
1929 3547 2043 3613 Moysi
2063 3544 2188 3580 descen
2214 3547 2249 3572 ο-

105 3670 216 3709 tuerit
231 3680 254 3706 a
267 3669 347 3707 viro
359 3677 440 3711 suo,
453 3675 526 3702 non
537 3670 664 3709 agrum
678 3658 827 3705 petiisse
846 3652 976 3691 dicitur
996 3646 1156 3684 clamans
1222 3640 1299 3674 runt
1317 3633 1359 3668 de
1371 3630 1506 3666 ciuitate
1519 3621 1724 3659 palmarum
1742 3625 1820 3651 cam
1828 3611 1910 3658 filins
1917 3605 2013 3644 Iuda
2031 3614 2068 3640 m
2081 3602 2251 3638 desertum

90 3722 156 3771 sde
178 3719 367 3778 subjugati,
383 3726 479 3775 quod
496 3724 547 3762 ibi
565 3722 700 3759 dictum
721 3717 766 3754 de
793 3715 895 3752 asino
908 3739 918 3755 ‚
938 3710 1000 3747 sed
1019 3704 1158 3743 redcm-
1223 3695 1324 3734 sortis
1350 3692 1440 3738 ejtcs,
1462 3682 1559 3750 qaod.
1570 3686 1618 3717 est
1635 3677 1679 3715 ad
1699 3673 1876 3712 meridiem
1889 3667 2004 3709 Arssd·
2029 3670 2061 3700 εἰ
2083 3659 2255 3697 habim*

98 3774 271 3847 fptionem
284 3800 388 3839 aquae
408 3798 454 3829 eo
474 3784 571 3836 quod
593 3783 630 3821 in
653 3785 788 3817 terram
807 3773 921 3814 austri
937 3770 1064 3811 ruisset
1086 3771 1160 3803 tra·
1226 3760 1307 3797 runt
1326 3761 1404 3790 cum
1425 3758 1478 3788 eo.
1518 3741 1608 3780 Hinc
1638 3735 1826 3784 JosePhUS·
1847 3743 1860 3767 ⁸
1880 3727 2062 3767 „edem”
2072 3724 2193 3759 “um
2219 3718 2258 3755 ⁰⁸

1612 3261 1760 3303 CAPUT
1783 3258 1838 3295 ltt.

1219 3366 1320 3412 Quod
1348 3361 1412 3405 filit
1428 3355 1536 3395 Cina‘i
1556 3342 1822 3426 εοςηιιιὶᾍῧμεί
1837 3337 2082 3390 descenderunt
2109 3331 2151 3367 de
2168 3329 2248 3365 cirt-

1265 3419 1332 3448 tate
1351 3406 1552 3443 Patmmm
1566 3407 1642 3432 cum
1657 3393 1739 3439 filus
1779 3389 1861 3430 uda,
1876 3392 1907 3422 et
1922 3383 2156 3420 bataavemnt
2171 3384 2247 3411 cnm
