2540 4016
15 135 30 148 ²
78 167 147 206 aar

21 396 51 411 dd

847 11 896 44 ⁸
1043 36 1082 73 o

75 244 136 287 tit,
154 249 217 280 aut
228 243 393 287 moritur,
402 244 441 281 id
454 249 523 288 est,
539 252 603 283 aut
618 258 690 284 non
706 250 740 286 ei
758 260 802 286 ex
819 252 939 290 animo
957 264 1122 293 succum-

18 303 22 305 “
75 302 150 346 bet,
165 307 226 339 aut
242 311 308 348 per
321 312 401 339 eam
418 302 581 342 funditus
603 307 641 343 in
657 309 788 346 animae
809 311 884 348 vita
903 318 1124 354 succumbet.

76 361 161 398 Sive
174 371 262 408 ergo
279 371 360 398 eam
375 372 532 409 sequens
551 366 706 403 maritus
728 369 922 415 dimiserit,
937 373 1012 409 sive
1031 385 1127 412 mor-

74 426 157 459 tuus
170 420 295 466 suerit,
309 423 460 460 maritus
474 425 574 470 prior
588 436 660 463 non
680 429 814 474 poterit
826 440 907 467 eam
927 432 963 467 in
978 443 1126 472 uxorem

74 483 249 530 recipere,
267 483 352 530 quia
375 484 511 529 polluta
538 491 606 523 est.
635 487 683 524 Ut
702 489 870 527 videlicet
889 493 924 528 is
940 494 1000 539 qui
1016 497 1126 532 semel

73 552 198 580 curam
215 547 396 579 terrenam
421 549 530 590 atque
547 549 736 592 praesentis
769 552 853 587 vitae
888 552 1124 592 intentionem

72 602 271 648 reliquerit,
290 602 335 638 ad
352 612 432 639 eam
450 604 544 641 ultra
560 607 658 644 nullo
677 610 783 647 modo
802 613 935 656 redeat,
955 615 1126 660 quoniam

72 662 148 709 ipse
167 672 233 698 suo
247 661 385 707 judicio
399 662 475 708 jam
489 675 568 701 eam
589 667 730 713 polluit,
749 671 809 716 qui
828 682 907 708 eam
925 674 1026 719 prius
1045 674 1126 710 ideo

72 722 240 765 deseruit,
261 723 344 769 quia
362 724 537 770 pollutam
569 737 650 764 esse
684 732 864 774 cognovit.
899 732 1001 769 Unde
1027 739 1127 770 recte

70 781 296 830 subjungitur
332 795 340 818 t
385 797 397 817 ‹
440 785 493 821 Ne
524 797 677 833 peecare
713 789 825 827 facias
864 797 996 827 terram
1029 799 1126 829 tuam

71 854 179 891 quam
211 844 387 883 Dominus
420 847 516 884 Deus
534 855 616 886 tuus
636 850 701 887 tibi
728 852 918 887 tradiderit
940 854 1126 898 possiden-

68 905 164 942 dam.
190 919 201 940 »
232 906 372 943 Polluet
402 909 496 945 enim
531 915 667 947 terram
691 922 793 947 suam
809 938 819 955 ,
839 912 901 957 qui
921 915 1127 952 carnalibus

68 965 258 1001 desideriis
275 972 312 1002 et
326 968 632 1014 concupiscentiis
649 969 756 1014 hujus
767 971 891 1007 mundi
917 974 1127 1018 coinquinat

68 1037 199 1072 corpus
220 1038 347 1072 suum;
384 1029 465 1064 ideo
482 1030 728 1066 necessarium
748 1031 852 1067 valde
869 1039 938 1075 est,
954 1040 993 1069 ut
1013 1036 1127 1071 ambi-

68 1085 199 1122 tionem
233 1087 316 1123 vitae
337 1089 527 1133 praesentis
553 1090 722 1126 edomare
741 1090 885 1128 sortiter
902 1092 1060 1138 festinet,
1081 1107 1126 1132 ne

589 172 856 215 ENARRA'HO
879 177 1032 218 SUPER
1055 183 1471 226 nssu'rERONomuu.
1494 212 1541 220 -
1561 194 1648 232 Lm.
1674 196 1734 235 111.

1141 263 1174 302 Α
1193 260 1327 297 malum
1342 261 1380 297 in
1405 269 1577 308 quantum
1593 273 1698 311 potes
1721 269 1856 317 absque
1871 281 1968 314 metu
1988 291 1999 315 ι
2026 291 2109 320 nam
2137 285 2232 324 Deus

1656 19 1701 63 φ

1194 323 1275 368 pius
1293 329 1365 366 est,
1387 328 1424 360 et
1445 325 1490 360 ad
1518 325 1774 374 indulgendum
1807 339 1966 378 paratus.
1997 339 2068 377 Sed
2095 346 2234 384 mium-

1194 387 1280 419 tunc
1296 385 1391 420 mola
1406 390 1560 432 utraque
1579 387 1743 433 habetur,
1759 391 1790 426 si
1807 396 1844 428 et
1858 403 1945 439 spes
1958 396 2005 432 sit
2021 408 2102 438 omn
2112 412 2234 443 emen.

1195 440 1302 476 dante
1315 442 1518 490 formidine,
1534 450 1570 482 et
1586 445 1739 483 formido
1763 448 1873 486 fuerit
1890 461 1974 489 cum
1989 464 2065 501 spe.

1592 519 1746 557 CAPUT
1765 521 1843 558 XV.

1196 572 1247 609 De
1260 585 1300 610 eo
1317 576 1376 621 qui
1399 577 1592 614 sollicitans
1610 579 1752 660 ςνιιιινῗηι
1769 593 1870 618 suum
1886 585 2089 631 vendiderit,
2107 595 2140 625 et
2155 602 2237 628 cau-

1629 637 1646 661 e
1661 637 1682 661 a
1711 638 1815 674 eprae.

1244 680 1362 728 (lem.)
1388 694 1401 716 ι
1422 682 1461 718 Si
1493 684 1738 730 deprehensus
1767 687 1874 725 fuerit
1910 691 2019 728 homo
2048 694 2242 735 sollicitans

1199 753 1210 773 ‹
1236 739 1385 777 fratrem
1403 752 1507 778 suum
1525 744 1569 780 de
1586 745 1668 781 filiis
1684 746 1806 790 lsrael,
1828 755 1864 785 et
1877 751 2022 788 vendito
2036 762 2078 789 eo
2092 764 2241 802 aecepe-

1201 811 1212 832 ι
1237 801 1286 835 rit
1313 802 1481 847 pretium,
1510 803 1745 842 interficietur
1768 820 1775 843 ι
1799 813 1835 844 et
1868 809 2008 847 auferes
2029 813 2162 849 malum
2199 816 2243 852 de

1199 873 1210 893 ‹
1234 862 1351 898 medio
1376 863 1440 898 tui.
1461 877 1473 898 ι
1497 865 1648 901 Assidue
1667 867 1734 903 hoc
1759 868 1845 904 dicit
1869 870 2065 916 Scriptura,
2088 883 2169 909 cum
2182 874 2242 918 Ju-

1194 920 1255 957 bet
1268 923 1382 958 occidi
1399 923 1511 960 malos
1534 936 1542 959 :
1565 935 1634 970 qua
1649 926 1828 964 locutione
1848 940 1933 966 usus
1951 936 2007 966 est
2026 932 2134 967 etiam
2148 932 2244 978 Apo-

1195 982 1307 1017 stolus
1330 992 1411 1018 cum
1444 984 1603 1020 diceret:
1630 998 1642 1019 ι
1667 985 1759 1030 Quid
1783 989 1878 1024 enim
1904 990 1991 1026 mihi
2015 991 2059 1027 de
2094 991 2151 1027 his
2181 993 2245 1039 qui

1194 1040 1283 1076 soris
1316 1048 1414 1085 sunt,
1429 1042 1615 1086 judicare?
1632 1045 1756 1082 Nonne
1787 1046 1831 1082 de
1855 1048 1911 1083 liis
1931 1050 1991 1094 qui
2022 1050 2117 1086 intus
2145 1057 2243 1095 sunt,

1194 1110 1258 1136 vos
1272 1101 1463 1146 judicatis?
1478 1102 1626 1138 Auferte
1643 1104 1775 1140 malum
1792 1115 1836 1141 ex
1851 1107 1952 1142 vobis
1967 1108 2053 1152 ipsis
2074 1122 2086 1143 ι
2106 1109 2140 1155 (l
2158 1108 2241 1145 Cor.

66 1145 159 1182 sorte
180 1147 257 1192 ipsa
283 1147 403 1183 valeat
430 1149 624 1186 dominari.
659 1152 704 1187 Et
736 1163 817 1189 cum
852 1160 995 1191 terrena
1032 1159 1126 1193 actio
1145 1157 1176 1195 B
1194 1161 1245 1207 v).
1289 1162 1379 1197 Nam
1408 1163 1555 1199 Graecus
1583 1164 1690 1200 habet
1720 1167 1775 1202 τὸν
1802 1169 1945 1215 πονηρὸν
1976 1169 2100 1213 :quod
2134 1169 2244 1206 etiam

67 1207 178 1243 semel
206 1206 316 1243 suerit
351 1209 510 1256 repulsa,
528 1221 599 1247 non
626 1218 681 1248 est
707 1213 838 1251 iterum
858 1217 1065 1261 repetenda,
1083 1229 1127 1253 ne

67 1275 148 1316 post
170 1275 309 1316 tergum
331 1272 522 1317 respiciat,
554 1274 616 1319 qui
647 1283 756 1320 super
789 1281 950 1313 aratrum
980 1289 1125 1314 manum

66 1332 231 1377 posuisse
256 1332 447 1370 videbatur
467 1334 568 1381 (Luc.
590 1335 656 1382 ix).

469 1407 620 1444 CAPUT
640 1409 731 1446 XIV.

65 1468 117 1504 De
136 1480 174 1504 eo
196 1470 255 1515 qui
279 1480 388 1515 nuper
414 1470 543 1515 nupsit,
559 1471 651 1515 quod
672 1471 770 1507 nulla
791 1473 976 1508 necessitas
992 1473 1126 1519 publice

423 1516 454 1550 ei
472 1516 686 1562 injungenda
706 1525 768 1553 est.

115 1573 232 1621 (lem.)
275 1588 286 1608 ‹
311 1575 400 1611 Cum
417 1577 599 1622 acceperit
619 1578 726 1613 homo
745 1591 859 1625 nuper
876 1590 1040 1622 uxorem,
1055 1590 1126 1615 non

68 1645 83 1668 ι
114 1635 289 1680 procedet
316 1636 358 1671 ad
383 1636 532 1679 bellum,
555 1647 621 1673 nec
641 1638 672 1674 ei
701 1639 882 1684 quidpiam
901 1640 1126 1676 necessitatis

69 1706 82 1729 t
113 1695 322 1742 injungatur
362 1697 518 1743 publice,
557 1698 619 1734 sed
661 1701 804 1735 vacabit
847 1702 981 1747 absque
1023 1701 1125 1746 culpa

71 1769 83 1790 ι
116 1757 237 1792 domni
260 1768 345 1799 snae,
365 1763 402 1793 ut
421 1769 490 1793 uno
510 1770 603 1795 anno
620 1760 761 1797 laetetur
779 1773 859 1797 cum
881 1773 992 1798 uxore
1010 1773 1086 1798 sua.
1111 1777 1122 1797 ι

65 1817 158 1863 Quid
175 1824 295 1854 autem
316 1830 379 1864 per
401 1821 494 1856 hanc
512 1824 727 1858 sententiani
747 1825 847 1859 nobis
868 1825 1041 1867 innuitur,
1056 1825 1126 1860 nisi

63 1884 103 1914 ut
129 1879 335 1925 quicunque
355 1881 561 1917 carnalibus
593 1883 781 1919 desideriis
815 1895 853 1919 se
886 1885 1058 1930 obligant,
1082 1887 1127 1922 ad

63 1941 224 1986 regimen
268 1942 438 1978 Ecclesia}
469 1949 575 1988 atque
611 1945 810 1990 spiritalem
854 1947 1125 1993 intelligentiam

63 2012 102 2038 se
126 2001 319 2037 inhabilem
341 2014 420 2039 csse
443 2007 687 2050 cognoscant?
710 2006 809 2041 Unde
826 2006 960 2042 Paulus
980 2013 1123 2052 aposto-

1197 1222 1256 1258 hic
1271 1223 1443 1268 scriptum
1461 1230 1528 1260 cst.
1550 1224 1624 1261 Hoc
1652 1231 1771 1262 autem
1787 1228 1904 1272 potius
1935 1229 2131 1274 malignum
2156 1230 2247 1267 solet

1195 1280 1424 1326 interpretari
1458 1293 1563 1328 quam
1586 1284 1730 1320 malum.
1753 1285 1826 1321 Nec
1857 1287 1922 1324 ait.
1953 1288 1990 1323 τὸ
2023 1291 2175 1340 πονηρὸν,
2209 1290 2246 1326 id

1196 1346 1264 1383 est,
1291 1342 1500 1387 malignum.
1523 1343 1575 1378 Ex
1597 1354 1667 1390 quo
1689 1351 1835 1391 apparet
1855 1356 1936 1382 eum
1964 1348 2120 1384 voluisse
2141 1350 2245 1385 intel-

1194 1398 1278 1445 ligi,
1313 1400 1374 1445 qui
1395 1400 1529 1446 aliquid
1556 1403 1625 1437 tale
1662 1405 1853 1447 commisit,
1887 1412 1926 1440 ut
1957 1409 2246 1444 excommunica-

1195 1460 1292 1495 tione
1319 1461 1446 1507 dignus
1468 1462 1526 1498 sit.
1551 1463 1625 1499 Hoc
1643 1465 1738 1500 enim
1756 1476 1851 1501 nune
1867 1467 1942 1512 agit
1956 1467 1991 1502 in
2006 1468 2164 1505 Ecclesia
2182 1480 2245 1506 ex-

1196 1523 1483 1565 communicatio,
1505 1525 1599 1569 quod
1615 1525 1743 1571 agebat
1773 1532 1858 1563 tune
1877 1528 2091 1565 interfectio.
2113 1529 2246 1573 Quam-

1195 1582 1249 1617 vis
1268 1583 1373 1618 aliter
1392 1583 1478 1618 illud
1498 1585 1730 1629 apostolicum
1759 1587 1872 1631 possit
1903 1588 2051 1634 intelligi
2071 1596 2110 1625 ut
2136 1600 2246 1626 unus-

1195 1644 1346 1689 quisque
1375 1644 1508 1679 malum
1535 1646 1590 1681 vel
1609 1646 1817 1693 malignum,
1843 1659 1886 1682 ex
1918 1649 2034 1693 seipso
2063 1650 2108 1684 sit
2123 1651 2246 1695 jussus

1196 1704 1348 1740 auferre.
1370 1704 1457 1748 Quis
1477 1715 1602 1741 sensus
1626 1707 1880 1752 acceptabilior
1894 1715 2001 1750 esset,
2025 1709 2053 1744 si
2080 1710 2148 1745 hoc
2172 1720 2247 1745 ma-

1196 1764 1267 1798 lum
1286 1765 1341 1799 vel
1358 1765 1426 1800 hoc
1459 1765 1671 1810 malignum,
1693 1776 1763 1801 non
1781 1771 1900 1801 antem
1920 1767 2015 1802 liunc
2051 1767 2244 1813 malignum

1197 1825 1232 1859 in
1251 1824 1375 1861 Graeco
1392 1826 1636 1861 inveniretur?
1656 1826 1756 1862 Nunc
1777 1838 1862 1863 vero
1886 1828 2091 1862 credibilius
2107 1828 2150 1863 de
2182 1829 2246 1863 ho-

1196 1885 1292 1919 mine
1326 1886 1460 1920 dictum
1494 1896 1602 1931 quam
1624 1887 1667 1921 de
1686 1887 1785 1922 vitio.
1806 1886 2018 1932 Quanquam
2043 1888 2156 1933 possit
2174 1889 2246 1923 ele-

1196 1951 1322 1991 ganter
1342 1946 1488 1992 intelligi
1506 1947 1612 1982 etiam
1636 1947 1743 1983 homo
1766 1946 1908 1983 auferre
1933 1958 1953 1982 a
1973 1958 2012 1982 se
2030 1948 2163 1983 malum
2182 1948 2247 1983 ho-

1197 2006 1346 2048 minem,
1364 2007 1663 2051 quemadmodum
1678 2008 1812 2043 dictum
1829 2013 1896 2043 est.
1918 2020 1929 2040 ι
1954 2008 2083 2043 Exuite
2106 2019 2169 2044 vos
2186 2018 2246 2043 ve-

63 2060 119 2096 lus
138 2061 314 2107 discipulo
333 2064 644 2108 praecepitdicens
665 2077 672 2098 ι
700 2077 710 2096 ι
737 2064 878 2100 Nemini
893 2066 964 2101 cito
981 2077 1126 2102 manum
1145 2058 1174 2099 C
1197 2071 1309 2100 terem
1329 2066 1510 2101 bominem
1537 2079 1548 2100 ι
1573 2066 1715 2114 (ΕρΙιεε.
1748 2067 1810 2112 ιν).
1833 2066 1934 2109 Quod
1954 2076 2135 2112 exponens
2169 2068 2244 2103 ait:

65 2121 280 2169 imposueris
304 2137 315 2158 ι
340 2124 374 2171 (Ι
403 2123 492 2160 Tim.
516 2124 565 2172 v).
590 2126 633 2160 Et
652 2126 737 2161 itcm
764 2138 770 2160 :
805 2139 815 2158 ι
848 2125 972 2169 Nemo,
996 2127 1125 2172 inquit,

63 2184 225 2220 militans
242 2187 329 2229 Deo,
351 2187 511 2234 implicet
529 2199 568 2224 sc
589 2190 743 2236 negotiis
763 2190 1015 2234 stecularibus,
1035 2198 1073 2226 ut
1095 2192 1127 2227 ci

63 2245 219 2291 placeat,
236 2247 294 2282 cui
312 2258 349 2283 se
368 2248 561 2293 probavit»
585 2249 641 2296 (II
660 2249 748 2284 Tim.
767 2250 820 2297 ιι).
844 2263 855 2283 ‹
877 2250 952 2285 Non
972 2252 1127 2297 accipies

67 2317 80 2339 t
102 2306 181 2343 loco
197 2308 358 2354 pignoris
374 2309 582 2346 inferiorem
598 2316 634 2346 et
649 2312 872 2357 superiorein
885 2312 1030 2354 molam,
1043 2314 1126 2357 quia

68 2380 80 2401 ‹
101 2368 257 2403 animam
275 2380 375 2405 suam
391 2371 557 2416 apposuit
577 2372 641 2407 tibi
661 2386 673 2406 ›
695 2372 869 2418 Accipere
890 2383 1044 2418 namque
1065 2373 1127 2407 ali-

65 2430 208 2475 quando
230 2431 383 2467 dicimus
401 2432 555 2468 auferre.
575 2433 676 2469 Unde
705 2439 741 2469 et
773 2444 857 2469 aves
885 2434 953 2470 illae
974 2444 1052 2479 quae
1083 2433 1126 2468 ad

68 2490 279 2535 rapiendum
297 2496 380 2526 sunt
402 2492 531 2535 avidae,
553 2493 746 2539 accipitres
763 2499 960 2535 vocantem
986 2494 1078 2528 unde
1091 2498 1127 2528 et

65 2547 199 2585 Paulus
219 2550 400 2596 apostolus
415 2550 504 2586 dicit
525 2562 533 2586 :
556 2564 567 2584 ‹
593 2552 788 2587 Sustinetis
809 2552 904 2587 enim
924 2552 953 2586 si
972 2551 1052 2596 quis
1066 2551 1126 2586 dc-

65 2614 189 2652 vorat,
206 2610 236 2644 si
255 2610 335 2654 quis
356 2611 486 2655 accipit
516 2625 526 2644 ι
558 2611 614 2656 (ΙΙ
640 2611 720 2646 Cor.
743 2612 809 2657 xi).
831 2612 883 2647 Ac
910 2612 940 2647 si
974 2612 1122 2653 diceret,

70 2681 82 2701 ‹
114 2669 142 2703 si
170 2669 251 2713 quis
271 2669 378 2715 rapit.
405 2683 416 2703 ›
441 2670 574 2717 Pignus
598 2682 684 2707 vero
706 2672 878 2708 debitoris
906 2679 961 2708 est
984 2672 1125 2708 conses-

66 2728 121 2764 sio
140 2729 353 2773 peccatoris.
382 2728 411 2764 A
444 2730 606 2766 debitore
637 2732 733 2766 enim
760 2733 890 2778 pignus
923 2733 1121 2778 accipitur,

66 2797 147 2825 cum
167 2800 186 2824 a
208 2796 399 2834 peccatore
414 2790 490 2835 jam
510 2793 647 2837 peccati
669 2792 846 2828 consessio
869 2799 1021 2829 tenetur.
1053 2793 1122 2829 Su-

65 2849 188 2894 perior
204 2854 323 2885 autem
339 2855 376 2885 et
391 2850 541 2887 inferior
558 2858 612 2887 cst
631 2853 739 2896 mola,
752 2864 834 2899 spes
848 2859 884 2889 et
900 2855 1019 2890 timor.
1034 2856 1123 2901 Spes

67 2910 198 2957 quippe
216 2911 259 2946 ad
278 2911 349 2946 alta
371 2911 549 2956 subvehit,
584 2914 691 2949 timor
722 2920 841 2950 autem
873 2925 937 2951 cor
972 2916 1122 2953 inferius

67 2971 211 3016 premit.
233 2970 302 3007 Sed
329 2972 423 3008 mola
451 2972 599 3010 inferior
621 2981 656 3010 et
692 2977 856 3022 superior
886 2977 935 3012 ita
965 2978 1032 3013 sibi
1060 2990 1122 3014 ne-
1141 2956 1176 2995 D

68 3032 224 3067 cessario
239 3031 451 3079 junguntur,
474 3039 514 3070 ut
535 3046 603 3070 una
623 3036 699 3072 sine
717 3036 830 3072 altera
853 3037 1029 3073 inutiliter
1050 3049 1119 3074 non

67 3090 256 3128 habeatur.
278 3093 316 3127 ln
335 3095 536 3139 peccatoris
565 3096 686 3142 itaque
722 3103 867 3142 pectore
900 3097 1122 3135 incessanter

67 3150 175 3188 debet
191 3162 272 3198 spes
290 3159 326 3189 et
343 3153 495 3191 formido
511 3156 691 3203 conjungi,
710 3158 793 3203 quia
819 3157 1000 3194 incassum
1018 3159 1122 3195 mise-

67 3210 262 3248 ricordiam
280 3219 413 3260 sperat,
435 3215 466 3251 si
487 3226 558 3252 non
579 3218 689 3253 etiam
709 3217 812 3254 timet
834 3217 1032 3263 justitiam3
1065 3220 1120 3255 in-

67 3281 212 3308 cassum
227 3273 406 3320 Justitiam
423 3277 562 3321 metuit,
582 3278 614 3313 si
639 3288 709 3314 non
732 3279 841 3315 etiam
862 3280 898 3318 in
918 3280 1123 3317 misericor—

68 3332 127 3370 dia
145 3333 303 3371 confidit.
327 3335 423 3373 Loco
439 3343 561 3374 autem
581 3339 742 3386 pignoris
760 3339 854 3377 mola
873 3342 1036 3387 superior
1062 3348 1125 3378 aut

47 3394 51 3399 '
69 3392 218 3431 inferior
236 3395 311 3432 tolli
325 3397 549 3442 prohibetur,
561 3400 646 3445 quia
661 3401 723 3447 qui
738 3401 910 3447 praedicat
925 3402 1122 3447 peccatori,

70 3457 171 3494 tanta
191 3455 458 3502 dispensatione
491 3469 706 3506 componere
737 3460 1030 3506 praedicationem
1062 3459 1124 3495 de-

52 3507 142 3560 'bet,
161 3522 202 3552 ut
230 3527 298 3555 nec
323 3518 496 3556 derelicta
532 3530 596 3566 spe
627 3521 794 3558 timorem
826 3521 1034 3562 subtrahat,
1053 3530 1120 3556 nec

71 3575 269 3622 macta,
287 3578 324 3614 in
357 3570 434 3615 solo
471 3589 555 3616 eum
587 3580 716 3617 timore
749 3579 983 3625 derelinquat.
1014 3578 1120 3614 Tollit

73 3635 170 3672 enim
197 3638 419 3685 superiorem
448 3640 598 3684 molam,
613 3641 644 3678 si
671 3641 771 3678 flenti
805 3645 993 3686 peccatum
1025 3638 1122 3676 dicat

70 3705 144 3735 non
163 3697 367 3737 habendam
385 3701 529 3738 veniam
547 3703 592 3739 de
612 3702 828 3739 commissis.
850 3702 956 3739 Tollit
978 3700 1121 3737 inferio-

73 3767 173 3802 rem,
194 3757 224 3795 si
241 3764 450 3804 peccantem
473 3761 683 3807 deceptione
700 3761 822 3808 palpet
838 3771 881 3797 ac
900 3761 998 3798 dicat
1018 3768 1027 3796 :
1048 3760 1121 3805 Age

289 3817 471 3859 Parnon..
500 3819 645 3860 cvm.

1202 2138 1212 2157 ι
1236 2125 1303 2169 Qui
1323 2126 1523 2169 furabatur,
1543 2126 1615 2171 jam
1637 2139 1706 2163 non
1723 2127 1873 2163 furetur.
1898 2141 1909 2162 ›

1249 2198 1260 2219 ‹
1289 2185 1447 2222 Observa
1482 2187 1672 2232 diligenter
1691 2198 1735 2223 ne
1770 2187 1932 2222 incurras
1961 2188 2101 2234 plagam
2124 2187 2245 2233 leprae,

1201 2258 1212 2278 ‹
1237 2246 1299 2282 sed
1321 2247 1432 2282 saclas
1451 2257 1673 2292 quaecunque
1693 2248 1824 2283 docent
1850 2253 1884 2282 te
1918 2249 2122 2283 sacerdotes
2142 2248 2247 2283 Levi-

1201 2320 1211 2339 ‹
1238 2308 1297 2342 tici
1317 2309 1472 2353 generis,
1500 2308 1605 2352 juxta
1631 2309 1725 2353 quod
1756 2310 1908 2354 praecepi
1937 2310 2002 2349 eis,
2025 2309 2131 2353 imple
2149 2309 2246 2344 solli·

1200 2378 1210 2399 ‹
1237 2369 1319 2402 cite.
1346 2380 1356 2399 ›
1382 2367 1447 2401 Hic
1475 2374 1621 2413 apparet
1657 2378 1799 2403 omnem
1833 2369 2054 2403 sacerdotem
2086 2368 2245 2404 Levitam

1195 2428 1320 2470 fuisse,
1342 2428 1505 2473 quamvis
1535 2439 1605 2463 non
1630 2429 1745 2464 omnis
1778 2428 1918 2463 Levites
1939 2428 2106 2463 sacerdos
2122 2427 2241 2462 fucrit.

1197 2489 1328 2534 'l'ypitze
1348 2495 1466 2524 autem
1487 2489 1592 2524 docet
1628 2500 1692 2524 nos
1729 2489 1927 2533 Scriptura,
1953 2494 2128 2533 quatenus
2147 2488 2242 2523 cauti

1195 2549 1320 2591 simus,
1342 2558 1385 2583 nc
1402 2558 1465 2592 per
1479 2548 1614 2594 lepram
1629 2549 1763 2583 erroris
1784 2548 2016 2590 maculemur,
2041 2558 2156 2592 neque
2171 2548 2243 2583 ha:-

1195 2609 1389 2643 reticorum
1407 2609 1539 2643 astutia
1555 2609 1781 2644 seducamur.
1808 2620 1819 2641 ι
1842 2608 1968 2643 Sermo
1986 2608 2081 2643 enim
2101 2618 2241 2651 eorum,

1189 2668 1291 2714 juxta
1304 2669 1404 2705 Pauli
1420 2680 1557 2713 vocem,
1573 2675 1611 2705 ut
1629 2680 1758 2705 cancer
1774 2670 1886 2716 serpit
1906 2683 1917 2704 ι
1934 2669 1991 2717 (11
2016 2669 2103 2704 Tim.
2121 2670 2162 2715 ιι)
2181 2682 2187 2703 :
2207 2675 2245 2704 et

1194 2730 1222 2765 si
1237 2731 1468 2775 permittitur,
1503 2736 1616 2766 totam
1650 2730 1959 2766 conversationem
1981 2736 2141 2766 nostram
2161 2740 2244 2766 con-

1193 2791 1359 2833 taminat,
1377 2796 1485 2836 atquc
1500 2791 1659 2826 animum
1674 2790 1710 2825 in
1730 2790 1910 2826 infernum
1926 2791 2137 2836 praecipitat.

1580 2864 1730 2901 CAPUT
1757 2864 1848 2900 XVI.

1192 2925 1244 2959 De
1266 2936 1333 2960 uon
1351 2925 1531 2971 repetendo
1546 2925 1703 2971 piynore,
1719 2931 1750 2959 et
1768 2925 1810 2959 de
1829 2937 1897 2960 uon
1917 2927 2073 2972 neyanda
2088 2928 2242 2962 mercede

1507 2972 1693 3017 indiqevnis
1712 2978 1742 3007 et
1758 2973 1932 3017 pauperis.

1243 3031 1360 3079 (lem.)
1387 3044 1397 3064 ι
1422 3031 1512 3067 Cum
1534 3037 1672 3077 repetes
1692 3043 1711 3066 a
1731 3032 1895 3078 proximo
1917 3039 1976 3068 tuo
1994 3044 2067 3069 rem
2085 3034 2238 3078 aliquam

1199 3104 1210 3125 ‹
1237 3102 1344 3137 qnam
1376 3093 1483 3128 debet
1499 3093 1579 3135 tibi,
1609 3103 1678 3128 non
1708 3093 1920 3138 ingredieris
1939 3094 1976 3128 in
2001 3095 2142 3130 domum
2162 3093 2238 3137 ejus

1199 3167 1211 3187 ‹
1235 3160 1273 3189 ut
1288 3154 1417 3200 pignus
1441 3153 1599 3197 auferas,
1619 3154 1680 3190 sed
1701 3155 1812 3189 stabis
1833 3153 1931 3195 foi-is,
1950 3160 1986 3188 et
2004 3154 2061 3188 ille
2081 3153 2238 3198 proferet

1200 3228 1211 3249 ‹
1238 3217 1302 3252 tibi
1318 3217 1412 3263 quod
1429 3216 1606 3252 habuerit.
1634 3214 1671 3249 Si
1687 3219 1805 3248 autem
1832 3222 1968 3257 pauper
1985 3217 2051 3252 est,
2070 3222 2139 3246 non
2155 3222 2236 3257 per-

1194 3291 1205 3311 «
1231 3278 1390 3315 noctabit
1405 3278 1496 3323 apud
1513 3283 1546 3312 te
1565 3277 1708 3321 pignus.
1724 3273 1787 3309 sed
1811 3273 1931 3307 statim
1961 3271 2087 3308 reddes
2103 3273 2135 3307 ei
2150 3279 2234 3308 ante

1194 3350 1205 3371 ι
1230 3338 1317 3374 solis
1336 3347 1516 3377 occasum,
1535 3341 1573 3370 ut
1590 3333 1770 3368 dormiens
1785 3332 1818 3366 in
1838 3332 2052 3367 vestimento
2069 3342 2149 3374 suo,
2174 3333 2235 3368 be—

1188 3411 1204 3432 »ι
1230 3398 1371 3434 nedicat
1405 3395 1481 3437 tibi,
1500 3399 1536 3429 et
1567 3393 1700 3427 habeas
1728 3391 1905 3436 justitiam
1938 3400 2059 3427 coram
2082 3391 2234 3427 Domino

1193 3470 1205 3490 ι
1230 3457 1304 3492 Deo
1325 3461 1397 3491 tuo.
1418 3467 1431 3487 ι
1452 3452 1530 3488 Non
1560 3451 1740 3487 immerito
1759 3451 1900 3487 videtur
1931 3452 1976 3487 ad
1991 3461 2080 3498 opus
2098 3453 2235 3489 miseri-

1191 3515 1321 3552 cordiae
1354 3513 1547 3559 pertinere,
1566 3517 1606 3547 ut
1623 3522 1695 3548 non
1727 3511 1836 3547 intret
1868 3511 2076 3558 pignerator
2099 3513 2136 3549 in
2168 3513 2232 3549 do-

1192 3583 1303 3616 mum,
1326 3582 1372 3608 ne
1396 3571 1460 3607 liat
1475 3571 1698 3617 perturbatio
1717 3570 1882 3614 debitori,
1899 3571 1960 3607 sed
1977 3581 2023 3607 ex
2039 3572 2108 3608 hoc
2123 3572 2233 3608 etiam

1191 3635 1307 3681 ipsum
1323 3633 1518 3669 debitorem
1535 3632 1703 3668 admonet
1717 3632 1846 3678 pignus
1860 3630 1958 3668 foras
1972 3631 2136 3678 proferre
2154 3642 2232 3668 cre-

1191 3694 1310 3732 ditori.
1327 3693 1428 3738 Quod
1443 3703 1528 3730 vero
1542 3691 1644 3738 jubet
1661 3692 1780 3738 egenti
1795 3692 1924 3738 pignus
1945 3692 2069 3730 eodem
2089 3693 2146 3730 die
2173 3703 2231 3729 rc-

1191 3755 1303 3799 stitui,
1327 3759 1366 3791 ut
1386 3754 1420 3791 in
1441 3764 1484 3791 eo
1502 3753 1668 3797 dormiat,
1689 3754 1749 3799 qui
1777 3764 1847 3791 non
1864 3754 1972 3790 babet
1984 3754 2045 3792 ubi
2062 3753 2228 3798 dormiat,

1814 3816 1866 3856 30
