2540 4016
287 199 379 243 {187

284 352 348 390 per
369 343 513 376 aetatem
534 338 680 374 senilem
697 337 896 382 posteriora
913 341 949 372 et
966 333 1161 373 novissima
1177 335 1338 383 tempora

285 399 490 444 accipienda
507 398 591 434 sint.
609 398 867 442 Interpretatur
880 403 1000 433 autem
1011 397 1145 434 Galaad
1157 397 1335 444 abjiciens,

286 462 360 498 sive
384 458 543 495 revelatio
558 484 567 501 ‚
589 467 742 503 quorum
763 463 957 504 utrumque
976 458 1064 494 satis
1081 462 1163 503 apte
1177 457 1261 494 hnic
1286 457 1339 493 rei

286 520 477 566 congruit,
511 519 594 564 quia
628 518 746 564 primo
778 519 970 554 Dominum
988 519 1173 556 Christum
1200 518 1341 565 abjece-

285 587 383 623 runt,
413 581 538 625 eisque
552 584 678 625 postea
692 579 925 615 revelabitur.

333 640 434 684 Quod
451 651 538 676 vero
559 645 684 675 coriti-a
720 639 813 675 lilios
842 638 995 676 Ammon
1014 640 1085 675 dux
1112 641 1341 686 quaerebatur

286 700 426 747 sepiae,
443 700 573 746 quibus
590 699 695 734 victis
725 699 938 743 liberantur,
958 700 1019 745 qui
1038 710 1081 735 eo
1102 701 1192 736 duee
1214 700 1342 735 adver-

288 770 350 796 sus
371 759 451 795 illos
478 758 614 793 bellare
632 757 837 803 cupiebant,
879 759 1050 804 quoniam
1084 759 1342 804 interpretatur

287 822 439 856 Ammon
455 819 549 864 filius
567 818 686 865 populi
705 818 785 862 mei,
807 818 884 854 sive
901 819 1048 866 populus
1067 821 1237 863 moeroris,
1257 829 1342 865 pro-

287 883 380 919 fecto
397 887 458 916 aut
478 880 527 916 illi
547 879 799 927 significantur
822 881 971 924 inimici,
1003 881 1065 926 qni
1082 891 1126 917 ex
1146 882 1223 927 ipsa
1238 888 1344 928 gente

287 946 558 989 perseverantes
576 941 613 976 in
627 940 841 976 infidelitate
865 941 1028 987 praedicti
1048 948 1152 984 suut,
1187 946 1248 976 aut
1267 951 1345 976 om-

289 1004 374 1039 nino
389 1013 513 1039 omnes
526 1002 697 1049 gehennae
713 1001 974 1047 praedestinati,
1002 1002 1063 1037 ubi
1079 1002 1148 1037 erit
1163 1002 1215 1037 eis
1239 1000 1344 1037 ssetus

289 1069 323 1099 et
341 1064 474 1100 stridor
491 1063 666 1105 dentium,
684 1068 852 1107 tanquam
870 1062 1003 1107 populo
1017 1061 1185 1097 moeroris
1200 1060 1342 1106 (Manli.

288 1132 354 1157 vm
384 1128 415 1156 el
447 1120 550 1167 xxn).
604 1121 819 1164 Quanquam
854 1120 1005 1164 populus
1036 1120 1203 1154 moeroris
1235 1119 1345 1153 etiam

713 200 754 237 B.
778 199 949 237 RABANI
973 193 1123 238 MAtJtu
1145 196 1355 237 Ancmssr.
1383 158 1590 239 ΗῶἪΝΤ.
1617 192 1811 237 ΟΡΕΒΙΙΜ
1833 196 1953 236 PARS
1973 197 2002 235 Ι,

286 283 412 321 tinere,
438 276 534 323 quod
554 276 714 314 seniores
727 277 862 312 Galaad
887 282 1063 321 venerunt
1075 278 1122 314 ad
1137 276 1278 323 Iephte,
1296 281 1338 312 ut
1353 278 1386 319 A
1405 276 1488 313 dum
1507 281 1573 320 est,
1595 285 1676 313 esse
1695 275 1855 312 dictum:
1879 273 1952 311 Ero
1983 272 2078 310 vobis
2096 269 2133 308 fn
2158 271 2348 319 principem
2364 281 2377 307 .-

1406 340 1526 373 autem
1546 336 1713 372 dixerant
1734 347 1742 370 :
1763 335 1846 371 Eris
1874 334 1973 371 nobis
1996 333 2033 368 in
2053 334 2156 377 comt
2175 340 2188 366 .-
2204 331 2372 379 quoniam
2454 370 2458 374 .

1405 403 1467 444 put
1484 398 1549 434 viri
1565 396 1724 433 Christus
1742 395 1776 443 (Ι
1787 395 1869 431 Cor.
1889 394 1952 443 n);
1969 393 2092 440 etipse
2113 397 2164 427 est
2181 397 2284 439 capnt
2300 402 2404 436 corpo
2464 422 2467 427 .

1405 456 1573 492 Ecclesiae
1591 454 1698 503 (Epa.
1719 454 1772 502 v).
1798 454 1962 500 Denique
1979 459 2211 500 posteaquam
2241 458 2304 488 eos
2327 444 2470 487 libera}

1406 518 1458 554 vit
1473 517 1601 564 Jephte
1618 517 1662 551 ab
1691 514 1858 551 omnibus
1891 514 2060 558 inimicis,
2091 520 2162 550 non
2195 512 2248 549 eis
2264 512 2377 548 faetus
2403 516 2458 547 est

1407 588 1485 622 rex,
1521 583 1560 613 ut
1590 576 1872 622 intelligeremus
1905 575 1991 611 illud
2021 575 2118 621 quod
2146 574 2280 610 dictum
2311 577 2386 617 est,
2415 571 2460 608 ad

1407 638 1634 685 prophetiam
1652 637 1770 683 potius
1789 637 2005 682 pertinuisse
2027 637 2070 672 de
2097 635 2242 672 Christo
2258 663 2267 679 ,
2289 639 2396 680 qu‘am
2414 633 2460 670 ad

1409 700 1526 746 ipsum
1541 699 1686 745 proprie
1704 697 1844 744 Jephte‚
1866 698 1910 733 de
1926 707 1997 743 quo
2012 696 2199 743 Scriptura
2215 695 2460 731 narrationem

1411 762 1460 797 ita
1478 760 1658 797 concludit
1674 772 1682 795 ε
1704 759 1750 795 Et
1758 759 1933 806 judicavit
1948 758 2070 806 Jepltte
2085 750 2199 794 strael
2218 769 2277 793 sex
2297 758 2413 805 annis,
2428 761 2462 792 et
2495 768 2513 811 ᾖ·

1411 828 1568 857 mortuus
1598 826 1647 855 est
1665 819 1786 866 Jeplne
1805 817 2021 861 Galaadites,
2053 823 2084 853 et
2107 816 2259 864 sepultus
2280 822 2331 851 est
2353 816 2389 851 in
2418 815 2464 850 ei-

1410 882 1511 918 vitate
1524 892 1589 915 sua
1613 880 1649 915 in
1670 878 1820 914 Galaad.
1858 878 2037 915 iudicavit
2057 888 2142 924 ergo
2164 877 2294 920 lsrael,
2316 876 2409 912 sicut
2426 881 2462 912 et
2534 922 2540 934 1

1412 942 1531 978 caeteri
1545 940 1709 987 judices;
1736 950 1806 975 non
1828 939 1877 975 ibi
1896 939 2071 985 regnavit,
2101 937 2349 984 utprineipes,
2372 936 2466 973 sicut
2537 950 2540 951 ⁷

1414 1003 1450 1040 hi
1468 1003 1528 1048 qui
1545 1002 1747 1048 Regnorum
1772 1001 2014 1036 voluminibus
2043 1001 2288 1036 eontinentur.
2486 994 2487 997 ’

1460 1063 1539 1100 Jam
1554 1074 1638 1100 vero
1655 1068 1889 1110 posteaquam
1916 1063 1968 1098 eis
1986 1063 2080 1097 idem
2099 1061 2226 1107 Jephte
2246 1063 2317 1097 dux
2334 1061 2466 1097 consti-

1414 1130 1510 1161 tutus
1527 1130 1591 1167 est,
1621 1125 1718 1160 misit
1737 1124 1882 1160 nuntios
1913 1124 1958 1159 ad
1977 1123 2099 1158 hostes
2115 1123 2214 1168 prius
2236 1123 2335 1168 pacis
2355 1122 2467 1158 verba

288 1183 450 1218 diabolus
469 1188 506 1218 et
535 1182 651 1228 angeli
682 1180 759 1226 ejus
789 1191 860 1215 non
893 1180 1188 1216 inconvenienter
1217 1180 1347 1216 intelli·
1366 1184 1396 1223 Β
1415 1191 1626 1232 portantes:
1653 1186 1738 1221 illud
1764 1184 1980 1227 ostenditur,
2009 1183 2103 1227 quod
2120 1183 2169 1217 ait
2186 1181 2402 1227 Apostolus,
2430 1183 2467 1216 in

290 1250 442 1291 guntur,
478 1244 554 1279 sive
579 1243 663 1286 quia
689 1246 859 1276 :eternam
887 1241 1073 1276 miseriam
1096 1242 1149 1276 eis
1167 1251 1256 1286 quos
1283 1242 1347 1277 de-

290 1306 426 1350 cipiunt
445 1303 648 1348 acquirunt,
666 1302 742 1339 sive
768 1302 851 1347 quia
870 1307 906 1337 et
925 1302 994 1348 ipsi
1021 1308 1165 1337 aeternae
1192 1301 1350 1337 miseriae

290 1364 450 1410 deputati
464 1367 562 1398 sunt.

338 1426 529 1472 Eleganter
547 1434 632 1460 sane
650 1424 695 1460 ad
708 1424 981 1470 exprimendam
1015 1423 1128 1459 multo
1147 1423 1350 1460 evidentius

290 1487 515 1534 prophetiam
552 1485 680 1531 ,Iephte
722 1485 905 1531 respondit
942 1486 1144 1521 senioribus
1186 1485 1321 1521 Galaad
1339 1497 1347 1520 :

293 1549 416 1584 Nonne
436 1559 493 1583 vos
509 1547 587 1583 odio
603 1547 772 1582 habuistis
790 1557 864 1590 me,
894 1553 925 1582 et
945 1547 1094 1593 ejecistis
1115 1558 1168 1581 me
1183 1547 1224 1581 de
1247 1546 1349 1581 domo

290 1610 399 1656 patris
418 1609 496 1650 mei,
521 1614 553 1644 et
572 1608 753 1643 dimisistis
775 1620 827 1643 me
846 1621 866 1643 a
881 1609 973 1644 vobis
994 1609 1009 1643 ,⁹
1027 1609 1071 1643 Et
1093 1608 1174 1655 quid
1190 1615 1238 1643 est
1258 1608 1350 1655 quod

291 1670 443 1712 venistis,
476 1669 616 1715 qnando
638 1669 806 1704 tribunati
823 1669 930 1704 estis?
963 1669 1047 1704 Tale
1067 1668 1200 1714 aliquid
1222 1669 1351 1714 figura-

294 1734 367 1765 tum
395 1735 451 1765 est
468 1730 502 1765 in
518 1729 664 1775 Josepb,
704 1740 811 1775 quem
832 1729 964 1765 sratrcs
986 1730 1183 1765 vendentes
1211 1729 1351 1775 abJ'ece-

295 1795 379 1824 runt
405 1789 505 1836 (Gen.
527 1790 679 1835 xxxvii),
717 1795 753 1825 et
771 1800 854 1826 eum
872 1789 966 1826 same
996 1789 1267 1834 tribularentur,
1307 1791 1351 1826 ad

293 1850 369 1894 eJus
401 1860 505 1896 opem
531 1851 892 1897 misericordiamque
927 1852 1090 1888 conversi
1125 1857 1208 1888 sunt
1247 1851 1349 1898 (Gen.

295 1912 396 1959 an).
427 1912 491 1948 llic
510 1923 596 1948 vero
615 1914 727 1949 multo
750 1914 903 1959 amplius
925 1914 1041 1950 elucet
1065 1914 1281 1961 significatio
1303 1913 1353 1949 fu-

295 1978 469 2016 turorum,
503 1975 598 2020 quod
625 1986 696 2010 non
718 1975 785 2020 ipsi
818 1986 965 2021 prorsus
991 1976 1123 2012 fratres
1156 1977 1217 2022 qui
1238 1975 1354 2021 ejece-

295 2040 379 2069 runt
396 2033 523 2080 Jcphte
544 2037 588 2071 ad
609 2046 690 2071 cum
709 2042 909 2082 venerunt,
938 2038 1000 2074 sed
1020 2037 1153 2073 Galaad
1193 2039 1353 2074 seniores

294 2102 359 2136 pro
384 2095 554 2130 universo
573 2095 633 2130 illo
658 2096 789 2141 populo
815 2097 932 2132 eidem
953 2098 1206 2142 supplicantes.
1253 2097 1354 2132 Sicut

294 2153 419 2188 eadem
441 2164 527 2199 gens
545 2155 677 2189 dicitur
695 2155 804 2190 lsrael
820 2182 828 2195 ‚
854 2156 929 2190 sive
949 2157 985 2190 in
1016 2157 1068 2191 eis
1090 2157 1150 2200 qui
1172 2162 1256 2191 tunc
1278 2156 1354 2190 sue-

296 2218 395 2255 runt,
416 2213 671 2259 Christumque
691 2215 988 2259 reprobaverunt,
1011 2217 1085 2252 sive
1105 2217 1141 2251 in
1159 2217 1211 2252 eis
1232 2217 1292 2262 qui
1311 2216 1355 2251 ad

295 2272 373 2317 ejus
389 2283 492 2317 opem
511 2279 634 2318 postea
653 2275 787 2309 reversi
808 2281 891 2310 sunt
909 2286 918 2317 ;
950 2277 1082 2320 populo
1101 2277 1196 2310 enim
1223 2276 1355 2310 dieitur

299 2332 462 2374 inimico,
495 2333 569 2367 sive
602 2332 636 2367 in
668 2333 864 2378 maj0rilins
880 2361 888 2376 ,
927 2334 1003 2370 Sive
1033 2335 1069 2370 in
1100 2335 1255 2380 posteris
1283 2335 1356 2371 suis

298 2392 403 2438 longa
430 2391 512 2427 odia
537 2391 694 2427 trahenti
713 2397 820 2438 atque
839 2394 1015 2436 servanti,
1038 2395 1254 2440 tandemque
1273 2405 1358 2430 eon-

300 2464 402 2489 verso
418 2453 452 2487 in
470 2453 595 2498 eisqui
612 2458 696 2488 tunc
716 2454 927 2489 conversuri
949 2459 1048 2498 sunt,
1073 2454 1199 2490 Nonne
1218 2465 1275 2489 vos
1297 2454 1359 2489 lm-

301 2514 420 2548 bnistis
437 2514 515 2548 odio
533 2523 598 2556 me,
617 2519 646 2548 et
663 2513 810 2559 ejecistis
820 2525 873 2549 me
883 2514 924 2549 de
939 2515 1159 2561 domopatris
1176 2517 1241 2550 mei
1253 2517 1268 2550 :²
1284 2515 1358 2550 Hoc

300 2573 393 2608 enim
415 2573 467 2608 eis
486 2572 602 2608 visum
626 2579 680 2608 est
702 2573 762 2618 qni
783 2575 965 2619 persecuti
988 2580 1086 2618 sunt,
1108 2576 1204 2621 quod
1222 2574 1359 2620 dejece-

302 2639 385 2668 runt
402 2633 583 2668 Christum
598 2634 762 2670 dedomo
778 2635 903 2677 David,
925 2635 960 2671 in
983 2646 1052 2681 qua
1074 2636 1173 2682 regni
1197 2636 1274 2682 ejus
1288 2646 1360 2672 non

301 2693 371 2727 erit
389 2693 469 2727 linis
488 2692 587 2738 (Luc.
611 2693 653 2739 1).

349 2753 396 2788 Et
407 2754 568 2788 dixerunt
578 2755 729 2789 seniores
740 2754 878 2790 Galaad
890 2755 934 2790 ad
945 2755 1088 2802 Jephte:
1107 2756 1188 2791 Non
1200 2756 1248 2792 sic
1259 2756 1360 2791 modo

303 2815 457 2849 ronimns
476 2815 520 2849 ml
542 2821 588 2849 te.
624 2815 811 2861 Tanquam
831 2817 992 2852 dicerent
1009 2817 1121 2853 Judoei
1138 2818 1301 2854 conversi
1317 2818 1360 2853 ad

302 2873 485 2909 Christum
507 2885 517 2908 ε
549 2874 648 2910 Tune
663 2876 825 2912 venimus
845 2882 884 2911 ut
903 2887 1207 2922 persequeremur
1225 2889 1234 2920 ;
1257 2878 1362 2913 modo

303 2936 467 2970 venimus
484 2941 524 2970 ut
560 2946 767 2980 sequamur.
806 2936 1025 2972 Profitentur
1049 2937 1158 2971 etiam
1189 2938 1361 2972 adversus

303 2994 467 3029 inimicos
488 3005 568 3028 eum
594 2995 752 3029 futurum
773 2995 838 3030 sibi
861 3001 979 3039 caput.
1008 2996 1215 3039 Respondet
1234 2996 1309 3038 ille,
1329 2997 1358 3031 si

303 3062 429 3088 eorum
457 3053 585 3088 vicerit
605 3053 782 3095 inimicos,
813 3054 906 3098 quod
921 3054 991 3088 erit
1006 3054 1058 3089 eis
1077 3055 1111 3089 in
1132 3056 1356 3101 principem;

306 3111 400 3156 quod
431 3111 575 3147 Gedeon
608 3112 734 3155 noluit,
771 3122 852 3147 cum
885 3113 920 3148 id
943 3113 1110 3150 lsraelita}
1137 3116 1356 3160 voluisseut3

307 3172 490 3217 respondit
504 3171 635 3217 quippe
655 3171 727 3207 illis
746 3182 756 3206 :
785 3170 952 3217 Princeps
966 3180 1074 3208 vester
1090 3174 1258 3210 Dominus
1279 3176 1356 3209 erit.

308 3233 382 3268 Rex
403 3233 499 3268 enim
531 3233 678 3268 nomine
699 3231 874 3277 principis
890 3233 1128 3279 significatur,
1158 3235 1253 3279 quod
1270 3245 1361 3270 non-

308 3297 392 3331 dum
418 3295 574 3331 babebat
591 3304 679 3340 gens
698 3294 757 3329 illa
781 3299 940 3340 tempore
957 3293 1136 3331 Judicum.
1170 3295 1364 3342 Coeperunt

310 3356 571 3392 antemhabere
591 3354 748 3398 Saulem,
771 3360 806 3390 et
827 3355 995 3402 deinceps
1020 3355 1110 3392 alios
1136 3363 1364 3393 successores

309 3416 400 3463 ejus,
425 3417 486 3462 qni
504 3416 540 3451 in
561 3415 663 3451 libris
677 3415 883 3460 Regnorum
902 3416 1082 3463 leguntur.
1109 3416 1201 3464 Nam
1217 3415 1253 3452 lh
1271 3415 1365 3453 Deu-

311 3475 511 3513 teronomio
529 3485 610 3511 cum
630 3475 683 3510 eis
714 3473 921 3520 praecipitur
949 3476 1091 3523 qualem
1130 3477 1284 3514 debeant
1301 3476 1366 3512 ha·-

310 3537 396 3572 here
414 3544 551 3582 regem,
573 3535 604 3571 si
635 3536 705 3572 hoc
722 3535 775 3571 eis
795 3534 983 3582 placuerit,
1021 3543 1094 3574 non
1127 3538 1178 3574 ibi
1206 3544 1273 3574 rex
1301 3530 1366 3574 sed

310 3597 478 3644 princeps
493 3595 691 3642 appellatur
709 3595 827 3644 (Dent.
847 3596 951 3645 xvii).
969 3596 1040 3633 Sed
1054 3598 1139 3644 quia
1152 3597 1220 3634 iste
1237 3595 1366 3644 Jephoe

312 3656 412 3693 illum
429 3655 607 3704 figurabat
628 3657 691 3704 qui
705 3665 813 3694 verus
841 3661 898 3694 est
915 3666 1000 3701 rex,
1018 3657 1113 3704 quod
1133 3657 1243 3694 etiam
1259 3658 1296 3693 in
1322 3657 1368 3693 tia

314 3717 388 3753 tulo
405 3718 576 3765 scriptam
594 3716 672 3761 mit,
696 3716 757 3765 qul
774 3718 874 3756 eruci
897 3717 974 3764 ejus
989 3717 1131 3762 affixus,
1149 3723 1256 3765 quem
1271 3716 1368 3754 raas

316 3778 374 3811 tus
395 3776 515 3814 delere
537 3778 592 3814 vel
605 3778 799 3816 emendare
814 3783 886 3816 non
901 3786 1011 3815 ansus
1023 3782 1081 3814 est
1094 3788 1104 3822 ;
1125 3777 1205 3815 ideo
1219 3779 1369 3816 credens

1414 1257 1484 1292 quo
1517 1247 1681 1282 Christus
1702 1244 1945 1289 loquebatur:
1982 1241 2019 1277 Si
2046 1242 2122 1287 fieri
2153 1248 2278 1287 potest,
2310 1240 2403 1288 quod
2425 1251 2469 1276 ex

1414 1307 1507 1340 vobis
1537 1311 1608 1347 est,
1631 1316 1709 1339 cnm
1741 1303 1900 1338 omnibus
1934 1302 2130 1337 hominibus
2159 1312 2278 1348 pacem
2308 1301 2468 1337 habentes

1417 1363 1533 1410 (Rom.
1552 1363 1633 1411 xii).
1661 1363 1779 1400 Verba
1796 1373 1904 1415 porro
1934 1362 2012 1408 ipsa
2041 1372 2120 1408 quae
2140 1362 2323 1398 mandavit
2342 1361 2471 1408 Jephte

1414 1431 1637 1470 pertractare
1651 1424 1772 1459 omnia
1787 1423 1894 1459 nimis
1913 1422 2058 1470 longum
2075 1428 2129 1459 est
2143 1422 2394 1459 festinantibus
2408 1432 2472 1458 no-

1415 1486 1483 1521 bis.
1507 1477 1684 1521 Videntur'
1696 1491 1816 1519 tamen
1846 1484 1935 1519 mihi
1956 1484 2007 1519 sic
2033 1483 2276 1530 intelligenda,
2297 1488 2471 1529 quantum

1416 1546 1543 1581 attinet
1560 1545 1604 1580 ad
1623 1542 1922 1591 significationem
1937 1544 2151 1588 futurorum,
2170 1550 2208 1580 ut
2226 1545 2262 1579 in
2276 1544 2328 1580 eis
2346 1544 2472 1579 adver-

1419 1612 1515 1642 tatur
1532 1607 1695 1642 doctrina
1716 1606 1861 1642 Christi.
1891 1605 2070 1643 Admonet
2090 1616 2155 1642 nos
2171 1605 2471 1652 quemadmodum

1419 1667 1464 1703 sit
1482 1666 1750 1708 ambulandum,
1783 1667 1850 1703 hoc
1878 1671 1946 1710 est,
1979 1667 2169 1702 vivendum
2195 1667 2290 1702 inter
2321 1675 2382 1702 eos
2413 1665 2475 1711 qui

1418 1737 1488 1761 non
1511 1726 1705 1762 seeundum
1724 1727 1946 1772 propositum
1960 1727 2078 1762 vocati
2103 1732 2210 1762 sunt:
2241 1726 2348 1761 Novit
2379 1725 2475 1761 enim

1418 1785 1603 1828 Dominus,
1631 1786 1689 1832 qui
1705 1793 1783 1821 sunl
1807 1787 1883 1831 ejus
1910 1786 1967 1833 (ΙΙ
1986 1786 2072 1822 Tim.
2095 1786 2150 1834 11).
2179 1787 2256 1823 Jam
2279 1796 2364 1822 vero
2380 1785 2474 1832 quod

1420 1855 1500 1881 cum
1516 1852 1611 1882 esset
1626 1846 1867 1882 debellaturus
1888 1847 2068 1891 inimicos,
2091 1848 2206 1893 saccus
2221 1855 2381 1895 estsuper
2396 1859 2474 1883 eum

1419 1907 1563 1952 spiritus
1581 1907 1734 1950 Domini,
1756 1907 1979 1953 significatur
1998 1908 2153 1953 Spiritus
2178 1912 2323 1944 sanctus
2344 1908 2476 1953 imper-

1420 1965 1506 2000 titus
1524 1966 1695 2001 membris
1709 1966 1857 2001 Christi.
1876 1967 1977 2010 Quod
1992 1974 2109 2003 autem
2121 1969 2308 2014 pertransit
2323 1967 2473 2010 Galaad,

1421 2033 1450 2061 et
1467 2025 1642 2069 Manasse,
1660 2032 1690 2060 et
1705 2028 1841 2061 transiit
1858 2027 2032 2072 speculam
2051 2027 2207 2070 Galaad,
2229 2035 2260 2062 et
2276 2028 2318 2062 ab
2336 2026 2476 2073 specula

1373 2082 1401 2122 C
1424 2084 1559 2120 Galaad
1576 2087 1714 2120 transiit
1733 2086 1778 2120 ud
1807 2086 1899 2130 filios
1914 2086 2075 2129 Ammon,
2097 2087 2320 2131 proficientia
2338 2088 2475 2133 signifi·
2523 2094 2526 2099 ’

1423 2151 1553 2180 cantur
1567 2146 1727 2180 membra
1748 2145 1881 2181 Christi
1910 2146 1954 2180 ad
1973 2147 2159 2182 victoriam
2181 2147 2223 2182 de
2241 2147 2396 2183 inimicis
2423 2158 2479 2184 re-

1422 2206 1648 2250 portandam.
1674 2206 1816 2251 ·Galaad
1839 2207 1970 2252 quippe
2000 2208 2259 2254 interpretatur
2293 2210 2474 2256 abjiciens,

1424 2272 1459 2301 et
1478 2267 1641 2302 Manasse
1665 2268 1849 2303 necessitas
1879 2270 2099 2305 transeundi.
2139 2270 2364 2307 Transeundi
2396 2277 2478 2308 sunt

1425 2335 1509 2372 ergo
1540 2338 1560 2362 a
1593 2327 1861 2372 proficientibus
1885 2328 2112 2374 abjicientes,
2149 2332 2183 2367 id
2214 2338 2282 2375 est,
2315 2338 2477 2368 contem-

1426 2393 1570 2431 nentes3
1586 2389 1799 2424 transeunda
1818 2395 1853 2424 ct
1868 2391 2074 2432 necessitas,
2092 2402 2137 2427 ne
2155 2391 2248 2428 sorte
2266 2403 2345 2428 cum
2363 2399 2479 2428 trans-

1426 2448 1509 2483 ierit
1542 2454 1813 2485 contemnentes
1839 2450 1900 2494 qui
1925 2450 2090 2495 prolicit,
2115 2453 2219 2487 cedat
2245 2453 2476 2498 terrentibus,

1428 2509 1657 2545 Transeunda
1678 2511 1784 2546 etiam
1803 2511 1946 2556 specula
1972 2512 2120 2556 Galaad,
2158 2514 2327 2559 quoniam
2345 2515 2479 2552 Galaad

1427 2570 1537 2606 etiam
1573 2570 1732 2606 revelatio
1775 2571 2042 2618 interpretatur.
2082 2573 2145 2609 Est
2181 2579 2298 2610 autem
2335 2574 2478 2622 specula

1429 2631 1580 2667 altitudo
1606 2632 1651 2667 ad
1671 2633 1959 2678 prospiciendum
1980 2633 2036 2669 vel
2056 2634 2098 2669 ad
2130 2634 2416 2681 despieICndum,
2444 2636 2480 2673 id
2535 2619 2540 2630 ι

1429 2700 1498 2737 est,
1537 2695 1690 2740 desuper
1720 2694 1977 2740 aspiciendum.
2011 2695 2161 2742 Speenla
2195 2697 2315 2743 itaque
2346 2696 2479 2733 Galaad

1430 2756 1668 2802 congruenter
1689 2755 1776 2791 mihi
1802 2756 1943 2791 videtur
1970 2755 2172 2802 significare
2194 2759 2398 2805 superbiam
2425 2769 2481 2794 re-

1430 2817 1633 2858 velationis,
1665 2817 1759 2852 unde
1778 2817 1863 2852 dicit
1879 2816 2094 2861 Apostolus:
2117 2817 2161 2852 Et
2191 2818 2226 2853 in
2244 2819 2482 2863 maqnitucline

1431 2877 1677 2912 revelationum
1695 2888 1736 2912 ne
1749 2877 1898 2912 extollar
1923 2877 1979 2924 (II
1996 2876 2076 2913 Cor.
2093 2877 2173 2925 xii).
2209 2877 2301 2924 Ergo
2334 2885 2370 2914 et
2403 2879 2482 2926 ipsa

1431 2939 1647 2974 transeunda
1672 2943 1741 2981 est,
1784 2939 1819 2973 id
1849 2942 1918 2982 est,
1951 2949 2021 2974 non
2042 2941 2097 2974 ρει
2122 2939 2157 2974 in
2179 2950 2221 2974 ea
2250 2939 2479 2984 manendum,

1429 3005 1573 3045 propter
1583 2999 1731 3034 cadendi
1747 2999 1956 3044 periculum.
1973 2998 2036 3034 llis
2049 3000 2289 3045 pertransitis,
2305 2998 2408 3035 facile
2424 3011 2482 3036 su-

1429 3066 1602 3107 perantur
1627 3060 1785 3103 inImici‚
1822 3060 1916 3106 quod
1942 3060 2120 3106 significat
2153 3058 2303 3097 dicendo
2325 3074 2333 3096 :
2357 3059 2405 3096 Et
2438 3061 2480 3096 ab

1430 3121 1568 3168 specula
1587 3120 1725 3170 Galaad
1752 3122 1893 3156 transiit
1914 3122 1960 3156 ml
1986 3121 2080 3166 filios
2106 3121 2275 3166 Ammon,
2292 3121 2335 3158 de
2354 3122 2482 3169 quibus

1431 3181 1585 3216 inimicis
1605 3182 1678 3226 jam
1698 3192 1805 3226 supra
1825 3181 1958 3216 dictum
1976 3189 2043 3218 est.
2347 3179 2357 3195 ⁸

1478 3240 1524 3273 Et
1549 3241 1636 3274 vovit
1654 3240 1775 3286 Jeptate
1788 3246 1918 3283 votnm,
1947 3242 1978 3274 et
1996 3236 2108 3275 dixit.-
2144 3235 2184 3275 Si
2205 3239 2391 3276 traditione
2409 3248 2482 3278 tra-

1431 3299 1562 3335 dideris
1583 3299 1668 3334 milti
1701 3299 1794 3343 filios
1811 3299 1958 3361 Affio‘n
1975 3298 2010 3333 in
2027 3301 2132 3333 manu
2158 3296 2245 3342 men,
2269 3307 2300 3335 el
2319 3301 2382 3336 erit
2404 3299 2483 3349 qui-

1433 3368 1565 3404 cunque
1577 3357 1700 3392 exierit
1725 3357 1767 3392 de
1782 3357 1906 3403 jannis
1933 3358 2056 3392 domus
2073 3369 2156 3393 mete
2181 3359 2217 3394 in
2238 3355 2370 3396 obviam
2398 3360 2484 3396 mitia·

1435 3419 1473 3454 in
1492 3418 1692 3454 revertendo
1711 3428 1765 3454 me
1785 3419 1822 3454 i'n
1838 3424 1923 3465 pace
1939 3430 1961 3454 a
1986 3417 2069 3464 filiis
2100 3414 2263 3464 Ammon,
2287 3418 2398 3456 eterit
2415 3419 2484 3458 Do·
2538 3463 2540 3467 ⁸

1434 3479 1544 3523 mino,
1567 3482 1599 3515 e‘t
1625 3479 1770 3526 offeram
1796 3483 1876 3515 eum
1909 3478 2183 3517 holocaustoma.
2217 3477 2418 3528 Quemlibet
2444 3476 2484 3518 in
2533 3480 2540 3535 J

1436 3539 1506 3576 hee
1527 3538 1605 3575 loeo
1624 3538 1847 3585 cogitaverit,
1867 3537 1995 3585 Jephte
2015 3533 2211 3586 seeundum
2229 3535 2484 3587 cogitationem

1433 3599 1639 3642 humanam,
1659 3603 1731 3635 non
1745 3598 1888 3635 videtur
1899 3600 2043 3636 unicam
2059 3590 2171 3650 maan
2180 3587 2381 3651 ἂὸϊςῖιαεεε;
2397 3595 2486 3646 atte-

1432 3658 1495 3704 qni
1512 3659 1585 3694 non
1614 3657 1762 3702 diceret,
1783 3664 1865 3694 cum
1883 3652 1983 3695 illam
1996 3657 2127 3697 eornm*
2146 3657 2376 3697 decurrisse:
2402 3655 2484 3707 Reii

1431 3717 1509 3755 mr
1519 3711 1599 3763 filiu
1609 3719 1707 3764 mea,
1733 3717 1908 3765 impedisti
1922 3722 1980 3756 me
1992 3727 1999 3740 ··
2005 3711 2330 3818 Mmicitlniii
2338 3712 2438 3775 faeta
2448 3720 2486 3757 ei

1432 3779 1470 3814 in
1487 3777 1599 3816 mum
1616 3776 1716 3816 nea.
1747 3778 1932 3828 impedisti
1954 3745 2016 3818 tai-
2096 3770 2103 3780 ’
2141 3777 2280 3819 arctam
2299 3773 2371 3826 'est
2402 3773 2486 3817 tana
