2540 4016
311 219 381 259 265

310 293 438 342 pellat,
459 289 582 335 aperte
599 282 676 329 ipse
692 277 862 316 Dominus
880 268 1001 308 docuit
1018 265 1054 302 di

310 353 411 390 suis:
439 345 611 383 Attendite
634 354 654 376 a
678 341 841 386 fermento
865 329 1126 366 Pharisaeorum
1150 329 1182 358 et
1209 318 1350 356 Saddu-

317 422 467 450 coeorum
488 407 624 456 (Marc.
643 399 741 446 vm).
762 396 828 432 Mel
847 401 931 429 vero
948 394 1169 435 paganorum
1188 380 1351 418 doctrina

319 471 466 516 intelligi
485 495 493 512 ,
516 470 659 513 propter
683 457 894 494 suavitatem
920 450 1112 486 verborum
1136 450 1172 481 et
1195 441 1353 480 dulcedi-

313 543 396 570 nem
417 526 569 572 eloquii,
591 521 756 557 Salomon
776 516 811 549 in
832 509 1036 548 Proverbiis
1056 508 1179 547 docet,
1202 504 1350 540 dicens:

315 592 396 628 Non
420 585 578 631 respicias
603 579 647 614 ad
673 575 851 612 mulierem
874 569 1110 610 meretricem,
1138 565 1236 611 savus
1262 561 1352 597 enim

309 647 480 684 distillans
500 641 592 676 labia
608 635 810 675 meretricis,
825 637 855 666 et
875 629 1018 665 nitidius
1035 626 1109 662 oleo
1125 630 1245 671 guttur
1262 621 1351 666 ejus,

310 707 494 745 novissima
511 706 624 736 autem
640 697 734 732 illius
749 703 871 729 amara
885 689 986 737 quasi
1002 684 1213 722 absinthium
1230 681 1350 729 (Prov.

312 781 334 805 v
349 770 375 815 ).
398 763 597 803 Novissima
621 762 739 794 autem
764 751 871 799 quae?
896 748 1047 793 Quando
1071 744 1238 782 videlicet
1259 742 1354 776 inter

310 839 431 867 veram
455 823 665 871 sapientiam
694 823 729 854 et
759 816 879 851 lictam
902 811 1067 855 salsoque
1097 810 1259 842 utentem
1291 810 1356 835 no-

312 893 407 928 mine
439 889 640 924 discernere
672 878 854 926 coeperis3
885 884 969 910 nam
1000 872 1086 907 licet
1117 866 1287 904 Ecclesiae
1317 863 1355 897 in

313 949 468 988 Canticis
500 944 722 982 canticorum
753 939 875 974 dicat:
911 932 980 968 Mel
1009 937 1040 967 et
1068 930 1122 964 lac
1147 927 1209 963 sub
1236 925 1356 970 linqua

312 1019 371 1048 tua
396 1008 523 1056 (Cant.
543 1005 594 1052 iv)
607 1030 616 1047 ‚
642 1013 714 1038 non
734 995 948 1036 contradicit
965 989 1216 1039 praesentibus,
1240 985 1302 1021 sed
1322 988 1357 1018 et

309 1071 411 1107 valde
430 1065 628 1106 consentit,
650 1070 766 1106 neque
787 1059 823 1093 in
841 1057 963 1101 lingua
986 1058 1048 1087 tua
1073 1049 1183 1090 dixit,
1208 1045 1270 1081 sed
1295 1043 1356 1079 sub

318 1131 458 1176 linqua,
479 1133 519 1162 ut
539 1123 745 1161 ostenderet
764 1117 859 1164 quod
878 1121 1099 1161 paganorum
1126 1106 1299 1153 sapientia
1323 1108 1358 1139 et

316 1189 518 1224 ludaeorum
538 1185 657 1219 littera
675 1181 804 1226 linguae
824 1174 1014 1215 Ecclesiae,
1037 1171 1071 1206 id
1092 1174 1145 1205 est
1163 1165 1354 1206 doctrinae,

321 1247 480 1293 subjecta
505 1250 586 1280 est:
612 1251 697 1288 ergo
721 1241 847 1275 horum
871 1247 942 1271 non
972 1233 1057 1268 vult>
1078 1232 1251 1275 integram
1284 1226 1356 1261 Deo

315 1308 517 1344 doctrinam
547 1303 696 1344 offerri3
733 1300 815 1335 inde
848 1297 958 1333 dicit:
990 1293 1066 1329 Non
1090 1290 1291 1327 adolebitur
1320 1287 1357 1322 in

320 1366 533 1403 sacrificium
554 1362 647 1408 quod
666 1365 720 1395 est
740 1359 775 1393 in
796 1357 1043 1393 holocaustum
1057 1379 1065 1395 ,
1085 1349 1255 1398 primitias
1282 1353 1358 1382 tan-

325 1433 397 1461 tam
424 1434 540 1460 eorum
564 1420 728 1467 offeretis.
752 1417 924 1462 Praecepit
948 1415 1043 1450 enim
1067 1423 1110 1448 ex
1133 1415 1234 1457 parte
1264 1408 1358 1444 illius

317 1486 499 1531 sapientia:
517 1482 696 1529 primitias
712 1479 831 1516 oll'crri
846 1505 854 1520 ‚
874 1487 943 1512 non
962 1481 1080 1510 autem
1099 1473 1202 1519 plene
1222 1481 1263 1507 ea
1282 1469 1356 1512 uti3

321 1546 382 1582 sed
407 1543 702 1590 quemadmodum
727 1549 806 1575 cum
837 1537 968 1573 Paulus
1000 1535 1093 1580 apud
1122 1532 1360 1569 Athenienses

319 1606 607 1646 concionaretur,
642 1603 792 1638 dicens:
819 1599 914 1634 Sicut
946 1597 1087 1643 quidam
1120 1601 1227 1630 vester
1261 1600 1361 1639 poeta

320 1666 430 1707 dixit,
453 1663 556 1708 hujus
578 1670 607 1697 et
633 1671 739 1707 qenus
764 1669 881 1694 sumus
908 1656 1009 1703 (Act.
1030 1666 1103 1690 xvn
1119 1653 1130 1701 )
1146 1681 1154 1696 ,
1181 1654 1241 1699 qui
1266 1653 1363 1687 inve-

322 1726 426 1761 niens
446 1724 593 1759 verbum
618 1721 775 1757 exterius
802 1720 844 1755 ad
869 1718 1092 1754 occasionem
1116 1715 1181 1751 Dei
1207 1714 1363 1750 scientiae

321 1790 461 1830 aptum,
483 1793 551 1818 non
572 1781 713 1827 quidem
732 1779 865 1824 respuit
885 1788 950 1813 nec
977 1783 1095 1812 tamen
1116 1775 1271 1817 addidit,
1297 1785 1361 1810 ne—

321 1855 389 1889 que
408 1843 502 1879 enim
531 1842 614 1877 inde
645 1841 736 1876 ultra
765 1838 970 1875 testimonia
988 1835 1249 1882 multiplicavit.
1270 1835 1365 1878 Qua-

320 1907 387 1942 re?
411 1904 511 1948 Quod
531 1903 660 1950 placuit
681 1903 753 1938 Deo
773 1913 833 1948 per
867 1901 1052 1936 stultitiam
1083 1897 1362 1943 proedicationis,

324 1967 415 2002 sicut
441 1966 517 2010 ipse
539 1964 671 1999 Paulus
693 1963 763 2005 ait,
782 1962 893 1997 salvos
915 1962 1026 2005 facere
1046 1958 1235 1993 credentes.
1259 1957 1306 1993 Ut
1326 1956 1366 1991 fi-

325 2029 387 2064 des
411 2032 533 2062 nostra
557 2035 629 2059 non
653 2024 699 2059 sit
722 2024 756 2057 in
783 2021 958 2067 sapientia
991 2019 1198 2061 hominum,
1233 2018 1295 2053 sed
1328 2018 1364 2052 in

730 203 773 240 B.
797 192 966 238 RABANI
988 187 1137 229 MAURI
1159 181 1373 224 ΑΒΟΗῙΕΡ.
1400 177 1606 219 MOGUNT.
1631 171 1821 213 OPERUM
1846 169 1967 209 PARS
1990 170 2018 206 1.

1057 274 1141 302 cens
1163 258 1348 307 discipulis
1366 263 1404 303 Α
1417 263 1552 291 summo
1569 249 1732 298 angulari
1751 247 1867 294 lapide
1883 244 2022 281 Christo
2038 240 2124 277 Jesu
2141 237 2287 286 (Ephes.
2302 234 2360 284 ιι).
2377 221 2472 281 Quia

2392 164 2464 202 264

1418 319 1538 349 autem
1563 321 1636 347 non
1663 308 1876 354 simpliciter
1899 303 1953 340 sal
1977 301 2091 344 dixit,
2111 298 2174 335 sed
2194 297 2280 334 illud
2301 296 2474 343 intelligi-

1417 373 1491 409 bile
1512 370 1695 417 legislator
1721 366 1838 402 innuit
1858 374 1867 399 ε
1889 362 1972 398 Νοη
1997 359 2136 404 auferes
2149 384 2159 402 ,
2178 356 2316 403 inquit,
2336 355 2391 391 sal
2410 355 2474 401 [ω-

1418 435 1511 470 deris
1534 433 1601 467 Dei
1624 431 1688 466 tui.
1714 428 1818 473 Quod
1841 426 1871 462 si
1895 424 2012 460 foedus
2034 421 2110 458 sive
2135 422 2392 466 testamentum
2413 427 2473 453 ra-

1419 494 1552 531 tionale
1571 497 1627 529 est
1640 519 1650 535 ,
1669 491 1795 536 utique
1816 493 1852 524 et
1872 485 1926 523 sal
1949 482 2126 519 rationale
2149 487 2217 518 est.
2243 480 2339 527 Ergo
2361 484 2474 516 testa-

1418 556 1532 591 menti
1550 552 1763 599 evangelici‚
1786 555 1823 586 et
1859 547 1944 584 salis
1964 543 2151 591 apostolici
2171 549 2475 588 praecommonere

1418 627 1484 652 nos
1504 615 1580 650 vult
1599 613 1797 660 legislator.
1819 610 1890 658 (Ex
1907 606 2112 652 Hesychia.)
2128 604 2215 639 ltem
2234 603 2329 649 quod
2347 601 2416 638 mel
2438 601 2476 636 in

1420 677 1482 712 Dei
1503 673 1680 710 sacrificio
1701 681 1773 707 non
1793 669 1962 710 offertur,
1984 665 2119 701 indicat
2139 662 2234 709 apud
2254 663 2366 698 Deum
2387 659 2476 696 nihil

1419 737 1694 782 voluptuosum,
1718 732 1808 768 nihil
1832 739 1940 767 suave
1959 728 2066 774 hujus
2090 725 2213 761 mundi
2238 723 2400 770 placere,
2422 721 2477 757 ni-

1420 797 1543 843 hilque
1567 794 1662 841 quod
1680 804 1750 829 non
1773 792 1905 828 habeat
1924 787 2105 825 mordacis
2125 785 2263 831 aliquid
2282 783 2446 819 veritatis
2465 793 2473 816 ε

1422 858 1517 894 unde
1539 862 1577 893 et
1598 855 1733 903 pascha
1765 862 1846 889 cum
1881 848 2182 886 amaritudinibus
2214 844 2475 881 manducatur:

1423 918 1451 954 E
1473 917 1655 954 contrario
1674 912 1867 950 admisceri
1887 912 1923 947 in
1944 910 2113 947 omnibus
2134 906 2321 943 sacrificiis
2343 903 2395 940 sal
2415 901 2477 948 ju-

1423 978 1543 1020 betur,
1558 975 1696 1011 scilicet
1709 979 1747 1009 ut
1764 973 1883 1008 omnia
1901 980 1979 1016 quae
1994 971 2038 1005 ad
2053 967 2189 1004 Christi
2205 967 2379 1001 honorem
2393 961 2479 998 offe-

1424 1038 1539 1073 rimus
1563 1036 1616 1073 531
1641 1034 1792 1070 rationis
1816 1044 1858 1069 ac
1879 1031 2107 1068 discretionis
2126 1038 2268 1074 semper
2288 1026 2476 1071 accipiant.

1428 1096 1531 1141 Quod
1552 1106 1640 1132 vero
1663 1096 1699 1131 in
1722 1093 1942 1130 sacrificium
1966 1091 2086 1127 oleum
2111 1089 2344 1127 offerebatur,
2373 1084 2480 1132 signi-

1375 1159 1407 1198 B
1426 1158 1511 1194 ficat
1536 1162 1576 1192 ut
1600 1155 1773 1202 quidquid
1798 1155 1843 1189 ad
1866 1153 2004 1188 cultum
2029 1150 2164 1187 Christi
2190 1154 2227 1184 et
2253 1146 2481 1183 devotionem

1428 1224 1638 1256 sanctorum
1658 1215 1913 1262 impendimus,
1937 1219 2051 1247 totum
2070 1221 2151 1247 cum
2171 1208 2353 1244 hilaritate
2372 1204 2482 1240 facia-

1425 1290 1531 1316 mus:
1554 1277 1676 1321 Nihil,
1704 1282 1744 1312 ut
1772 1276 1823 1311 ait
1854 1272 2068 1319 Apostolus,
2087 1281 2129 1306 ex
2158 1268 2327 1310 tristitia,
2349 1271 2410 1301 aut
2439 1274 2482 1299 ca:

1426 1340 1651 1382 necessitate,
1681 1336 1829 1372 hilarem
1857 1335 1949 1370 enim
1981 1333 2138 1368 datorem
2167 1328 2279 1375 diliyit
2310 1326 2403 1363 Deus
2433 1322 2479 1372 (t

1429 1398 1511 1434 Cor.
1532 1408 1569 1434 lx
1584 1399 1611 1442 ).

1835 1453 1986 1492 CAPUT
2014 1452 2058 1489 V.

1615 1519 1666 1554 De
1686 1517 1860 1554 oblatione
1880 1516 2116 1563 primitiarum
2138 1514 2287 1560 [rugum.

1477 1580 1595 1629 (lem.)
1623 1580 1663 1616 Si
1682 1586 1797 1614 autem
1825 1577 1990 1613 obtuleris
2011 1586 2137 1610 munus
2155 1572 2392 1620 primitiarum
2411 1568 2486 1613 sru-

1429 1655 1510 1691 9um
1537 1650 1678 1678 tuarum
1696 1641 1860 1683 Domino,
1881 1639 1922 1674 de
1940 1638 2043 1684 spicis
2063 1636 2176 1671 adhuc
2201 1632 2487 1672 virentibus,tor-

1431 1717 1483 1740 res
1502 1716 1560 1740 eas
1580 1705 1650 1750 iqui
1666 1731 1675 1747 ,
1696 1709 1727 1738 et
1745 1701 1942 1747 confrinqes
1961 1701 1998 1735 in
2016 1709 2146 1734 morem
2165 1696 2272 1743 farris
2287 1722 2296 1738 ,
2317 1700 2350 1729 et
2367 1693 2415 1728 sic
2435 1691 2489 1737 os-

1431 1766 1519 1811 feres
1545 1765 1719 1811 primitias
1738 1769 1816 1797 tuas
1837 1761 2001 1800 Domino,
2023 1758 2172 1804 fundens
2196 1766 2302 1802 supra
2321 1753 2435 1790 oleum
2456 1756 2488 1786 et

1433 1828 1512 1861 thus
1533 1826 1728 1871 imponens,
1750 1823 1833 1868 quia
1854 1820 1981 1855 oblatio
2001 1819 2142 1854 Domini
2161 1824 2231 1860 est,
2252 1819 2294 1851 de
2313 1826 2382 1862 qua
2400 1812 2489 1848 ado-

1433 1887 1513 1923 lebit
1531 1885 1694 1922 sacerdos
1714 1884 1750 1919 in
1768 1883 1933 1918 memoria
1954 1880 2122 1922 muneris,
2141 1884 2274 1925 partem
2293 1876 2401 1922 farris
2421 1873 2491 1919 sra-

1433 1950 1479 1983 cti
1500 1954 1531 1982 et
1552 1946 1617 1982 olei
1639 1957 1679 1980 ac
1701 1951 1811 1979 totum
1830 1943 1923 1979 thus.
1948 1942 2026 1989 (Ex
2042 1939 2189 1975 Hesiod.
2208 1936 2314 1985 [sic])
2335 1936 2414 1971 Non
2434 1944 2492 1969 5ο-

1433 2007 1486 2044 los
1510 2006 1683 2052 praecepit
1700 2005 1762 2039 Dei
1782 2003 1948 2038 notitiam
1969 2001 2045 2038 sive
2067 1999 2255 2036 scientiam
2276 2006 2338 2032 eos
2363 1994 2493 2031 offerre
2522 1987 2523 1990 '

324 2087 457 2122 virtute
477 2085 561 2127 Dei,
581 2088 725 2129 propter
743 2083 836 2127 quod
854 2082 905 2117 ait
921 2080 1118 2126 legislator,
1138 2090 1240 2125 super
1257 2079 1366 2113 attare
1385 2058 1414 2100 C
1438 2070 1498 2116 qui
1527 2069 1563 2104 in
1595 2068 1720 2103 eadem
1751 2065 1903 2102 scientia
1936 2063 2088 2098 multum
2118 2067 2259 2106 tempus
2285 2066 2494 2104 permanse-

328 2156 406 2181 vero
425 2156 492 2179 non
506 2149 675 2190 ponentur
690 2143 726 2177 in
740 2142 878 2177 odorem
891 2141 1084 2182 suavitatis,
1101 2146 1136 2175 et
1150 2150 1231 2175 cum
1246 2139 1372 2174 liceret

331 2204 401 2240 dici
430 2214 501 2239 non
530 2207 722 2248 ponuntur,
758 2213 825 2236 non
849 2206 1019 2245 ponentur
1042 2199 1155 2242 dixit,
1179 2199 1371 2234 ostendens

332 2265 427 2310 quod
446 2269 482 2299 et
501 2263 530 2299 si
548 2273 612 2298 nos
637 2261 894 2298 tentaverimus
917 2260 962 2296 de
985 2258 1222 2295 exterioribus
1247 2257 1375 2293 divini-

334 2325 419 2360 tatis
437 2324 586 2369 adipisci
605 2323 769 2359 notitiam
783 2349 791 2364 ‚
810 2322 855 2357 ad
874 2321 986 2356 altare
1003 2320 1067 2355 Dei
1087 2320 1155 2354 boc
1173 2318 1244 2354 tale
1261 2317 1375 2353 sacri-

332 2385 451 2420 ficium
475 2395 546 2420 non
573 2383 754 2426 ascendit,
776 2392 843 2418 nec
868 2382 957 2417 odor
981 2381 1021 2415 fit
1045 2380 1233 2415 suavitatis
1257 2378 1376 2414 Domi-

330 2454 399 2487 no,
422 2443 485 2479 sed
509 2442 738 2478 inferioribus
762 2442 952 2486 deputatur
978 2439 1048 2475 tale
1072 2438 1292 2474 sacrificium
1307 2465 1316 2480 ‚
1340 2443 1377 2473 et

331 2507 370 2538 ut
388 2508 469 2548 pote
486 2502 582 2547 quod
599 2501 644 2536 de
663 2506 758 2536 terra
782 2499 890 2535 habet
916 2498 1187 2534 subsistentiam
1202 2524 1211 2540 ‚
1236 2497 1281 2533 ad
1306 2501 1375 2532 ter-

333 2572 410 2598 ram
432 2561 655 2607 deprimitur.
685 2559 861 2606 Quidquid
893 2558 1058 2594 obtuleris
1084 2558 1273 2603 sacrificii,
1306 2556 1378 2592 sale

334 2623 473 2658 condies
492 2633 502 2657 .·
529 2633 588 2656 nec
620 2621 757 2666 auferes
781 2620 834 2655 sal
856 2620 994 2666 foederis
1011 2619 1153 2654 Domini
1176 2618 1241 2653 Dei
1266 2618 1316 2653 tui
1336 2617 1379 2653 de

334 2682 510 2725 sacrificio
528 2687 602 2723 tuo,
620 2681 656 2715 in
677 2681 768 2714 omni
787 2679 958 2714 oblatione
977 2679 1098 2724 offeres
1116 2679 1181 2714 sal.
1203 2679 1304 2722 Quod
1325 2679 1378 2714 sal

337 2751 404 2787 pro
424 2741 620 2785 apostolica
645 2740 818 2785 sapientia
840 2740 955 2782 dixit,
972 2740 1078 2785 plane
1100 2741 1168 2776 hoc
1188 2741 1291 2776 nobis
1311 2741 1380 2776 Do-

337 2803 456 2838 minus
476 2802 653 2844 ostendit,
676 2801 798 2836 dicens
817 2800 986 2845 apostolis
1007 2813 1014 2835 :
1044 2800 1110 2835 Vos
1134 2802 1213 2836 estis
1237 2801 1290 2836 sal
1313 2807 1382 2836 ter-

341 2872 413 2896 roe:
433 2862 462 2896 si
481 2869 595 2896 autem
615 2859 668 2895 sal
688 2859 862 2894 evanuerit
881 2861 925 2894 ad
951 2860 1096 2895 nihilum
1117 2861 1239 2896 valebit
1263 2863 1356 2897 ultra
1370 2889 1379 2906 ,

343 2920 411 2955 nisi
437 2926 473 2954 ut
498 2920 658 2954 mittatur
681 2919 797 2964 foras,
823 2925 854 2954 et
877 2918 1096 2955 conculcetur
1121 2920 1162 2954 ab
1188 2921 1383 2956 hominibus

342 2978 395 3026 (M
399 2983 485 3014 atth.
503 2979 552 3025 v).
568 2979 762 3024 Propterea
781 2987 899 3015 autem
919 2980 971 3015 sal
991 2981 1220 3026 apostolicam
1241 2983 1383 3028 sapien-

341 3039 430 3075 tiam
450 3040 663 3085 appellavit,
686 3039 770 3085 quia
790 3040 882 3075 sicut
901 3040 1019 3076 omnis
1038 3041 1139 3077 cibus
1158 3043 1203 3077 ad
1222 3043 1382 3078 nutrien-

342 3100 428 3135 dum
451 3106 556 3146 aptus
581 3099 787 3135 omnimodo
811 3099 884 3135 sale
910 3101 1090 3144 conditur,
1123 3101 1172 3136 ita
1200 3107 1236 3137 et
1267 3102 1384 3138 omnis

343 3169 464 3195 sermo
505 3159 603 3195 utilis
637 3159 680 3194 ad
708 3158 905 3204 juvandum
937 3160 1141 3205 apostolicae
1178 3162 1384 3199 omnimodo

344 3218 589 3253 necessarium
622 3217 732 3254 habet
766 3218 951 3264 sapientire
981 3219 1246 3255 condimentum
1261 3246 1270 3263 ,
1302 3231 1388 3266 pro-

344 3283 469 3324 pterea
487 3288 559 3314 non
579 3287 659 3314 esse
677 3278 796 3314 minus
813 3278 866 3314 sal
885 3288 907 3313 a
925 3278 1114 3314 sacrificiis
1126 3305 1136 3322 ,
1154 3279 1217 3315 sed
1235 3280 1271 3315 in
1290 3281 1388 3316 omni

346 3347 492 3374 munere
507 3338 679 3384 praecepit
699 3338 749 3374 sal
770 3338 894 3374 offerri
916 3351 924 3374 :
946 3344 985 3375 ut
1002 3339 1238 3386 quodcunque
1255 3340 1387 3376 docue-

351 3397 424 3439 ris,
448 3399 684 3445 quodcunque
706 3398 930 3441 correxeris,
954 3399 991 3435 in
1014 3409 1228 3446 quacunque
1255 3400 1390 3436 virtute

348 3461 580 3520 conversatus
597 3456 725 3502 fueris,
743 3458 980 3504 apostolicam
997 3459 1263 3497 aemulationem
1284 3466 1393 3507 atque

349 3513 582 3550 imitationem
600 3516 781 3562 opereris,
800 3527 1009 3565 memorque
1027 3518 1077 3554 sis
1093 3518 1195 3555 Pauli
1213 3519 1392 3557 dicentis:

349 3570 548 3610 Imitatores
561 3577 628 3611 mei
640 3582 758 3622 estote,
772 3578 862 3614 sicut
876 3584 909 3614 et
924 3589 985 3626 eqo
1001 3577 1132 3615 Christi
1149 3577 1296 3627 (Philip.
1313 3579 1390 3628 ιιι).

352 3631 398 3668 Et
413 3643 556 3672 rursus:
575 3635 658 3672 Jam
673 3649 742 3675 non
755 3639 836 3676 estis
852 3640 1002 3688 hospites
1017 3645 1050 3676 et
1063 3641 1218 3686 advenoe,
1231 3641 1292 3678 sed
1309 3642 1391 3678 estis
1431 3636 1438 3641 ’

355 3692 443 3728 cives
460 3701 679 3743 sanctorum,
698 3703 731 3735 et
748 3699 928 3736 domestici
945 3700 1011 3737 Dei
1029 3701 1300 3748 superaedificati
1329 3713 1392 3740 stt-

355 3758 417 3796 W
434 3752 693 3798 ‘tulmentum‘
710 3759 946 3810 apostolorum
969 3766 1004 3798 et
1025 3762 1293 3810 prophatarum,
1318 3763 1395 3811 ipso

358 3914 378 3932 A·

1402 2949 1435 2987 D

1439 2136 1538 2172 runt,
1570 2129 1633 2164 sed
1660 2133 1697 2163 et
1712 2126 1924 2162 inchoantes
1945 2123 2064 2167 illam,
2090 2121 2206 2167 qualis
2236 2119 2302 2154 suit
2331 2117 2493 2159 Paulus3

1441 2202 1525 2227 mox
1546 2191 1642 2225 enim
1667 2194 1706 2223 ut
1728 2193 1880 2223 vocatus
1903 2191 1957 2222 est
1981 2183 2212 2232 praedicavit,
2235 2185 2380 2228 propter
2401 2178 2540 2227 quod

1443 2255 1495 2291 sic
1515 2264 1594 2300 quae
1614 2262 1709 2287 nunc
1728 2252 1894 2286 dicuntur
1916 2249 2171 2295 intelligamus.
2194 2244 2402 2281 Primitivus
2422 2241 2496 2277 Deo
2505 2254 2517 2283 .'

1444 2319 1499 2348 est
1525 2313 1556 2348 is
1581 2313 1642 2358 qui
1666 2312 1807 2347 noviter
1829 2310 1939 2357 coepit
1962 2310 2135 2352 credere,
2161 2313 2197 2343 et
2221 2306 2282 2352 qui
2306 2305 2339 2341 ei
2360 2276 2540 2351 nullutn?¹

1443 2374 1583 2420 pridem
1608 2373 1738 2408 divinae
1762 2371 1921 2407 scientiae
1944 2370 2074 2405 obtulit
2096 2369 2268 2404 fructum.
2292 2365 2330 2401 Si
2354 2374 2440 2410 crgo
2464 2362 2500 2398 ei
2520 2391 2531 2406 1,

1446 2433 1662 2469 sacrificium
1690 2431 1789 2467 verbi
1812 2431 1877 2466 Dei
1899 2429 2093 2472 offerimus,
2125 2428 2312 2464 scientiam
2335 2426 2412 2470 ejus
2435 2434 2501 2459 no-

1444 2494 1539 2529 viter
1577 2493 1810 2535 inchoantes,
1848 2496 1885 2527 et
1919 2490 2072 2526 virentia
2106 2489 2251 2535 quidem
2285 2492 2323 2522 ut
2358 2485 2480 2521 novite

1447 2556 1531 2601 quid
1555 2555 1734 2590 discentes
1756 2560 1792 2588 et
1814 2553 1954 2589 noviter
1978 2552 2218 2599 percipientes
2241 2549 2500 2591 obtulerimus,

1447 2616 1618 2662 quoniam
1642 2615 1795 2651 necdum
1817 2614 1997 2650 subtiliter
2033 2614 2111 2660 eJus
2141 2611 2305 2659 proferre
2329 2609 2491 2658 mysteri

1447 2677 1630 2722 capiamus
1642 2702 1651 2718 ,
1678 2682 1716 2710 ut
1735 2674 1889 2709 farinam
1907 2672 2101 2709 offeramus
2120 2677 2181 2708 aut
2200 2670 2354 2708 similam
2374 2678 2482 2706 neces

1448 2738 1583 2774 sarium
1609 2742 1683 2780 est,
1711 2744 1751 2771 ut
1775 2736 1931 2772 virentia
1955 2742 1992 2772 et
2016 2735 2151 2772 torrida
2171 2739 2278 2779 atque
2299 2731 2484 2770 confracta
2523 2712 2526 2724 ⁸

1449 2797 1526 2839 vel,
1549 2796 1640 2831 sicut
1656 2795 1893 2840 Septuaginta
1910 2795 2031 2830 dicunt
2045 2821 2054 2838 ,
2078 2799 2115 2829 ut
2137 2792 2287 2828 recentia
2303 2790 2407 2838 [ricta
2429 2800 2486 2824 ma

1451 2865 1530 2894 tura
1557 2858 1671 2902 fracta
1691 2856 1898 2892 offeramus.
1922 2856 2229 2900 Quemadmodum
2252 2855 2351 2890 enim
2372 2854 2482 2889 hume

1453 2924 1531 2954 ctos
1553 2916 1693 2952 fructus
1712 2944 1720 2960 ‚
1753 2923 1789 2952 et
1814 2917 1875 2963 qui
1897 2919 2049 2953 necdum
2072 2923 2222 2964 possunt
2242 2914 2327 2951 moli
2352 2919 2392 2950 ut
2414 2912 2503 2948 fian

1454 2977 1572 3012 farina
1608 2982 1668 3012 aut
1700 2977 1839 3021 simila,
1867 2979 2009 3023 quando
2040 2977 2259 3014 voluerimus
2289 2979 2393 3022 aptos
2426 2982 2466 3010 es

1455 3037 1626 3080 reddere,
1660 3037 1742 3082 igne
1772 3047 1834 3073 eos
1867 3037 2155 3083 confringentes,
2175 3037 2298 3084 paleas
2323 3043 2447 3072 eorum
2466 3033 2493 3070 1

1455 3105 1499 3130 eo
1516 3095 1608 3140 quod
1627 3105 1690 3130 eos
1709 3095 1874 3142 frigimus
1891 3106 2111 3142 separamus,
2131 3098 2184 3134 sic
2201 3097 2405 3143 quicunque
2421 3103 2485 3130 ne

1460 3396 1499 3432 in
1518 3397 1599 3444 igne
1619 3397 1770 3443 spiritus
1795 3397 1948 3445 frigere,
1975 3400 2012 3436 id
2035 3404 2113 3444 est,
2141 3399 2237 3436 illius
2260 3397 2450 3446 operation
2460 3440 2464 3441 ⁷

1462 3462 1498 3493 et
1532 3457 1903 3494 subministrationem
1926 3461 2031 3498 nobis
2053 3460 2299 3505 commodari,
2323 3465 2366 3497 ut
2388 3461 2434 3497 ab
2465 3458 2477 3489 'i

1463 3518 1591 3556 litterae
1609 3518 1732 3565 paleas
1750 3529 1979 3565 separemus,
1999 3531 2045 3558 ex
2069 3521 2130 3558 illo
2151 3521 2250 3558 enim
2272 3520 2432 3559 sufficiet!
2458 3545 2460 3550 ›

1463 3585 1571 3626 atque
1589 3578 1818 3616 celerrimam
1837 3580 1900 3615 Dei
1919 3581 2108 3619 scientiam
2125 3583 2403 3630 possidebimus.
2443 3607 2464 3613 -

1460 3645 1542 3689 pter
1557 3641 1655 3687 quod
1671 3651 1752 3677 eam
1771 3641 2006 3688 intelligibilis
2025 3645 2193 3683 sacerdos
2211 3643 2401 3695 suscipit„
2445 3650 2456 3691 J

1462 3706 1516 3761 tet
1541 3706 1663 3739 autem
1691 3711 1758 3739 nos
1782 3701 2042 3750 superfundere
2062 3705 2201 3751 oleum,
2219 3710 2260 3743 et
2276 3708 2360 3746 sss

1466 3772 1555 3801 uere
1575 3762 1684 3808 thus;
1708 3772 1775 3810 per
1798 3762 2064 3813 eleemosynam
2089 3760 2224 3816 quippe
2244 3770 2285 3810 et
2343 3787 2350 3806 1

2227 3848 2363 3886 «211⁴.
