2540 4016
308 214 371 250 791

751 212 793 250 B.
795 213 991 268 ἼΕΛΒΑΝΙ
1015 215 1163 257 MAURI
1187 217 1402 260 ARCHIEP.
1426 215 1632 256 MOGUNT.
1657 214 1852 254 OPERUM
1876 214 1999 254 PARS
2022 216 2051 252 1.

2415 221 2488 262 792

301 285 472 335 precibus
501 292 660 332 peccata,
679 287 740 324 hic
770 288 870 326 solus
894 295 1074 335 potestate
1090 293 1238 330 dimisit.
1260 295 1364 331 Dice-
1380 298 1416 338 Α
1431 293 1534 337 merit,
1551 297 1591 328 ut
1602 303 1664 339 per
1673 292 1851 339 jejunium
1876 292 1928 328 vel
1947 297 2155 327 caeterarum
2173 301 2291 330 rerum
2312 295 2488 337 abstinen-

1429 355 1515 391 tiam
1531 355 1659 402 affliyat
1677 355 1832 391 animam
1844 363 1962 394 auam,
1982 352 2020 387 in
2035 352 2182 388 arbritio
2200 355 2265 391 viri
2279 356 2358 400 erit,
2374 362 2414 393 ut
2428 358 2488 404 fa-
2527 398 2529 403 ¹

1427 416 1498 451 ciat
1512 416 1582 451 sive
1599 426 1669 451 non
1706 414 1826 460 faciat.
1849 412 1952 455 Quod
1966 413 1997 448 si
2017 413 2164 450 audiens
2182 425 2237 450 mr
2260 418 2430 462 tacuerit,
2454 424 2488 456 et
2514 418 2525 435 ”

301 345 364 381 1161
377 344 473 380 enim
491 356 500 379 ε
522 340 612 389 Fili,
627 347 772 382 remissa
787 354 870 383 sunt
890 349 952 384 tibi
967 357 1109 396 peccata
1129 351 1274 398 (Matth.
1290 352 1359 401 lx).

302 405 364 442 Sic
380 415 466 450 ergo
485 404 842 460 imbuiturvmundus,
852 409 969 454 primo
978 419 1044 455 per
1053 411 1214 449 diversas
1223 413 1360 451 hostias

299 466 548 502 remissionem
567 466 778 512 perquirere
791 474 1037 515 peccatorum,
1049 471 1163 509 1101166
1179 473 1301 510 veniat
1315 475 1361 510 ad

297 527 453 565 hostiam
494 526 694 572 perfectam
715 554 724 571 ‚
764 528 809 563 ad
850 529 1006 566 hostiam
1051 539 1356 578 consummatam,

298 598 430 635 agnum
449 587 658 630 anniculum
674 613 684 630 ‚
722 587 938 633 perfectum,
960 589 1022 636 qui
1043 591 1136 627 tollit
1169 599 1359 638 peccatum

298 647 422 683 mundi
441 647 567 690 totius,
582 657 649 693 per
664 657 771 693 quem
787 647 1003 686 festivitates
1035 656 1119 697 agat
1149 653 1330 698 spiritales
1346 680 1356 698 ‚

297 720 368 746 non
383 710 428 745 ad
445 709 648 746 satietatem
676 710 810 753 carnis,
829 711 890 747 sed
919 711 1083 757 prosectu
1117 714 1279 759 spiritus,
1300 726 1357 751 sa-

297 769 444 806 crificiis
484 769 706 815 spiritalibus
743 770 994 815 purificatione
1037 774 1171 810 mentis
1211 775 1355 811 oblatis.

295 831 406 866 Decet
424 830 521 865 enim
531 830 799 866 Deo·immolari
813 831 998 868 victimam
1013 834 1133 870 cordis
1149 840 1185 870 et
1200 835 1356 871 hostiam

295 890 525 926 contribulati
538 890 699 936 spiritus,
710 901 781 926 non
797 892 919 928 caruis
931 899 968 929 61
982 895 1164 940 sauguinis
1179 894 1352 942 jugulari.

295 951 386 995 Quia
405 957 442 988 61
461 952 491 987 51
513 953 724 998 agnovimus
743 953 929 990 Christum
947 955 1141 1001 aliquando
1160 958 1358 993 secundum

298 1021 460 1053 carnem,
473 1012 534 1048 sed
545 1023 641 1048 nunc
651 1011 728 1057 jam
746 1023 818 1049 non
836 1015 1013 1051 novimus.
1027 1016 1072 1051 Et
1089 1016 1169 1053 ideo
1186 1017 1221 1052 in
1231 1017 1358 1062 spiritu

293 1074 387 1109 1116111
409 1073 542 1110 festum
558 1084 720 1120 agamus,
737 1080 773 1110 et
805 1076 983 1121 spiritalia
1019 1077 1110 1112 festa
1136 1077 1354 1124 jugulemus.

292 1136 375 1172 llaec
394 1147 460 1182 pro
479 1137 616 1173 viribus
633 1138 750 1180 nobis,
774 1147 840 1183 pro
866 1138 1077 1175 diversitate
1094 1139 1356 1176 sacrificiorum

1427 474 1465 511 in
1481 475 1629 512 alteram
1644 475 1735 509 diem
1749 472 1925 508 distulerit
1953 474 2174 518 sententiam,
2192 475 2361 523 quidquid
2388 489 2489 515 vove-

1427 540 1482 570 rat
1502 540 1604 580 atque
1623 532 1842 579 promiserat,
1863 532 1981 568 reddet
1998 544 2009 568 .·
2029 534 2113 580 quia
2132 535 2251 571 statim
2277 542 2315 572 ut
2338 537 2486 583 audivit,

1426 653 1577 699 portabit
1593 653 1666 698 ipse
1677 652 1894 698 iniquitatem
1913 653 2004 699 ejus.
2032 653 2264 692 Manifestum
2283 661 2340 704 est
2361 658 2409 694 ita
2424 668 2489 696 vo-

1425 712 1535 748 luisse
1567 712 1683 758 legem
1712 711 1886 748 feminam
1906 723 1986 750 esse
2003 715 2069 750 sub
2100 715 2194 761 viro,
2212 722 2254 752 ut
2285 718 2383 755 nulla
2402 725 2488 756 vota

1425 773 1502 819 ejus
1518 783 1598 818 quae
1629 773 1858 810 abstinentiae
1892 784 2000 811 causa
2018 777 2176 822 voverit,
2216 779 2411 816 reddantur
2441 781 2488 817 ab

1425 842 1481 876 ea,
1500 832 1569 867 nisi
1590 838 1716 869 auctor
1733 832 1841 869 fuerit
1864 833 1920 870 vir
1939 835 2193 880 permittendo.
2218 836 2311 873 Nam
2328 848 2411 874 cum
2441 839 2487 875 ad

1424 898 1612 939 peccatum
1630 892 1789 938 ejusdem
1811 894 1882 930 viri
1900 895 2082 940 pertinere
2104 896 2280 941 voluerit,
2318 899 2348 934 si
2385 899 2486 944 prius

1425 953 1644 999 permiserit,
1667 958 1703 989 et
1722 960 1848 999 postea
1879 956 2120 1001 prohibuerit,
2137 957 2246 992 etiam
2276 957 2336 994 1116
2362 963 2485 995 16111611

1425 1023 1498 1049 11011
1518 1014 1606 1050 dixit
1622 1019 1663 1050 ut
1679 1013 1787 1050 saciat
1803 1016 1933 1051 mulier
1959 1017 2054 1062 quod
2078 1023 2254 1061 voverat,
2289 1018 2374 1064 quia
2405 1028 2487 1065 per-

1426 1074 1536 1110 missa
1555 1075 1656 1120 prius
1677 1084 1697 1110 a
1716 1075 1794 1110 viro
1813 1074 1942 1110 fuerat.
1965 1075 2042 1111 Viri
2060 1077 2150 1112 dixit
2170 1087 2250 1112 esse
2283 1083 2484 1123 peccatum,

1427 1137 1510 1183 quia
1530 1137 1655 1172 abnuit
1669 1138 1764 1182 quod
1778 1137 1878 1183 prius
1895 1143 2126 1174 concesserat
2144 1150 2152 1173 :
2176 1149 2248 1174 non
2266 1145 2389 1177 tamen
2408 1152 2488 1179 mu-

292 1197 455 1234 discussa
485 1197 585 1234 sint:
617 1208 772 1243 quorum
802 1198 847 1234 ad
877 1198 1053 1246 liquidum
1083 1199 1356 1246 intelligentiam
1376 1204 1407 1242 Β
1426 1198 1506 1234 11611
1522 1198 1579 1234 vel
1597 1208 1641 1233 ex
1666 1198 1734 1234 hoc
1761 1199 1978 1244 permissum
1998 1199 2115 1242 dedit,
2152 1206 2192 1236 ut
2226 1211 2307 1237 cum
2331 1203 2432 1248 prius
2450 1208 2487 1239 et

293 1259 361 1293 scit
375 1257 446 1300 1116,
463 1258 520 1293 cui
541 1257 636 1293 nuda
651 1263 686 1293 et
705 1258 861 1293 revelata
875 1264 959 1294 sunt
979 1259 1115 1302 omnia,
1126 1270 1194 1296 nec
1207 1265 1263 1296 651
1279 1260 1352 1296 ulla

292 1325 463 1355 creatura
485 1319 520 1354 in
539 1322 733 1364 conspectu
748 1317 824 1362 ejus
844 1319 1049 1355 invisibilis.

706 1390 859 1427 CAPUT
884 1391 926 1426 ΙΙ.

578 1438 631 1473 De
654 1443 730 1472 voto
755 1437 820 1472 viri
841 1436 1058 1482 complendo.

337 1497 437 1544 (Car.
456 1496 558 1544 xxx.)
584 1496 820 1541 Narravitque
845 1495 983 1541 Moyses
998 1495 1083 1540 siliis
1103 1495 1218 1532 Israel
1235 1497 1353 1533 omnia

290 1571 365 1606 quw
382 1560 413 1594 ei
427 1559 599 1594 Dominus
617 1558 867 1603 anper-avaram
888 1564 920 1592 et
938 1557 1073 1592 locutus
1090 1563 1140 1593 est
1161 1558 1207 1592 ad
1223 1559 1348 1603 princi-

288 1634 345 1669 pes
385 1622 538 1657 tribuum
581 1621 736 1666 filiorum
761 1619 873 1663 Israel
893 1631 903 1655 :
925 1622 990 1656 iste
1025 1628 1076 1656 est
1108 1632 1220 1656 sermo
1251 1633 1353 1668 quem

288 1683 449 1729 praecepit
467 1682 651 1718 Dominus.
685 1681 725 1717 Si
753 1682 829 1727 quis
863 1681 1015 1716 virorum
1049 1688 1166 1717 votum
1201 1681 1351 1717 Domino

277 1742 430 1785 moverit,
447 1748 507 1777 aut
522 1752 558 1777 se
574 1742 817 1777 constrinxerit
830 1742 1045 1787 juramento,
1062 1753 1131 1777 non
1150 1742 1254 1787 sac-iet
1271 1742 1354 1777 irri-

291 1808 365 1837 tum
385 1802 522 1836 verbum
542 1802 619 1843 Dei,
633 1801 691 1836 sed
703 1813 801 1837 omne
820 1802 910 1848 quoa'
924 1801 1080 1847 promisit
1090 1801 1256 1848 implebit.
1267 1801 1353 1836 Mu-

287 1863 352 1897 lier
368 1863 397 1897 si
412 1862 590 1909 quidpiam
602 1863 739 1906 voverit,
753 1869 784 1897 et
800 1873 835 1897 se
851 1863 1097 1897 constrinxerit
1123 1862 1344 1908 juramento,

288 1934 365 1968 1711oe
384 1928 434 1958 est
451 1923 487 1957 in
501 1922 603 1957 domo
619 1923 728 1968 patris
743 1923 812 1966 sui,
829 1928 861 1958 et
877 1924 916 1958 in
935 1928 1036 1959 oetate
1053 1922 1168 1957 adhuc
1187 1921 1350 1968 puellari,

287 1983 318 2018 si
339 1983 535 2029 cognoverit
553 1988 652 2029 pater
680 1989 796 2018 votum
814 1982 905 2029 quod
933 1981 1089 2028 pollicita
1108 1988 1171 2025 est,
1191 1987 1223 2017 et
1247 1982 1352 2028 jura-

288 2050 441 2080 mentum
462 2056 528 2091 quo
549 2043 713 2090 obliqavit
733 2044 888 2079 animam
909 2055 1024 2087 suam,
1044 2051 1075 2079 et
1098 2044 1259 2086 tacuerit,
1283 2044 1351 2079 voti

286 2117 349 2142 rea
366 2107 446 2141 erit.
464 2105 643 2151 Quidquid
663 2104 820 2150 pollicita
834 2110 883 2140 est
897 2111 928 2140 et
947 2105 1098 2151 juravit,
1119 2106 1225 2141 etiam
1247 2116 1349 2151 opere
1369 2122 1398 2163 G

288 2167 482 2214 complebit.
519 2166 585 2202 Sin
610 2172 724 2201 autem
763 2166 880 2201 statim
914 2172 952 2201 ut
989 2166 1142 2202 audierit
1177 2166 1350 2202 contradi-

287 2228 381 2263 xerit
397 2232 508 2274 pater,
525 2231 557 2261 et
578 2232 657 2261 vota
679 2231 711 2261 et
725 2225 929 2271 juramenta
957 2226 1032 2272 ejus
1053 2226 1154 2261 irrita
1178 2230 1271 2268 sunt,
1290 2236 1350 2261 nec

288 2288 438 2324 obnoxia
457 2286 628 2323 tenebitur
645 2286 836 2333 sponsioni,
866 2290 938 2322 etc.
959 2285 1146 2322 Feminam
1167 2285 1233 2321 sub
1249 2291 1350 2331 patre

288 2352 484 2392 antequam
507 2347 634 2389 nubat,
658 2351 694 2383 et
738 2346 803 2382 sub
839 2346 918 2382 viro
956 2351 1119 2392 nuptam,
1142 2346 1258 2381 noluit
1291 2346 1350 2382 lex

288 2410 337 2445 ita
354 2418 487 2445 vovere
520 2408 654 2454 aliquid
675 2407 749 2443 Deo
768 2406 943 2443 adversus
969 2407 1126 2443 animam
1149 2417 1275 2451 suam,
1312 2407 1350 2444 id

286 2475 356 2512 est,
376 2469 414 2504 in
439 2468 643 2514 aliquarum
678 2478 802 2504 rerum
826 2467 1007 2504 licitarum
1028 2474 1137 2514 atque
1157 2478 1349 2506 concessa-

285 2540 366 2566 rum
386 2529 620 2573 abstinentia,
635 2534 675 2565 ut
700 2530 737 2565 in
754 2529 891 2565 eisdem
914 2530 1008 2566 votis
1039 2540 1111 2566 non
1125 2530 1270 2567 seminae
1286 2541 1349 2567 va-

286 2590 358 2625 leat
380 2590 588 2633 auctoritas,
611 2589 674 2627 sed
702 2589 830 2626 virilis.
852 2589 905 2626 lta
929 2595 968 2625 ut
989 2591 1021 2626 si
1055 2591 1173 2627 adhuc
1190 2591 1348 2638 innuptae

288 2655 516 2687 concesserat
534 2655 638 2696 pater
655 2655 737 2686 vota
754 2650 974 2696 persolvere,
1000 2651 1031 2687 si
1051 2657 1244 2698 antequam
1261 2663 1345 2699 per-

288 2710 436 2746 solverit
450 2711 626 2755 nupserit,
647 2716 682 2746 et
701 2712 779 2747 viro
801 2710 878 2757 ejus
899 2712 967 2748 1106
986 2713 1170 2758 cognitum
1184 2724 1255 2750 non
1269 2713 1347 2760 pla—

288 2769 418 2812 cuerit,
455 2779 529 2805 non
560 2770 752 2814 persolvat,
775 2776 812 2806 61
842 2772 888 2807 511
917 2774 1062 2809 0111111ηο
1086 2774 1163 2809 51116
1181 2779 1343 2820 peccato,

288 2830 374 2874 quia
394 2829 574 2864 mundavit
592 2829 776 2873 Dominus,
793 2831 886 2866 sicut
906 2832 1005 2874 dicit,
1025 2833 1060 2867 id
1086 2839 1154 2876 est,
1174 2835 1345 2870 mundam

286 2889 471 2935 judicavit.
508 2889 631 2936 Neque
657 2890 725 2925 hoc
743 2896 868 2925 contra
901 2891 1013 2927 Deum
1041 2893 1117 2928 11611
1146 2895 1344 2939 putandum

288 2954 358 2991 cst,
378 2959 459 2984 cum
490 2949 566 2994 ipse
591 2949 686 2984 Deus
706 2949 776 2985 hoc
808 2951 1038 2995 praeceperit,
1073 2952 1140 2988 hoc
1174 2954 1340 2990 voluerit.

1422 1260 1479 1294 vir
1492 1260 1725 1303 concesserit,
1741 1265 1867 1306 postca
1886 1261 1915 1297 si
1947 1261 2188 1306 prohibuerit,
2210 1264 2483 1301 condemnetur.

1423 1320 1552 1355 Utrum
1568 1325 1687 1355 autem
1703 1320 1770 1355 ista
1781 1321 1891 1355 etiam
1903 1321 1947 1356 ad
1963 1326 2084 1357 votum
2101 1324 2332 1360 continentiae
2350 1329 2485 1362 616011-

1422 1378 1564 1414 cubitus
1594 1379 1852 1414 abstinentiam
1873 1380 2066 1425 pertineat,
2088 1384 2218 1419 merito
2237 1386 2422 1430 quaeritur,
2438 1397 2484 1423 ne

1422 1437 1514 1472 sorte
1542 1447 1584 1472 ea
1605 1443 1745 1473 tantum
1766 1438 1998 1484 intelligenda
2029 1441 2101 1476 sint
2132 1443 2303 1479 adversus
2324 1445 2484 1482 animam

1421 1497 1558 1539 voveri,
1579 1507 1659 1543 quae
1693 1503 1777 1533 sunt
1797 1498 1833 1532 in
1855 1498 1944 1534 cibis
1964 1505 2000 1534 et
2036 1500 2194 1545 potibus.
2221 1502 2324 1546 Quod
2342 1505 2484 1541 videtur

1421 1562 1457 1592 61
1477 1556 1563 1592 1111111
1583 1555 1802 1602 significare,
1820 1557 1880 1592 ubi
1916 1558 2089 1595 Dominus
2111 1561 2161 1595 ait
2179 1572 2186 1596 :
2210 1561 2336 1598 Nonne
2359 1563 2480 1599 antima

1420 1617 1498 1663 plus
1521 1623 1571 1651 est
1590 1628 1695 1663 quam
1725 1628 1804 1652 esca
1841 1617 1982 1665 (Mami.
2013 1618 2089 1666 vi)?
2109 1620 2253 1657 Etcum
2273 1622 2316 1658 116
2347 1622 2485 1669 jejunio

1420 1678 1643 1724 praecipitur,
1662 1679 1712 1714 ita
1736 1679 1944 1725 praecipitur
1966 1692 1974 1715 z
1997 1680 2163 1728 Affliqetis
2182 1683 2319 1719 animas
2354 1691 2484 1720 vestras

1422 1738 1547 1785 (Levit.
1563 1739 1652 1785 xvi).
1674 1739 1803 1776 Nescio
1834 1746 1955 1776 autem
1974 1745 2096 1777 utrum
2116 1742 2246 1779 alicubi
2264 1743 2334 1790 legi
2367 1745 2484 1790 possit

1421 1801 1595 1837 adversus
1620 1802 1779 1837 animam
1818 1803 1887 1838 dici
1904 1808 2029 1839 votum
2063 1804 2158 1849 quod
2194 1805 2237 1841 116
2264 1805 2483 1842 abstinentia

1422 1861 1634 1897 concubitus
1651 1861 1773 1905 fucrit,
1793 1862 1950 1898 maxime
1964 1864 2048 1909 quia
2067 1874 2149 1900 cum
2171 1864 2230 1900 1116
2249 1864 2306 1901 lex
2321 1866 2464 1902 auctori

1423 1927 1533 1956 tatem
1547 1921 1625 1957 viro
1657 1921 1806 1963 tribuat,
1825 1931 1897 1957 non
1929 1922 2099 1966 mulieri,
2133 1933 2212 1969 quae
2232 1923 2309 1960 viro
2337 1924 2482 1960 subdita

1421 1986 1499 2016 est:
1523 1986 1562 2016 ut
1581 1987 1666 2017 tunc
1683 1981 1922 2027 persolvenda
1946 1982 2018 2018 sint
2043 1987 2127 2018 vota
2149 1982 2310 2020 mulieris
2327 2011 2336 2027 ,
2360 1985 2391 2020 si
2424 1984 2482 2020 vir

1422 2042 1693 2087 approbaverim
1716 2043 1771 2078 sin
1803 2049 1922 2079 autem
1960 2044 2134 2086 renuerit,
2162 2054 2234 2079 non
2268 2044 2479 2080 debeantur.

1419 2102 1613 2149 Apostolus
1646 2110 1767 2140 tamen
1803 2114 1885 2140 cum
1915 2105 1959 2140 de
1989 2104 2180 2140 concubitu
2210 2104 2481 2151 conjugatorum

1418 2164 1626 2210 loqueretur
1642 2192 1651 2209 ,
1693 2176 1765 2202 non
1817 2166 1866 2202 ibi
1907 2165 2081 2210 majorem
2116 2166 2368 2203 auctoritatem
2402 2167 2483 2204 viro

1417 2235 1526 2271 quam
1544 2225 1687 2262 feminae
1707 2226 1805 2263 dedit
1823 2239 1830 2262 :
1853 2225 1923 2263 Se'cl
1939 2227 2056 2270 uxori,
2078 2227 2196 2272 inquit
2211 2253 2221 2270 ,
2256 2227 2310 2262 vir
2328 2227 2481 2263 debitum

1419 2285 1553 2329 reddat,
1573 2286 1734 2321 similiter
1747 2293 1778 2322 et
1793 2298 1882 2322 uxor
1897 2287 1982 2322 viro.
2005 2286 2102 2322 Uxor
2123 2297 2193 2322 non
2210 2287 2312 2323 habet
2328 2293 2482 2333 potesta-

1417 2352 1484 2382 tem
1502 2347 1658 2393 corporis
1671 2348 1740 2390 sui,
1767 2348 1827 2383 sed
1842 2347 1924 2391 'vir;
1956 2347 2118 2382 similiter
2133 2353 2250 2383 autem
2287 2353 2318 2383 et
2339 2348 2392 2383 vir
2411 2359 2481 2383 non

1416 2407 1516 2442 habet
1550 2413 1754 2454 potestatem
1780 2409 1935 2454 corporis
1967 2409 2023 2443 sui
2043 2434 2052 2450 ,
2088 2408 2149 2443 sed
2180 2409 2307 2444 mulier
2340 2409 2376 2456 (1
2396 2408 2478 2445 Cor.

1415 2467 1494 2515 vn).
1517 2468 1667 2513 Quando
1686 2478 1772 2514 ergo
1804 2469 1841 2503 in
1859 2469 1928 2504 hac
1947 2478 1987 2504 re
2016 2478 2142 2513 parem
2179 2469 2367 2513 utriusque
2400 2479 2479 2504 esse

1415 2529 1529 2565 voluit
1544 2534 1761 2575 potestatem
1779 2555 1789 2572 ‚
1824 2534 1911 2574 puto
1953 2528 2049 2574 quod
2073 2527 2176 2564 nobis
2209 2527 2478 2574 intelligendum

1415 2589 1572 2626 insinuet
1585 2589 1692 2624 istam
1707 2589 1751 2624 de
1767 2588 2036 2624 concumbendo
2051 2588 2107 2624 vel
2118 2597 2190 2623 non
2206 2588 2478 2624 concumbendo

1414 2650 1576 2697 regulam
1599 2659 1673 2686 11011
1698 2649 1882 2695 pertinere
1908 2649 1953 2684 ad
1972 2658 2014 2684 ea
2042 2655 2126 2684 vota
2150 2648 2210 2684 ubi
2242 2659 2313 2685 non
2345 2649 2479 2685 habent

1413 2722 1537 2758 parem
1559 2713 1615 2748 vir
1632 2717 1669 2749 et
1688 2712 1817 2748 mulier
1848 2716 2081 2758 potestatem,
2101 2711 2166 2748 sed
2187 2712 2243 2747 vir
2275 2712 2390 2757 maj0r
2421 2717 2477 2748 est

1413 2784 1455 2809 ac
1475 2783 1586 2820 prope
1605 2774 1683 2820 ejus
1699 2774 1811 2810 solius
1828 2779 1895 2809 est.
1917 2772 1996 2810 Non
2013 2773 2111 2809 enim
2130 2773 2182 2807 ait
2198 2772 2255 2808 lex
2273 2773 2388 2808 virum
2404 2782 2475 2808 non

1413 2837 1545 2873 debere
1563 2836 1715 2872 reddere
1733 2841 1818 2872 vota
1835 2845 1899 2872 sua
1913 2863 1922 2879 ‚
1948 2835 1979 2871 si
2012 2844 2104 2871 uxor
2122 2834 2370 2880 prohibuerit;
2407 2835 2470 2870 sed

1411 2907 1575 2940 uxorem,
1597 2897 1627 2932 si
1646 2897 1702 2932 vir
1717 2896 1956 2942 prohibuerit.
1979 2896 2079 2933 Unde
2115 2904 2187 2931 non
2224 2895 2313 2931 mihi
2330 2895 2474 2931 videtur

1412 2960 1450 2995 in
1469 2958 1676 3004 hujusmodi
1703 2959 1796 2995 votis
1812 2963 1849 2994 et
1866 2957 2137 2995 definitionibus
2155 2961 2264 3002 atque
2288 2956 2476 3003 obligatio-

297 3008 410 3043 Vidua
429 3014 546 3043 autem
565 3014 597 3043 et
615 3009 797 3054 repudiata
811 3010 978 3057 quidquid
998 3013 1166 3055 voverint,
1183 3014 1339 3050 reddent.
1358 3021 1394 3060 D
1411 3019 1530 3061 nibus,
1551 3028 1631 3063 quae
1648 3018 1821 3054 adversus
1854 3019 2014 3054 animam
2045 3016 2154 3060 fiant,
2190 3016 2300 3052 etiam
2326 3016 2395 3052 ista
2415 3015 2475 3052 de-

291 3067 461 3113 Sequitur
482 3072 602 3102 autem
620 3067 664 3102 de
681 3067 798 3103 viduis
817 3068 874 3104 vel
897 3078 918 3104 a
932 3069 1010 3105 viro
1029 3070 1192 3115 abjectis,
1211 3072 1246 3108 id
1261 3079 1317 3109 est
1331 3100 1342 3117 ,

289 3139 361 3165 non
380 3129 447 3165 sub
465 3133 644 3175 potestate
661 3127 731 3164 viri
752 3129 972 3173 constitutis,
989 3135 1051 3166 aut
1076 3133 1202 3177 patris,
1225 3138 1261 3169 ct
1282 3143 1344 3170 ea-

289 3200 369 3225 rum
390 3194 473 3225 vota
486 3189 823 3236 adtpersolvendum
837 3190 950 3227 libera
966 3200 1045 3228 esse
1062 3193 1150 3229 dicit
1173 3195 1242 3231 hoc
1262 3206 1342 3233 mo·-

290 3250 335 3284 do
357 3262 364 3284 :
387 3248 434 3284 Et
457 3254 586 3291 votum,
605 3249 735 3295 inquit,
759 3250 874 3286 viduce
899 3256 932 3286 et
956 3251 1130 3298 expulsat,
1147 3252 1349 3301 quicunque'

290 3309 414 3344 voverit
433 3309 600 3345 adversus
617 3310 774 3346 animam
794 3321 911 3355 auam,
936 3312 1123 3349 manebunt
1139 3314 1186 3350 ei.

698 3383 850 3421 CAPUT
873 3384 931 3421 111.

648 3432 701 3466 De
726 3437 803 3467 voto
830 3430 982 3477 [eminoe.

337 3491 456 3540 (111111.)
483 3491 579 3530 Uxor
594 3495 632 3531 in
653 3495 756 3531 domo
771 3496 838 3532 viri
861 3507 940 3532 cum
956 3507 992 3533 se
1008 3502 1087 3533 voto
1102 3497 1344 3534 constrinxerit

290 3559 324 3589 et
346 3553 564 3599 juramento,
582 3555 612 3590 si
643 3555 794 3592 audierit
811 3556 866 3592 vir
887 3563 920 3593 et
939 3558 1098 3602 tacuerit,
1118 3563 1152 3595 et
1171 3569 1242 3595 non
1257 3569 1355 3597 con-.

291 3613 474 3650 tradixerit
507 3617 702 3662 sponsioni,
725 3617 849 3653 reddat
866 3619 1096 3666 quodcunque
1121 3619 1359 3667 prominente.-

292 3672 483 3711 sinautem
503 3677 753 3714 contradiscerit
775 3678 959 3726 extemplo,
982 3689 1054 3714 non
1077 3679 1249 3715 tenebitur
1264 3689 1359 3726 pro·-

292 3732 465 3771 missionis
485 3747 558 3780 rea,
570 3739 656 3784 quia
674 3739 824 3776 maritus
837 3739 1102 3783 contradixerit,
1125 3746 1156 3775 et
1165 3739 1342 3777 -Buminus
1358 3773 1361 3778 ,

292 3791 326 3827 εἰ
341 3795 511 3841 propitius
521 3799 601 3836 erit.
619 3798 663 3837 ‚Si
681 3800 824 3846 voverit,
841 3805 874 3836 et
897 3799 1102 3846 juramento
1118 3810 1155 3839 36
1170 3799 1341 3839 constrin-
1358 3841 1362 3846 ,

1410 3079 1497 3114 11616
1514 3077 1628 3122 accipi
1648 3087 1727 3122 quae
1743 3078 1837 3113 inter
1852 3087 1891 3114 se
1907 3077 1962 3113 vir
1976 3081 2011 3112 61
2026 3087 2119 3113 uxor
2135 3076 2180 3112 de
2198 3074 2472 3112 concumbendo

1411 3138 1467 3173 vel
1490 3138 1533 3174 de
1549 3138 1767 3174 abstinentia
1786 3139 2047 3175 concumbendi
2066 3137 2198 3184 placita
2214 3137 2419 3173 habuerint.

1460 3198 1544 3234 Istae
1559 3204 1640 3234 sunt
1657 3198 1748 3244 [eyes
1765 3209 1852 3245 quas
1866 3199 2046 3234 constituit
2063 3198 2233 3233 Dominus
2248 3196 2363 3243 Moysi
2380 3198 2473 3234 inter

1410 3257 1523 3292 virum
1539 3263 1572 3292 et
1587 3268 1732 3292 uxorem
1749 3268 1762 3292 .·
1781 3258 1873 3292 inter
1888 3263 2023 3303 patrem
2037 3263 2071 3291 ct
2086 3256 2198 3301 filiam
2216 3267 2294 3302 quoe
2310 3257 2348 3292 in
2369 3262 2472 3293 aetate

1412 3315 1527 3351 adbuc
1544 3315 1694 3360 puellari
1707 3321 1759 3350 est
1771 3341 1782 3358 ,
1805 3314 1856 3350 vel
1877 3326 1955 3361 quoe
1981 3321 2098 3350 manet
2117 3316 2155 3350 in
2177 3316 2332 3360 parentis
2350 3315 2469 3351 domo.

1414 3375 1505 3420 Quia
1521 3380 1557 3411 et
1574 3374 1652 3410 istae
1682 3373 1778 3419 leges
1801 3373 1877 3408 sive
1895 3372 2172 3416 justificationes
2188 3399 2198 3417 ,
2232 3377 2272 3408 ut
2304 3373 2469 3418 quaedam

1373 3424 1381 3434 ’
1414 3435 1637 3482 exemplaria
1673 3434 1820 3477 habent,
1847 3432 2047 3477 dicuntur;
2093 3437 2131 3469 et
2164 3433 2397 3470 meminimus
2430 3435 2467 3471 in

1415 3495 1486 3532 illis
1502 3494 1821 3541 iustificationibus
1841 3501 1922 3539 quae
1947 3493 1986 3529 in
2001 3492 2125 3530 Exodo
2147 3493 2216 3530 sub
2230 3494 2300 3531 1106
2315 3495 2464 3532 1101111116

1416 3556 1496 3592 aliae
1513 3558 1852 3598 commemorantur,
1879 3554 1973 3591 sicut
1990 3554 2035 3591 de
2057 3564 2143 3591 aure
2168 3548 2263 3592 servi
2279 3555 2467 3603 perforari·
2526 3579 2540 3610 5

1415 3617 1461 3654 da
1473 3643 1484 3660 ,
1504 3620 1542 3653 et
1567 3615 1600 3655 si
1620 3615 1708 3661 quid
1726 3613 1902 3661 6165610111
1921 3618 1990 3658 est,
2009 3623 2082 3650 11011
2099 3614 2255 3651 absurde
2277 3615 2389 3652 etiam
2404 3614 2467 3654 1116

1412 3677 1549 3724 aliquid
1575 3677 1737 3724 ‚figurate
1777 3677 1912 3714 dudum
1949 3675 2162 3722 intelligitur
2179 3687 2190 3712 ε
2210 3682 2252 3713 ut
2283 3676 2470 3724 quomodo

1411 3742 1496 3776 sunt
1507 3736 1870 3777 multoeabstiuentiae
1877 3736 2175 3773 caeremoniarum
2183 3736 2475 3781 irrationabiles..
2530 3775 2534 3781 ,

1409 3802 1447 3836 et
1466 3797 1658 3846 aliquando
1674 3797 1787 3836 etiam
1814 3797 1969 3836 inimicae
2003 3797 2170 3845 veritati,
2190 3799 2274 3847 hoe
2305 3797 2478 3844 ίοηῡεσοτ

2507 502 2540 607 11

1426 595 1549 630 tacuit.
1581 592 1647 629 Sin
1675 598 1793 627 autem
1826 593 2076 630 contradixerit
2110 601 2295 642 postquam
2325 599 2486 643 rescivit,
2518 612 2540 643 u*
