2540 4016
40 139 54 165 '²
71 147 156 187 ,(677

48 19 54 29 r
75 0 92 32 5

69 190 77 219 i

83 281 228 320 ’ratione
240 285 383 324 tenens,
398 275 517 318 officio
530 273 683 312 rectoris
695 272 894 319 delegatur.
905 271 944 306 ln
959 279 1030 316 qua
1043 269 1141 304 obla-

86 341 187 378 tione
203 340 321 376 oleum
335 345 374 374 et
389 336 515 373 vinum
528 334 645 372 tertiae
662 333 778 380 partis
793 332 857 368 bin
876 330 983 368 simul
996 329 1143 365 exbibe-

88 406 164 445 tur‚
183 399 328 448 quando
338 397 510 439 ebaritas,
525 393 774 432 misericordia
788 397 826 428 et
838 391 954 438 gratia
970 389 1142 436 spiritalis

90 462 276 504 doctrinae,
308 460 355 496 ab
380 467 423 495 ea
449 466 534 505 erga
551 454 781 499 subditorum
809 462 933 489 curam
955 450 1144 496 diligenter

90 523 321 568 impenditur.
354 520 445 555 ltem
473 519 511 554 in
545 516 728 554 oblatione
749 520 824 551 tres
843 513 993 550 deeimae
1015 511 1143 549 similae

89 583 213 620 offerri
233 581 506 628 praecipiuntur,
527 578 686 615 simulet
705 577 865 614 medium
885 585 1063 611 mensurae
1080 573 1143 610 bin

90 645 125 680 in
145 644 225 679 oleo
246 643 321 678 sive
336 642 433 677 vino.
462 641 508 677 Et
527 640 614 686 quid
631 640 668 675 in
685 639 790 676 bonis
811 637 959 673 nomine
974 636 1044 672 nisi
1061 646 1144 672 san-

89 709 230 740 ctorum
262 701 539 748 praedicatorum
560 701 648 736 ordo
676 699 899 745 designatur,
934 697 995 743 qui
1018 706 1143 742 agrum

89 763 315 801 Dominicum
328 763 463 805 colunt,
478 769 514 797 et
528 771 674 798 vomere
686 760 892 806 evangelico
901 758 1144 802 exstirpantes

89 826 211 871 spinas
242 824 413 859 vitiorum
431 848 442 867 ,
475 822 716 867 multiplicant
745 826 906 866 segetem
942 816 1143 853 virtutum?

86 886 156 931 Qui
179 895 261 922 cum
288 884 404 920 tribus
422 883 571 919 decimis
590 882 719 918 similae
744 879 958 920 offeruntur,
976 877 1061 923 quia
1081 877 1142 912 de-

87 948 252 993 calogum
266 945 370 990 legis,
386 944 550 986 scientia,
569 952 677 988 opere
695 946 733 977 et
749 939 913 976 doctrina
931 938 1001 973 rite
1020 943 1143 972 tenen-

89 1015 156 1052 tes,
176 1009 258 1044 fidei
280 1011 414 1043 sanctae
430 1004 618 1040 Trinitatis
636 1002 711 1038 veri
729 1004 928 1035 assertores
953 1007 1033 1033 esse
1055 1007 1141 1043 pro-

88 1069 231 1106 bantur.
263 1067 307 1102 fli
338 1074 424 1108 ergo
444 1063 661 1099 charitatem
687 1060 909 1106 praecipuam
928 1058 1060 1094 debent
1079 1058 1142 1093 ha-

555 134 915 176 ENARRATlotOES
938 133 984 171 ΙΝ
1009 131 1184 169 LIBRUM
1204 132 1514 172 NUMERORUM.
1538 155 1583 164 —
1609 138 1695 175 Lm,
1718 140 1763 176 ιι,

46 227 52 231 ,
83 222 171 260 eum
193 217 343 266 quilibet
358 217 468 254 homo
480 212 688 260 decalogum
702 210 796 258 legis
805 208 990 246 intellectu
1003 211 1041 244 et
1052 216 1136 252 ope-
1154 209 1190 248 A
1204 217 1310 255 quam
1324 207 1464 252 horum,
1482 216 1560 255 quoe
1575 209 1712 247 comm
1725 216 1778 247 cst
1794 209 1959 252 Dominus
1975 219 2020 254 ad
2041 219 2199 268 Moysen,
2216 230 2252 261 et

2181 146 2250 185 678

1205 268 1386 304 mandavit
1402 278 1465 315 per
1479 279 1560 304 cum
1586 270 1632 304 ad
1651 281 1724 312 von,
1747 281 1772 308 a
1795 271 1853 309 dic
1873 285 1945 319 qna
1964 281 2064 324 copia
2083 282 2252 327 'imag

1207 330 1316 373 ultra,
1336 329 1512 378 oblitaque
1528 329 1636 376 [uerit
1649 330 1835 368 muniendo
1849 332 1963 377 [mre
1973 337 2092 381 effera
2106 342 2253 388 mum

1207 390 1251 426 de
1265 396 1422 427 amtento
1435 389 1680 427 holocaustum
1702 390 1741 427 itt
1757 391 1900 428 oaorem
1915 394 2158 438 suavissimum
2172 404 2254 448 η’...

1205 459 1250 485 ιο
1268 448 1340 484 liba
1355 455 1394 485 ιιι
1419 450 1637 487 coeremom'oe
1652 448 1856 498 postulanti,
1876 450 2080 500 hirnmqm
2099 467 2162 501 pn
2176 470 2256 503 uo-

1208 516 1307 555 cqto,·
1332 515 1365 545 et
1395 511 1530 557 royabit
1548 509 1712 547 sacerdos
1728 520 1791 557 pro
1815 511 1911 548 amm·
1929 512 2152 552 multitudine
2167 517 2260 561 filio.

1206 581 1287 606 rum
1320 569 1451 614 lsrael,
1478 577 1512 606 et
1546 571 1741 608 dimittetur
1759 572 1828 614 eis,
1855 573 2021 619 quoniam
2046 585 2117 612 uon
2140 584 2259 623 sponte

1208 636 1449 676 peccaverunt,
1466 635 1502 666 et
1516 630 1581 666 rel.
1600 630 1671 677 (Ex
1687 630 1913 677 Augustino.)
1944 631 2072 674 Merito
2088 635 2260 679 quaeritur

1210 702 1289 738 quae
1304 692 1375 727 sint
1393 692 1468 737 ipsa
1484 699 1632 737 peccata
1650 692 1850 729 nolentium
1862 720 1873 736 ,
1895 697 2018 731 utrum
2032 704 2054 730 a
2070 695 2260 734 nescienti-

1210 752 1276 788 bus
1292 752 1578 796 committuntur,
1597 763 1642 788 an
1659 754 1770 789 etiam
1787 754 1902 800 possit
1919 759 2018 791 recte
2041 756 2110 792 dici
2134 767 2261 803 pecca-

1210 819 1286 848 tum
1310 822 1390 849 esse
1414 813 1582 858 nolentis,
1602 815 1699 859 quod
1719 815 1840 851 faeere
1854 816 2094 862 compellitur.
2115 817 2205 854 Nam
2223 823 2260 854 et

1210 875 1280 911 hoc
1297 881 1421 911 contra
1441 876 1663 912 voluntatem
1682 876 1802 913 facere
1825 878 1896 914 dici
1912 878 2016 914 solet.
2043 878 2116 916 Sed
2136 879 2262 927 utique

1209 935 1286 971 vult
1313 942 1459 982 propter
1484 937 1580 982 quod
1606 937 1705 979 facit,
1730 946 1814 973 cum
1830 937 1916 973 'vult
1943 938 2079 982 vivere,
2106 939 2138 976 si
2163 940 2262 986 quis-

1211 1005 1332 1040 quam,
1361 997 1430 1033 nisi
1458 997 1606 1039 fecerit,
1626 1002 1779 1034 mortem
1799 999 1968 1034 minetur.
1996 1000 2080 1036 Vult
2097 1011 2184 1048 ergo
2207 1003 2261 1039 sa-

1210 1066 1312 1098 oere,
1349 1059 1434 1102 quia
1469 1058 1545 1093 vult
1575 1058 1720 1101 vivere,
1746 1063 1782 1094 et
1809 1059 1890 1095 ideo
1917 1070 1987 1096 non
2008 1071 2074 1106 per
2102 1063 2260 1108 seipsum

86 1126 287 1170 bere,etin
303 1123 582 1160 necessitatibus
596 1120 752 1166 proximi
771 1129 835 1165 per
854 1117 1140 1154 misericordiam
1160 1114 1191 1152 B
1210 1118 1410 1163 appetendo
1448 1124 1487 1154 ut
1523 1118 1651 1154 salsum
1691 1118 1815 1164 juret,
1862 1120 1926 1156 sed
1961 1126 2001 1156 ut
2041 1121 2170 1158 falsum
2200 1122 2260 1168 ju-

85 1187 318 1230 censulendo,
335 1185 416 1221 aliis
429 1184 563 1221 bonum
577 1181 779 1226 exemplum
792 1180 966 1227 praebere.
984 1178 1056 1215 Nec
1069 1189 1141 1214 non

85 1253 122 1283 et
135 1247 223 1293 ipsis
242 1245 458 1282 studendum
478 1248 556 1286 est,
573 1247 614 1277 ut
638 1242 674 1277 in
698 1241 814 1287 gratia
830 1240 948 1276 divina
968 1244 1140 1284 quantum

86 1308 301 1345 mortalibus
320 1305 493 1352 possibile
514 1309 570 1340 est
587 1302 792 1349 proficiant,
809 1306 846 1337 et
864 1301 909 1336 ad
927 1301 1009 1336 vitae
1026 1300 1142 1345 perfe-

87 1370 244 1406 ctionem
264 1378 307 1403 ac
325 1367 554 1402 sanctitatem
573 1363 803 1410 perveniant,
831 1361 935 1406 juxta
958 1360 1051 1396 illud'
1070 1361 1140 1395 Do-

87 1431 260 1468 minicum
278 1431 499 1475 praeceptum
517 1437 526 1460 ε
546 1424 667 1460 Sancti
686 1429 806 1464 estote,
827 1422 910 1467 quia
924 1432 984 1466 eqo
1002 1426 1141 1455 sanctus

93 1502 183 1534 sum,
205 1490 374 1525 Dominus
406 1487 499 1522 Deus
521 1492 628 1521 vester
645 1483 768 1531 (Levit.
792 1482 881 1527 xix).
911 1481 999 1516 Illud
1022 1485 1141 1515 tamen

88 1551 183 1596 quod
199 1550 234 1585 in
251 1550 317 1585 hac
332 1549 403 1582 vita
423 1547 491 1582 sibi
509 1546 623 1587 deest,
638 1545 672 1579 iu
689 1543 824 1579 coelesti
842 1541 1062 1578 beatitudine
1079 1550 1143 1584 per

86 1611 230 1648 Domini
248 1609 400 1656 gratiam
421 1608 458 1643 in
484 1616 522 1642 se
546 1605 802 1651 perficiendum
823 1603 954 1639 debent
977 1610 1138 1648 sperare.

485 1680 634 1717 CAPUT
659 1679 748 1715 Xlll.

333 1730 383 1765 De
403 1729 566 1776 primitiis
587 1727 736 1761 Domino
758 1725 896 1760 dandis.

138 1791 255 1838 (luto.)
284 1791 436 1826 Locutus
469 1796 518 1825 est
545 1789 715 1823 Dominus
738 1787 783 1821 ad
817 1786 959 1831 Moysen
992 1786 1140 1820 dicens:

89 1853 244 1899 Loquere
257 1851 340 1897 filiis
356 1850 468 1886 Israel
484 1857 514 1885 et
530 1850 623 1884 dices
649 1847 694 1882 ad
717 1858 773 1882 eos
789 1856 799 1879 .·
823 1846 909 1881 Cum
927 1847 1088 1881 veneritis
1107 1846 1142 1880 in

90 1921 241 1955 terram,
265 1923 372 1959 quam
392 1911 480 1946 dubo
503 1909 617 1951 vohis,
640 1913 670 1942 et
695 1906 912 1942 comederitis
934 1906 975 1939 (ie
995 1905 1142 1950 panibus

89 1975 240 2021 reyionis
258 1973 371 2014 illius,
395 1970 600 2016 separabitis
622 1967 794 2014 primitias
826 1966 975 2000 Domino
997 1965 1039 1999 (le
1059 1965 1142 1999 cibis

1211 1180 1324 1215 rando
1358 1180 1469 1215 vivat.
1502 1179 1603 1223 Quod
1630 1180 1660 1215 si
1684 1179 1733 1215 ita
1756 1185 1831 1222 est,
1870 1185 1991 1216 utrum
2018 1182 2156 1226 possint
2191 1182 2262 1219 dici

1210 1240 1279 1276 ista
1314 1247 1460 1286 peecata
1493 1240 1690 1276 nolentium
1708 1267 1717 1283 ,
1759 1239 1876 1286 qualia
1910 1240 1969 1276 hie
1993 1241 2163 1277 dicuntur
2192 1251 2261 1279 ex-

1210 1302 1353 1346 pianda.
1375 1301 1465 1336 Nam
1486 1302 1515 1337 si
1534 1301 1725 1347 diligenter
1750 1301 2012 1344 consideretur,
2030 1300 2123 1338 forte
2141 1302 2259 1348 ipsum

1209 1372 1359 1408 peccare
1378 1372 1482 1398 nemo
1495 1362 1600 1405 velit,
1621 1362 1683 1398 sed
1698 1366 1844 1407 propter
1861 1362 1957 1397 aliud
1972 1361 2012 1397 sn
2027 1388 2036 1405 ‚
2056 1363 2151 1408 quod
2171 1363 2257 1404 vult,

1211 1423 1271 1468 qui
1292 1428 1431 1468 peccat.
1453 1422 1584 1458 Omnes
1603 1422 1733 1467 quippe
1748 1422 1927 1464 homines,
1945 1422 2005 1467 qui
2033 1423 2188 1459 scientes
2205 1423 2260 1458 sa-

1211 1483 1308 1518 ciunt
1340 1482 1434 1527 quod
1458 1492 1528 1517 non
1552 1482 1647 1524 licet,
1671 1481 1706 1517 id
1724 1482 1856 1518 vellent
1879 1482 1999 1517 licere.
2032 1482 2152 1528 Usque
2171 1483 2260 1520 adeo

1211 1544 1326 1589 ipsum
1355 1548 1542 1588 peccatum
1577 1552 1683 1578 nemo
1713 1542 1848 1588 appetit
1876 1548 2021 1588 propter
2039 1543 2107 1579 hoc
2128 1543 2258 1590 ipsum,

1211 1604 1272 1639 sed
1290 1608 1437 1649 propter
1458 1603 1542 1638 illud
1556 1604 1650 1649 quod
1668 1613 1710 1638 ex
1734 1612 1777 1639 eo
1792 1604 2037 1649 consequitur.
2057 1603 2141 1640 Haec
2162 1605 2191 1640 si
2211 1605 2261 1640 ita

1210 1675 1249 1701 se
1266 1665 1412 1707 habent,
1438 1676 1508 1700 non
1527 1671 1611 1700 sunt
1625 1670 1772 1709 peccata
1793 1664 1991 1700 nolentium
2008 1665 2078 1700 nisi
2098 1666 2262 1702 nescien-

1211 1726 1311 1768 tium,
1330 1737 1409 1772 quae
1430 1727 1684 1761 discernuntur
1703 1735 1723 1761 a
1741 1725 1902 1771 peccatis
1918 1725 2131 1761 volentium.

1257 1789 1404 1835 Mystice
1424 1794 1542 1824 autem
1561 1787 1714 1824 offerunt
1739 1787 1803 1823 filii
1828 1787 1938 1823 lsrael
1965 1788 2115 1823 vitulum
2142 1787 2185 1824 de
2206 1797 2264 1823 ar-

1210 1855 1332 1885 mento
1348 1851 1382 1885 iu
1401 1850 1664 1891 holocaustum,
1684 1860 1765 1884 cum
1787 1849 1910 1884 fideles
1929 1848 2049 1894 populi
2072 1848 2176 1894 plena
2194 1847 2263 1883 fide

1211 1921 1342 1956 corpus
1357 1911 1580 1945 Dominieuin
1605 1921 1669 1956 pro
1689 1911 1804 1946 salute
1823 1910 1965 1956 generis
1984 1910 2128 1945 humani
2148 1910 2184 1944 in
2201 1919 2265 1944 ara

1211 1980 1285 2005 cru<
1299 1971 1329 2006 is
1345 1971 1568 2005 immolatum
1590 1970 1624 2005 iu
1645 1971 1791 2005 odorem
1810 1971 2010 2013 suavitatis,
2027 1971 2178 2006 Domino
2190 1980 2268 2007 cre-

88 2034 220 2069 vestris.
243 2032 341 2067 Sicut
360 2031 401 2065 de
423 2030 513 2064 areis
537 2028 709 2074 primitias
732 2024 950 2070 separabitis,
977 2024 1026 2058 ita
1046 2031 1077 2058 et
1099 2024 1140 2059 de
1160 2031 1190 2072 C
1212 2031 1298 2067 dunt
1318 2036 1352 2067 et
1368 2031 1597 2067 confitentur,
1619 2030 1781 2067 offerunt
1796 2031 2010 2067 sacrificium
2029 2031 2106 2075 ejus
2130 2041 2172 2067 ac
2194 2030 2266 2068 liba

88 2093 273 2140 pulmentis
301 2091 428 2126 dabitis
463 2090 637 2135 primitiva
664 2087 826 2121 Domino.
852 2085 943 2128 Quid
968 2090 1023 2120 est
1049 2085 1141 2130 quod

90 2154 270 2200 primitias
290 2152 332 2188 de
353 2151 442 2187 cibis
460 2149 631 2185 israelitae
646 2147 798 2182 Domino
809 2145 981 2190 jubentur
998 2146 1140 2188 offerre,

90 2215 158 2250 boc
177 2218 244 2257 est,
261 2219 300 2248 ut
325 2213 418 2248 sicut
447 2210 491 2246 de
515 2211 609 2245 areis
636 2208 814 2254 primitias
840 2208 1070 2251 separabunt,
1094 2206 1142 2240 ita

91 2275 202 2310 etiam
217 2274 261 2309 de
278 2271 470 2319 pulmentis
491 2269 671 2316 primitiva
690 2267 840 2302 Domino
855 2266 1035 2301 tribuant?
1057 2265 1144 2302 Ter-

90 2345 169 2371 ram
186 2334 293 2380 igitur
309 2343 416 2379 quam
433 2331 674 2377 ingredientes
691 2328 840 2363 Domino
856 2326 1054 2363 oblationes
1070 2327 1143 2362 sive

91 2393 269 2441 primitias
295 2393 427 2428 debent
454 2391 599 2431 offerre,
628 2392 842 2434 praesentem
870 2386 1069 2421 Ecclesiam
1097 2385 1145 2420 si-

92 2454 262 2502 gnificaoe
277 2452 441 2498 superius
461 2450 630 2486 diximus.
650 2448 743 2493 Ergo
762 2447 925 2492 quisquis
946 2446 1143 2482 Ecclesiam

93 2526 157 2562 per
175 2515 281 2550 iidem
307 2519 342 2550 et
373 2512 591 2558 baptismum
619 2509 827 2550 intraverit,
857 2518 1004 2543 necesse
1031 2512 1143 2542 estut

93 2581 227 2611 terram
245 2574 364 2610 carnis
382 2583 470 2614 suae,
497 2572 564 2606 hoe
593 2575 660 2612 est,
689 2568 912 2613 corporalem
932 2567 1040 2601 vitam
1063 2565 1144 2600 dili-

94 2640 220 2682 genter
240 2634 276 2668 in
296 2633 359 2668 Dei
378 2633 507 2667 timore
524 2635 704 2671 exerceat,
723 2634 900 2674 quatenus
918 2625 1059 2672 frugem
1073 2626 1145 2661 vir-

95 2701 211 2730 tutum
244 2695 280 2729 in
307 2703 349 2728 ea
384 2699 592 2727 exerescere
625 2688 751 2731 saciat,
783 2689 875 2723 unde
902 2687 968 2723 sibi
997 2685 1143 2722 refectio

94 2761 227 2792 aetcrna
259 2758 492 2799 praeparetur.
528 2750 699 2786 Jubemur
734 2758 819 2795 ergo
850 2758 920 2783 nou
955 2747 1069 2783 solum
1100 2747 1143 2782 dc

95 2817 201 2858 areis,
224 2815 286 2850 sed
307 2818 344 2850 et
362 2814 405 2850 de
425 2812 618 2859 pulmentis
646 2810 824 2855 primitias
843 2809 994 2844 Domino
1015 2819 1141 2844 conse-

95 2888 210 2915 crare.
236 2877 329 2921 Quid
348 2882 403 2911 est
419 2875 461 2910 de
482 2883 566 2909 area
596 2872 774 2919 primitias
798 2881 980 2917 separare,
1008 2871 1075 2906 nisi
1100 2870 1143 2906 de

1212 2100 1250 2130 ut
1267 2094 1489 2130 caercmoniae
1507 2094 1708 2140 postulant,
1727 2104 1807 2128 eum
1833 2094 1868 2128 in
1890 2098 2118 2129 sacramento
2136 2102 2266 2139 panem

1211 2162 1247 2192 et
1265 2157 1386 2191 vinum
1408 2156 1441 2190 iu
1459 2155 1839 2190 commemorationem
1862 2153 2042 2199 passionis
2065 2152 2140 2198 ejus
2159 2163 2267 2199 super

1211 2216 1325 2252 altare
1355 2216 1534 2259 deferunt,
1571 2227 1611 2251 ac
1642 2215 1685 2251 de
1717 2226 1758 2252 eo
1791 2216 2062 2262 participantes,
2084 2225 2214 2261 corpus
2231 2220 2267 2250 et

1211 2278 1422 2324 sanguinem
1457 2278 1533 2323 ejus
1566 2277 1744 2312 veraciter
1772 2285 1811 2312 se
1839 2276 2042 2321 percepisse
2068 2275 2264 2311 confidunt.

1211 2339 1373 2375 offerunt
1395 2339 1535 2373 hircum
1564 2349 1629 2383 pro
1658 2343 1828 2383 peccato,
1855 2347 1935 2372 cum
1961 2337 2075 2382 ipsam
2103 2335 2267 2371 humani-

1211 2403 1320 2432 tatem
1348 2396 1424 2441 ejus
1459 2408 1530 2432 non
1561 2398 1824 2442 peccatricem,
1847 2396 1910 2431 sed
1934 2395 1969 2430 in
1995 2393 2265 2430 similitudinem

1211 2459 1332 2495 carnis
1364 2459 1523 2503 peccati,
1561 2459 1627 2494 hoc
1654 2463 1728 2500 est,
1762 2462 1895 2492 nostrae
1924 2455 2153 2491 mortalitatis
2179 2465 2265 2491 con-

1211 2523 1343 2553 sortem
1377 2528 1458 2552 eum
1499 2518 1717 2562 suscepisse,
1757 2526 1798 2551 ac
1834 2525 1900 2561 pro
1937 2516 2094 2560 peccatis
2129 2515 2263 2551 nostris

1212 2577 1447 2614 dissolvendis
1469 2577 1639 2613 obtulisse
1674 2576 1867 2612 credimus.
1890 2574 2076 2621 Rogatque
2107 2575 2182 2620 ipse
2205 2583 2263 2610 sa-

1211 2639 1364 2681 cerdos,
1399 2638 1459 2684 qui
1506 2637 1702 2673 advocatus
1737 2641 1860 2672 noster
1892 2640 1948 2671 est
1988 2635 2082 2681 apud
2119 2633 2264 2671 Patrem

1210 2713 1275 2748 pro
1312 2701 1470 2748 peccatis
1511 2699 1632 2747 populi
1672 2699 1727 2735 sui
1767 2704 1804 2734 et
1834 2698 2035 2734 dimittetur
2072 2697 2133 2739 ei,
2173 2707 2264 2742 quo-

1211 2763 1309 2798 niam
1330 2759 1525 2798 secundum
1552 2758 1652 2795 Pauli
1675 2758 1891 2795 sententiam
1911 2769 1919 2792 :
1946 2756 1992 2791 In
2009 2755 2128 2792 diebus
2147 2756 2264 2792 carnis

1211 2834 1284 2858 suoe
1318 2832 1432 2868 preces
1467 2818 1800 2866 supplicationesque
1836 2817 1880 2853 ad
1919 2827 2024 2860 eum,
2060 2816 2120 2863 qui
2157 2817 2264 2862 possit

1212 2883 1310 2918 illum
1328 2894 1348 2918 α
1368 2888 1476 2918 morte
1503 2879 1636 2916 salvum
1658 2880 1774 2926 facere
1792 2906 1802 2923 ,
1832 2889 1910 2914 cum
1929 2877 2080 2914 clamore
2097 2877 2212 2913 valido
2234 2884 2266 2913 et

94 2937 358 2985 praedicationis
381 2935 510 2978 officio,
528 2933 661 2969 laboris
678 2932 873 2978 primordia
889 2931 1040 2967 Domino
1058 2941 1143 2966 con·
1160 2922 1196 2961 D
1214 2945 1375 2990 lacrymis
1404 2943 1572 2989 offerens,
1605 2941 1788 2977 exauditus
1813 2946 1863 2976 εει
1890 2951 1952 2987 pro
1979 2950 2044 2976 „ua
2075 2938 2266 2975 reverentia

96 2998 267 3035 socrat-e?
284 2997 328 3032 Et
351 2996 436 3042 quid
454 2996 497 3030 de
514 2994 708 3040 pulmentis
724 2993 907 3039 primitiva
925 2998 980 3028 est
997 2992 1142 3035 offerre,

95 3059 165 3095 nisi
184 3060 228 3094 de
249 3057 456 3093 domesticis
475 3055 674 3101 disciplinis
703 3064 794 3100 quas
820 3054 855 3089 in
874 3055 1067 3100 semetipso
1087 3063 1143 3090 so-

94 3119 206 3156 lerter
236 3118 386 3163 quisque
412 3126 582 3152 exercere
614 3116 731 3159 debet,
754 3115 1016 3151 inchoationem
1042 3115 1144 3150 bonae

95 3178 290 3215 voluntatis
314 3177 464 3212 Domino
489 3176 677 3212 dedicare?
703 3174 786 3211 Sive
810 3175 845 3210 in
870 3174 1064 3220 semetipso
1080 3174 1145 3210 ali-

97 3239 178 3285 quis
199 3239 372 3274 virtutum
397 3237 526 3283 studiis
555 3246 702 3282 operam
732 3237 804 3279 det,
825 3236 901 3272 sive
929 3236 972 3271 de
991 3235 1143 3272 aliorum

96 3299 213 3337 salute
239 3298 411 3340 docendo,
444 3296 680 3339 exhortando,
709 3301 815 3341 atque
842 3295 947 3331 bonis
970 3295 1144 3342 exemplis

60 3388 64 3394 ,
98 3357 325 3405 provocando
345 3357 445 3404 pium
461 3356 621 3393 laborem
641 3356 838 3401 impendat,
857 3366 1006 3392 necesse
1024 3362 1081 3392 est
1104 3362 1144 3392 ut

58 3443 69 3449 -
96 3417 169 3457 boc
183 3427 257 3454 non
273 3416 343 3453 sibi
358 3416 510 3462 aliquis,
531 3415 595 3452 sed
610 3415 735 3462 gratiae
761 3415 909 3460 deputet
926 3415 1055 3452 divinae
1072 3442 1081 3458 ,
1106 3421 1145 3451 ut

30 3808 37 3825 0

27 3833 45 3851 d

0 3854 64 4016 ,ι

95 3478 135 3514 ui
150 3483 382 3515 consecretur
397 3476 516 3514 omnis
534 3476 619 3514 boni
637 3476 792 3520 initium,
816 3485 840 3511 a
856 3485 927 3522 quo
943 3476 1047 3513 decet
1063 3486 1143 3522 spe-

72 3562 73 3565 =
97 3538 174 3576 ari
190 3537 544 3587 muns-perfectionis
561 3538 861 3586 supplementum.

485 3611 635 3650 CAPUT
658 3612 751 3650 xlv.

387 3659 442 3698 De
454 3661 605 3707 mentis
619 3658 841 3707 iquorantioe.

143 3685 271 3769 (ᾗ.)
285 3717 390 3765 Quod
405 3719 438 3757 εἰ
454 3727 518 3768 ριν
534 3719 772 3769 mantiam
787 3717 1030 3768 praeterieritis
1047 3716 1148 3765 quid—

1215 3004 1339 3054 (Hebr.
1367 3004 1419 3051 v).
1450 3003 1630 3039 Praeterea
1659 3006 1696 3038 et
1726 3001 1913 3038 incensum
1940 2999 2112 3046 jubentur
2136 2997 2266 3034 offerre

1213 3075 1279 3112 pro
1304 3075 1342 3100 se
1367 3069 1403 3100 et
1427 3073 1493 3109 pro
1521 3068 1670 3109 peccato
1701 3066 1809 3108 atque
1826 3070 1950 3097 errore
1971 3070 2049 3096 suo.
2076 3058 2263 3095 incensum

1214 3137 1298 3173 ergo
1312 3124 1464 3162 offerunt
1479 3135 1544 3171 pro
1555 3123 1712 3171 pcccatis
1727 3123 1816 3165 suis,
1831 3122 1892 3167 qui
1903 3121 2102 3157 orationem
2117 3128 2197 3154 cum
2211 3117 2265 3161 jc-

1210 3187 1321 3234 juniis
1334 3193 1369 3223 et
1385 3187 1623 3233 eleemosynis
1638 3186 1710 3221 Deo
1727 3182 1941 3224 offerunt,in
1960 3181 2088 3226 quibus
2103 3178 2263 3224 placatus

1213 3249 1352 3286 veniam
1369 3248 1504 3285 erroris
1515 3248 1620 3295 digne
1635 3243 1897 3293 postulantibus
1913 3240 2049 3276 tribuit.
2069 3237 2261 3284 Sequitur:

1261 3309 1363 3353 Quod
1381 3309 1410 3345 si
1431 3310 1549 3344 anima
1573 3307 1725 3342 nesciens
1746 3300 1956 3350 peccaverit,
1977 3297 2096 3344 offeret
2119 3307 2262 3343 capram

1212 3370 1413 3407 anniculam
1438 3380 1499 3416 pro
1531 3371 1669 3414 peccato
1695 3374 1771 3406 suo,
1805 3367 1837 3397 et
1871 3357 2110 3405 deprecabitur
2127 3367 2190 3404 pro
2220 3367 2262 3393 ea

1211 3430 1373 3467 sacerdos
1385 3455 1394 3471 ,
1414 3427 1505 3474 quod
1521 3425 1632 3460 inscia
1650 3421 1838 3469 peccaverit
1863 3428 1982 3454 coram
1999 3412 2173 3460 Domita),-
2191 3417 2260 3452 tm-

1213 3489 1426 3536 patratisque
1443 3487 1475 3521 ei
1496 3485 1643 3525 veniam,
1662 3487 1694 3516 et
1713 3479 1905 3515 dimittetur
1921 3477 1975 3512 tui
1985 3504 1996 3521 ‚
2016 3482 2085 3513 etc.
2106 3476 2259 3524 Capram

1215 3555 1302 3593 ergo
1318 3545 1522 3581 anniculam
1541 3542 1659 3583 offert,
1679 3541 1740 3586 qui
1758 3537 2008 3586 poenitentiam
2028 3547 2094 3585 pro
2110 3544 2260 3585 peceato

1216 3617 1286 3644 non
1309 3606 1438 3652 tepide,
1464 3603 1527 3640 sed
1555 3601 1691 3647 fervide
1710 3599 1815 3646 gerit,
1836 3604 1872 3636 et
1890 3597 2047 3646 perfecte
2070 3608 2091 3634 a
2111 3603 2261 3644 peccato

1217 3667 1354 3710 eodem.
1394 3671 1502 3711 atque
1536 3661 1798 3700 studiosissimo
1833 3659 1968 3695 recedit
1996 3655 2191 3705 proposito,
2217 3655 2261 3693 de

1220 3731 1352 3766 caetero
1369 3731 1523 3772 cavenS,
1554 3721 1784 3772 quotidieque
1813 3714 2087 3758 commissorum
2116 3715 2260 3755 veniam
