2540 4016
37 164 106 203 “5

35 237 235 288 spiritualis
269 236 431 275 scientiae
461 232 614 280 replent.
643 231 783 276 Quibus
819 229 929 266 etiam
957 238 1090 264 nomen
1108 232 1145 271 A

36 299 199 338 scientiae
215 295 470 341 multitudiniS‚
488 292 546 330 vel
563 291 724 328 scientiae
741 289 1093 335 multiplicataecon-

36 360 151 402 venit,
165 359 262 406 quod
273 356 439 394 videlicet
455 352 644 399 Scriptura
662 361 767 388 sacra
780 348 958 396 spirituali
978 357 1021 383 ac
1039 347 1093 383 di-

36 421 122 458 vina
141 420 291 458 scientia
308 417 412 464 plena
428 420 502 458 est;
539 414 737 459 eademque
765 411 917 448 scientia
946 419 992 446 ex
1021 418 1092 455 quo

38 483 116 531 ipsa
136 482 322 528 Scriptura
338 477 447 515 condi
464 476 586 523 coepit,
608 475 732 521 augeri
751 482 896 519 semper
918 481 962 507 ac
996 470 1091 506 mul-

37 542 192 592 tiplioeri
213 551 285 578 non
304 538 446 576 desinit.
457 534 568 574 Recte
583 536 769 573 cherubim
784 534 907 582 gloriae
925 532 1093 579 propitia-

38 604 172 642 torium
188 600 406 639 obumbrare
432 600 614 642 dicuntur,
643 597 728 644 quia
764 599 983 632 testamento
1009 603 1091 629 cre-

37 669 162 703 scente
188 673 254 710 per
286 668 441 708 tempus,
459 666 498 698 et
523 659 759 705 multiplicata
786 656 951 698 scientia,
974 654 1094 701 propi-

37 725 223 762 tiationem
237 723 343 759 nobis
361 722 502 758 Domini
521 719 720 756 Salvatoris
735 716 1094 765 praedicant,ctltane

35 785 148 833 gratis
179 794 322 830 semper
352 783 516 826 vocibus,
541 781 644 828 quasi
673 778 841 825 expansis
867 777 912 813 ad
934 775 1093 811 volatum

36 846 104 883 atis
119 846 301 882 bonorare
324 855 397 882 non
422 850 580 880 cessant.
601 842 693 886 Quia
713 841 810 877 enim
838 837 949 874 verba
981 835 1093 872 collo-

35 906 222 952 quentium
241 905 373 951 quibus
389 903 542 940 volando
569 912 633 948 per
652 910 772 936 aerem
801 899 847 934 ab
875 907 938 933 ore
966 896 1091 932 dicen-

35 966 128 1002 tium
144 966 188 1002 ad
201 976 268 1002 cor
284 965 498 1011 perveniunt
514 961 751 1003 audientium,
773 958 903 994 merito
922 956 1093 1002 expansis

35 1028 226 1065 cherubim
254 1027 334 1070 alis,
355 1025 453 1061 velut
483 1023 527 1059 ad
556 1020 748 1058 volandum
779 1019 924 1065 aptatis,
941 1023 1095 1064 possunt

35 1087 230 1134 designari.
256 1086 346 1121 Inde
378 1085 580 1131 praecipiam
619 1088 651 1117 et
683 1081 809 1128 loquar
841 1079 886 1115 ad
917 1085 964 1122 te,
985 1088 1093 1124 supra

677 154 1015 196 COMMENTAtttA
1042 153 1086 190 m
1115 151 1324 189 Exouuu.
1353 172 1402 179 -
1425 152 1513 189 Lm.
1541 153 1596 190 tlt.

2153 156 2222 206 ¹⁴⁶

1571 227 1725 266 CAPUT
1755 229 1812 266 Xl.

1161 286 1214 322 De
1235 298 1364 324 ntensae
1382 287 1538 334 factura,
1558 299 1724 324 vasorum
1741 290 1833 335 ejus,
1852 298 1885 326 ee
1903 293 1946 327 de
1974 297 2122 339 panibus
2136 306 2223 344 pro·

1422 335 1619 381 pitiatiom‘s
1639 335 1676 371 in
1699 346 1741 371 ea
1764 336 1966 382 offerendis.

1207 406 1336 444 Facies
1377 414 1411 445 et
1453 419 1610 444 mensam
1648 409 1691 444 de
1729 408 1834 456 liquis
1873 410 2011 454 sethim,
2043 411 2228 451 habentem

1162 468 1252 504 duos
1293 469 1427 505 cubitos
1470 469 1701 516 lonqitudiniz
1736 478 1749 504 .·
1783 476 1816 506 et
1855 471 1894 507 in
1933 470 2121 508 latitudine
2165 486 2227 509 cn-

1163 528 1273 564 bitum
1311 540 1420 565 unum
1441 541 1454 565 :
1481 536 1512 566 et
1549 530 1587 565 in
1625 529 1813 566 altitudine
1845 531 2002 567 cubitum
2033 538 2065 568 et
2102 533 2225 568 sentis—

1162 600 1236 626 sem
1274 590 1407 638 (Exod.
1431 589 1532 638 xxv).
1580 590 1702 627 Mensa
1739 592 1784 628 de
1813 591 1920 639 lignis
1952 593 2084 629 sethim
2115 594 2227 637 sacta,

1164 651 1354 697 Scriptura
1378 656 1434 688 est
1462 662 1582 696 sacra,
1602 651 1646 688 de
1667 650 1823 688 sortibus
1844 658 2054 690 sanctorum
2078 653 2227 689 Patrum

1163 715 1285 752 verbis
1303 714 1518 761 actibusque
1544 719 1746 760 compacta.
1771 715 1859 759 Quae
1893 716 1978 752 dum
2010 716 2116 752 nobis
2149 726 2230 762 quac

1163 776 1238 812 sint
1259 781 1407 812 :eternae
1437 776 1567 822 gaudia
1593 774 1844 820 beatitudinis,
1866 778 2047 823 quomodo
2075 778 2120 814 ad
2152 778 2233 814 haec

1163 837 1397 883 perveniatur
1414 836 1717 880 ostendit,cibum
1736 837 1901 883 profecto
1921 838 2025 875 nobis
2045 838 2175 876 salutis
2189 849 2231 875 ac

1165 898 1250 933 vitae
1275 897 1449 944 suggerit.
1473 896 1557 933 llaec
1583 897 1695 934 habet
1726 897 1990 944 longitudinem
2005 908 2088 935 cum
2106 909 2232 945 perse-

1165 961 1364 996 verantiam
1381 966 1509 1006 coepta:
1530 961 1731 1007 religionis,
1747 961 1974 998 latitudinem
1994 972 2076 998 cum
2106 963 2235 1009 ampli-

1167 1019 1327 1055 tudinem
1346 1020 1549 1062 charitatis,
1571 1021 1799 1056 altitudinem
1829 1031 1910 1057 cum
1932 1032 2031 1068 spem
2048 1029 2233 1069 perpetum

1166 1081 1473 1116 remunerationis
1495 1081 1668 1117 insinuat.
1688 1081 1732 1117 Et
1752 1083 1844 1118 bene
1863 1082 2050 1129 longitudo
2076 1085 2230 1121 duorum

34 1147 317 1195 propitiatorium
327 1145 472 1187 scilicet,
488 1155 530 1178 ac
550 1143 592 1178 de
607 1142 721 1177 medio
731 1141 884 1176 ditorum
899 1138 1092 1181 cherubim,
1114 1135 1146 1174 B
1165 1147 1221 1178 est
1236 1141 1443 1177 cubitorum
1463 1153 1471 1176 :
1492 1141 1578 1186 qnia
1599 1141 1753 1177 actualis
1782 1147 1905 1178 nostra
1933 1143 2162 1179 conversatio
2195 1144 2235 1180 in

34 1218 113 1254 quoe
131 1212 232 1242 erunt
253 1217 360 1251 supra
378 1215 498 1240 arcam
521 1203 736 1245 testimonii,
755 1207 883 1236 cuncta
901 1210 980 1246 quw
994 1210 1096 1234 man-

34 1269 124 1304 dabo
151 1274 263 1314 perte
281 1266 365 1312 filiis
388 1266 514 1302 Israel.
543 1266 634 1310 Quia
662 1275 726 1311 per
748 1263 903 1310 gratiam
922 1261 1096 1308 propitia-

34 1329 142 1366 tionis
178 1329 240 1365 Dei
279 1328 413 1364 sactum
445 1334 514 1370 est,
544 1333 583 1362 ut
611 1326 817 1362 hominibus
844 1330 925 1371 post
953 1323 1097 1370 culpam

33 1390 342 1435 pnevarirationis
362 1399 551 1435 apparere,
572 1394 609 1423 ct
632 1388 684 1423 cis
703 1387 798 1422 viam
830 1385 997 1421 veritatis
1016 1389 1097 1430 post

33 1461 192 1486 errorem
210 1452 473 1491 demonstrare,
491 1450 659 1495 dignatus
675 1454 744 1490 est,
763 1448 807 1483 de
827 1447 946 1483 medio
966 1445 1096 1481 cheru-

33 1511 95 1547 bin
123 1511 296 1557 loquitur,
321 1511 404 1557 quia
432 1521 497 1556 per
519 1510 720 1556 angelicam
754 1509 947 1550 visionem,
965 1513 1001 1541 et
1026 1517 1096 1541 non

34 1573 70 1608 in
100 1583 165 1608 sua
198 1573 398 1608 substantia
423 1573 519 1607 Deus
551 1572 718 1617 apparuit
754 1583 761 1605 :
795 1577 831 1606 ct
864 1570 1006 1605 locutus
1042 1575 1097 1604 cst

32 1632 146 1679 Moysi
163 1637 357 1668 attestante
372 1633 543 1678 Apes-tulo
571 1633 694 1675 :Quia
725 1631 781 1666 ier
809 1637 950 1678 propter
979 1637 1097 1666 trans-

32 1694 228 1740 qressiones
253 1694 368 1739 posita
397 1700 462 1736 est,
487 1693 596 1728 donec
624 1693 754 1727 veniret
775 1703 904 1734 semen,
932 1693 988 1726 cui
1016 1703 1096 1738 pro-

31 1756 198 1798 miserat,
219 1755 382 1790 ordinum
411 1766 473 1801 per
505 1754 645 1800 anyelos
679 1755 715 1788 in
750 1765 856 1788 ηιαηιι
894 1753 1095 1789 mediatoris

33 1814 167 1863 (Galat.
190 1817 260 1862 nt).
278 1815 366 1851 item
386 1816 429 1851 de
450 1816 568 1850 medio
589 1815 742 1849 duorum
769 1814 943 1849 cherubin
978 1814 1096 1860 loqui-

34 1883 94 1913 tur
113 1876 300 1919 Dominus,
323 1877 407 1922 quia
427 1886 492 1922 per
518 1875 627 1911 verba
646 1875 835 1920 utriusque
857 1875 1093 1917 Testamenti,

31 1949 190 1976 consona
205 1948 270 1974 nos
288 1947 375 1974 voce
390 1938 435 1973 ad
451 1937 558 1973 [idem
577 1937 740 1972 veritatis
758 1930 891 1971 erudit}
914 1936 978 1972 Vel
996 1942 1096 1972 certe

33 2001 78 2038 de
102 2000 222 2038 medio
254 2000 429 2036 cherubin
457 1999 629 2045 loquitur,
657 1999 741 2044 qnia
772 2008 837 2043 per
867 1997 1092 2043 unigenitum

32 2072 152 2106 suum,
164 2062 224 2108 qui
241 2062 276 2097 in
293 2061 410 2097 medio
426 2061 577 2096 duorum
593 2060 908 2096 Testamentorum
931 2059 964 2093 in
984 2069 1094 2094 carne

32 2123 212 2168 apparuit,
222 2123 379 2158 humano
389 2122 512 2169 generi
525 2123 619 2157 Deus
635 2122 742 2157 Pater
752 2120 975 2156 voluntatem
993 2131 1095 2155 snam

33 2184 267 2220 manifestare
285 2184 452 2230 dignatus
472 2183 676 2220 est.P0test
692 2189 812 2219 autem
834 2183 869 2218 in
886 2193 970 2219 arca
986 2183 1094 2218 etiam

33 2251 161 2281 sancta
178 2245 341 2281 Ecclesia
362 2244 561 2290 figuraliter
578 2244 706 2289 accipi,
727 2254 807 2289 qum
832 2243 876 2278 de
896 2243 1003 2290 lignis
1029 2243 1095 2278 im-

32 2304 279 2351 putribilibus,
298 2304 367 2339 hoc
380 2310 436 2340 cst
457 2304 647 2340 animabus
663 2305 799 2347 sanctis,
818 2303 1039 2347 aedificatum
1059 2309 1096 2340 et

33 2365 156 2400 infide
176 2365 292 2401 sancti
314 2365 496 2411 Evangelii
527 2376 593 2412 per
625 2372 782 2411 quatuor
813 2367 936 2402 mundi
970 2366 1094 2412 plagas

32 2424 204 2469 distenta,
225 2436 396 2462 coronam
417 2427 499 2462 vitae
527 2438 547 2462 a
579 2428 653 2464 Deo
681 2434 867 2474 exspectat
901 2434 1091 2472 aeternam,

32 2486 170 2524 habens
190 2488 226 2524 in
246 2498 284 2525 se
305 2489 444 2525 tabulas
463 2490 683 2531 testamenti,
703 2490 737 2525 in
756 2490 989 2526 meditatione
1006 2500 1088 2525 con-

31 2547 132 2584 tinua
149 2547 239 2595 legis
252 2549 330 2585 Dei.
342 2550 486 2586 Habcns
501 2556 538 2586 ct
554 2562 680 2587 urnam
692 2562 839 2588 auream
858 2563 940 2588 cum
959 2562 1091 2587 manna

15 2606 68 2643 sin
89 2607 160 2644 fide
180 2608 377 2646 Dominicae
398 2610 670 2647 incarnationis.
707 2612 854 2648 Habens
885 2619 921 2649 et
954 2614 1093 2658 virgam

16 2668 152 2705 «Aaron
181 2680 262 2715 quae
289 2670 513 2716 fronduerat,
547 2673 583 2708 in
618 2674 894 2718 participatione
921 2674 1039 2719 regni,
1058 2678 1094 2710 et

15 2730 225 2766 sacerdotii
251 2731 450 2774 Dominici,
479 2732 624 2768 dicente
655 2733 820 2778 apostolo
849 2733 958 2770 Petro
981 2746 989 2769 :
1023 2733 1091 2769 Vos

14 2795 146 2826 =autem
154 2802 262 2838 qenus
273 2791 433 2836 electum,
445 2792 560 2839 regale
569 2794 806 2830 sacerdotium
820 2794 854 2843 (Ι
870 2795 944 2831 Pet.
958 2795 1014 2843 tt).
1027 2796 1093 2832 tta-

13 2851 119 2888 tbens
135 2852 425 2899 propitiatorium
445 2854 618 2901 desuper,
636 2861 676 2891 ut
711 2863 841 2892 cuncta
867 2867 948 2903 quae
983 2858 1092 2894 habet

13 2910 136 2955 bhona,
158 2912 334 2960 largiente
355 2914 475 2951 divina
497 2916 630 2962 gratia,
651 2927 731 2953 sese
751 2918 936 2964 accepisse
962 2920 1091 2955 memi-

14 2972 138 3018 unerit.
156 2973 300 3011 Habens
316 2980 354 3011 et
373 2976 548 3012 cherubin
566 2977 690 3023 gloriae
704 2979 739 3014 in
752 2980 1019 3025 propitiatorio,
1034 2981 1089 3017 vel

13 3035 190 3083 angelica
209 3037 376 3074 videlicet
405 3040 588 3085 praesidia,
611 3042 671 3086 qui
691 3052 711 3077 a
736 3042 809 3079 Deo
825 3054 969 3091 semper
988 3045 1090 3092 adju-

13 3095 135 3132 wetur
146 3098 316 3144 propitio,
325 3098 382 3134 vel
396 3099 640 3144 Testamenta,
652 3103 783 3148 quibus
798 3104 954 3149 qualiter
967 3105 1090 3142 vivere

30 3210 33 3213 Δ
81 3159 261 3204 quomodo
279 3161 452 3197 auxilium
473 3167 571 3199 recte
585 3163 731 3200 vivendi
746 3175 766 3200 a
780 3165 902 3201 divina
914 3167 1090 3212 propitia-

29 3261 33 3264 ·
47 3215 127 3254 Mic
143 3229 304 3266 quaerere
314 3221 455 3266 debeat,
466 3223 688 3260 instituatur.
702 3225 763 3262 Sic
771 3231 892 3262 autem
905 3233 988 3263 sunt
1004 3228 1090 3264 che-

164 3290 273 3328 super
287 3284 583 3330 propitiatorium
602 3287 727 3332 positi,
753 3289 934 3334 quomodo
955 3290 1086 3327 civitas

151 3337 176 3385 i,
195 3341 231 3378 id
248 3349 306 3380 est
326 3350 453 3381 sancta
473 3345 636 3383 Ecclesia
655 3357 766 3394 super
782 3354 957 3394 montem,
971 3349 1015 3387 'id
1030 3357 1086 3388 est

156 3401 282 3450 'ipsum
310 3405 497 3443 Christum
517 3418 599 3444 esse
620 3409 816 3447 constituta
833 3412 992 3448 dieitur:
1013 3423 1085 3450 non

136 3460 264 3502 'altior
293 3466 357 3504 illo
387 3469 502 3514 possit
530 3479 611 3506 esse
637 3471 767 3508 civitas
798 3483 883 3517 sua,
905 3474 969 3510 sed
988 3474 1085 3521 quod

38 3514 295 3578 ,ifflrubsidto
322 3534 523 3569 sustentata
552 3531 730 3576 proficiat.
759 3532 942 3571 Cherubin
975 3545 1085 3582 supra

225 3584 319 3623 rium
345 3587 456 3625 habet
487 3599 597 3634 arca,
612 3592 698 3638 quia
717 3593 775 3629 vel
801 3594 960 3640 angelica
983 3595 1088 3631 mini-

213 3640 382 3692 teloquia
398 3648 522 3687 divina
543 3661 588 3688 eo
618 3653 786 3690 veracius
814 3654 1004 3691 ecclesiam
1030 3654 1088 3701 Ju-

233 3702 245 3712 '
329 3707 370 3744 in
384 3706 620 3752 fundamento
638 3724 789 3754 summae
813 3717 981 3755 veritatis
1011 3723 1087 3755 sta-

1166 1202 1304 1237 duabus
1321 1202 1480 1237 maxime
1494 1203 1692 1238 virtutibus
1713 1203 1894 1245 consistit,
1912 1203 2163 1240 misericordia
2184 1204 2235 1239 vi-

1166 1263 1299 1300 delicet
1315 1270 1351 1300 et
1370 1265 1593 1308 innocentia,
1606 1265 1752 1301 dicente
1773 1266 1936 1311 apostolo
1956 1264 2091 1302 Jacoho
2116 1278 2124 1301 :
2144 1265 2235 1301 Reli-

1165 1326 1221 1372 92'0
1238 1326 1370 1361 niterida
1385 1333 1415 1361 et
1433 1326 1663 1362 immaculata
1685 1327 1779 1373 apud
1802 1327 1913 1363 Deum
1930 1334 1960 1362 et
1982 1327 2126 1363 Patrem
2158 1328 2234 1363 hwa

1165 1393 1215 1422 est
1233 1398 1243 1422 .·
1260 1388 1401 1422 visitare
1426 1387 1576 1433 pupillos
1596 1399 1637 1423 ac
1657 1389 1778 1423 viduas
1802 1390 1837 1424 in
1866 1389 2092 1426 tribulatione
2110 1401 2231 1425 eorum

1165 1455 1197 1484 et
1216 1449 1480 1484 immaculatum
1496 1461 1532 1485 se
1552 1451 1728 1486 custodire
1743 1452 1784 1486 ab
1803 1452 1868 1486 leae
1885 1452 2015 1487 sa‘cttio
2028 1452 2168 1498 (Jacob.
2186 1452 2228 1499 t).

1166 1511 1268 1555 Quod
1284 1523 1370 1548 vero
1387 1524 1510 1548 mensa
1534 1525 1643 1549 unum
1665 1514 1773 1554 hahet
1793 1515 1953 1550 cubitum
1975 1516 2010 1550 in
2027 1515 2232 1559 latitudine,

1165 1572 1341 1608 unitatem
1379 1573 1584 1610 dilectionis
1617 1566 1724 1620 qnam
1758 1581 1831 1610 tota
1865 1576 1970 1611 nobis
2008 1575 2233 1614 Testamenti

1166 1634 1307 1670 Veteris
1327 1640 1364 1671 ct
1393 1635 1481 1671 Novi
1507 1637 1619 1673 series
1643 1638 1892 1680 commendat,
1913 1639 2064 1684 figurate
2096 1639 2234 1674 denun-

1165 1694 1231 1729 tiat
1252 1704 1261 1729 :
1282 1706 1425 1741 unaque
1444 1702 1500 1732 est
1528 1697 1689 1733 charitas
1704 1724 1712 1739 ,
1731 1698 1798 1733 boc
1818 1704 1873 1733 est
1894 1698 2047 1744 simplex
2071 1703 2108 1733 et
2137 1709 2231 1744 pura

1165 1757 1297 1792 mentis
1324 1758 1455 1802 pietas,
1484 1769 1554 1804 qna
1584 1765 1621 1794 ct
1647 1759 1760 1794 Deum
1793 1765 1829 1795 et
1862 1760 2062 1806 proximos,
2079 1767 2114 1796 ct
2137 1761 2235 1807 ipsos

1165 1827 1308 1862 qnoque
1330 1818 1497 1855 inimicos
1525 1829 1649 1855 amare
1675 1821 1847 1866 jubemur
1870 1833 1877 1855 ε
1900 1822 2066 1866 quamvis
2101 1832 2233 1868 magna

1165 1877 1335 1911 distantia
1364 1888 1406 1912 ac
1439 1878 1671 1914 distinctione
1700 1879 1902 1915 rectissima
1933 1880 2045 1925 ipsius
2078 1882 2228 1924 amoris,

1165 1937 1276 1972 Deum
1301 1939 1418 1982 primo
1440 1938 1534 1981 loco,
1552 1939 1716 1975 inimicos
1738 1940 1888 1986 diligere
1908 1941 2118 1976 debeamus.
2141 1941 2232 1987 ipsis

1164 2009 1308 2044 qnoque
1332 2000 1508 2044 proximis
1530 2011 1595 2047 pro
1613 2001 1818 2037 differentia
1849 2003 2059 2039 meritorum
2077 2030 2087 2046 ,
2107 2004 2232 2049 dispar

1165 2060 1213 2095 sit
1230 2060 1359 2096 modus
1379 2061 1642 2107 impendendus
1668 2063 1816 2098 ameris.
1840 2062 1952 2098 Porro
1967 2065 2061 2108 quod
2082 2064 2233 2100 altitudo

1166 2121 1326 2157 cubitum
1347 2132 1389 2157 ac
1405 2122 1592 2158 semissem
1613 2122 1783 2166 habebat,
1799 2134 1900 2169 :eque
1920 2129 1957 2159 ut
1973 2124 2008 2159 in
2027 2123 2230 2166 latitudine,

1165 2183 1310 2218 cubitus
1333 2183 1510 2219 unitatem
1534 2184 1646 2230 ipsius
1680 2185 1756 2230 spei
1791 2190 1924 2222 nostrae
1956 2185 2116 2222 coelestis
2147 2185 2233 2220 insi-

1164 2251 1253 2281 nnat
1275 2257 1281 2280 :
1305 2246 1388 2292 quia
1407 2253 1662 2293 exspectamus
1681 2247 1872 2283 Dominum
1893 2253 2069 2288 nostrum,
2086 2248 2231 2294 quando

1164 2314 1370 2344 revertatur
1386 2310 1429 2345 de
1446 2310 1562 2352 coelis,
1584 2315 1883 2345 remuneraturus
1902 2319 2043 2350 servos,
2061 2319 2153 2354 quos
2174 2308 2228 2344 vi-

1163 2369 1316 2416 gilantes
1334 2371 1507 2407 accinctis
1525 2371 1669 2414 lumbis,
1683 2376 1719 2406 et
1733 2371 1944 2406 ardentibus
1960 2371 2136 2406 bonorum
2146 2379 2230 2414 ope-

1163 2441 1243 2465 rum
1264 2430 1442 2473 lucernis,
1467 2431 1659 2466 invenerit.
1689 2430 1780 2465 Nam
1811 2429 1879 2465 etsi
1913 2439 1979 2475 pro
2017 2428 2228 2464 diversitate

1163 2491 1378 2526 meritorum
1398 2491 1519 2527 multae
1539 2497 1623 2526 sunt
1651 2492 1858 2526 mansiones
1888 2490 1925 2525 in
1954 2490 2062 2525 domo
2083 2489 2227 2532 Patris,

1162 2562 1273 2587 unum
1295 2556 1415 2586 tamen
1441 2557 1496 2587 est
1530 2563 1681 2597 regnum
1715 2551 1811 2594 coeli,
1831 2552 1866 2586 in
1885 2561 1956 2597 quo
1989 2560 2117 2587 omncs
2136 2550 2230 2586 reci-

1161 2614 1309 2659 piantur
1344 2614 1463 2650 cleeti.
1487 2613 1658 2650 Semissis
1684 2623 1771 2649 vero
1804 2613 1864 2659 qui
1884 2618 2062 2659 superest,
2083 2612 2227 2648 initium

1163 2676 1247 2710 vitae
1264 2675 1552 2721 contemplativae
1568 2686 1639 2721 qno
1654 2675 1818 2711 nonnulli
1835 2681 2045 2711 sanctorum
2061 2675 2170 2711 etiam
2189 2675 2225 2711 in

1162 2746 1271 2773 earne
1289 2737 1407 2772 adbuc
1427 2736 1534 2783 positi
1566 2735 1635 2771 frui
1657 2742 1879 2778 meruerunt,
1902 2736 2040 2771 indicat
2063 2748 2070 2771 :
2094 2735 2227 2781 quibus

1162 2809 1232 2834 non
1255 2798 1369 2834 salum
1386 2808 1534 2844 sperare
1551 2797 1715 2834 coelcstia
1735 2797 1899 2844 praemia,
1911 2807 2036 2834 verum
2053 2797 2162 2834 etiam
2180 2807 2223 2835 cx

1160 2864 1263 2905 parte
1278 2858 1678 2905 vivendo,praegustare
1693 2859 1866 2895 donatum
1884 2863 1938 2894 cst
1959 2870 1966 2893 :
1986 2858 2032 2893 Ee
2045 2858 2227 2895 inaurabis

1160 2930 1237 2954 eam
1257 2930 1345 2954 auro
1370 2919 1571 2966 purissimo.
1603 2919 1725 2955 Mensa
1756 2918 1979 2955 tabernaculi
2012 2919 2224 2961 inauratur,

1161 2982 1245 3028 quia
1271 2988 1306 3018 et
1338 2981 1525 3027 Scriptura
1556 2987 1695 3023 sancta,
1724 2981 1909 3027 sapientae
1942 2981 2080 3017 coelesti
2117 2990 2224 3017 sensu

1162 3042 1259 3078 clara
1277 3041 1450 3089 refulget;
1475 3047 1511 3077 ct
1535 3042 1602 3088 ipsi
1621 3042 1680 3087 qui
1713 3051 1791 3078 eam
1812 3042 2007 3078 condidere
2022 3042 2222 3089 prophetae,

1160 3105 1326 3150 pra-clari
1341 3105 1415 3141 vita
1432 3116 1472 3141 ac
1489 3115 1658 3141 sermone
1673 3104 1818 3140 suerunt

1209 3167 1405 3214 Faciesqae
1441 3167 1495 3203 illi
1520 3167 1652 3202 labium
1690 3179 1835 3203 aureum
1863 3178 1926 3214 per
1955 3167 2154 3209 circuitum,
2191 3172 2222 3201 et

1158 3227 1226 3274 ipsi
1245 3227 1338 3263 labio
1364 3239 1530 3263 coronam
1554 3227 1803 3271 interrasilem,
1823 3227 1932 3264 altcmz
1956 3234 2108 3274 quatuor
2132 3226 2223 3270 difli-

1157 3288 1215 3323 tis.
1241 3287 1393 3324 Laliium
1423 3299 1573 3324 aureum
1598 3288 1638 3324 iit
1664 3298 1798 3324 mensae
1824 3298 1889 3333 per
1914 3287 2120 3328 circuitum,
2136 3284 2220 3330 qnia

1157 3349 1327 3385 doctrina
1339 3350 1435 3385 sacri
1455 3349 1590 3395 eloquii
1611 3359 1676 3395 per
1697 3349 1934 3384 mundissima
1959 3346 2065 3382 nobis
2090 3344 2221 3390 pratili-

1157 3416 1322 3446 catorum
1355 3410 1514 3446 litlelium
1555 3421 1619 3446 ora
1657 3410 1910 3450 ministratur,
1934 3415 2051 3451 neque
2075 3404 2218 3440 illorum

1156 3471 1291 3507 locutio
1309 3471 1371 3517 qui
1388 3471 1506 3507 divina
1520 3471 1624 3506 nobis
1643 3479 1775 3504 arcana
1795 3467 2031 3509 tradiderunt,
2051 3466 2218 3511 humanae

1157 3532 1702 3570 confabulationis-sermonihas
1714 3529 1894 3565 ullatenus
1907 3529 2122 3564 attaminari.
2131 3539 2218 3565 cor.-

1155 3595 1346 3631 sentiebat.
1369 3594 1463 3637 Quin
1498 3592 1643 3638 potius,
1669 3600 1741 3625 non
1769 3595 1909 3625 tantum
1930 3590 2072 3634 nociva,
2099 3589 2161 3626 sed
2180 3593 2216 3624 et

1155 3655 1270 3691 otiosa
1290 3653 1479 3689 hominum
1496 3651 1604 3687 verba
1621 3650 1784 3698 graviter
1806 3649 1904 3688 serre
1929 3661 1973 3688 ac
1997 3651 2216 3697 redarguere

1154 3716 1343 3753 curabant.
1361 3714 1426 3751 Vel
1447 3719 1546 3749 certe
1580 3713 1716 3749 labium
1738 3712 1778 3748 tit
1806 3723 1957 3750 aureum
1990 3722 2124 3750 mensae
2149 3722 2214 3759 per

1155 3775 1360 3818 circuitum,
1382 3773 1467 3821 quia
1482 3772 1669 3820 Scriptura
1690 3779 1813 3810 sancta
1834 3773 1930 3810 onmi
1951 3782 1995 3810 cx
2014 3780 2119 3820 parte
2137 3783 2212 3810 snae
