2540 4016
11 177 18 187 ⁷
74 179 144 221 ⁴35

31 267 54 312 5
67 224 206 310 {dicio
224 250 455 297 contendere,
481 249 715 294 similiterque
731 253 767 284 et
785 247 828 283 (le
845 256 888 283 eo
903 245 967 292 qui
987 243 1126 280 auferet
1141 249 1178 290 Α

41 342 46 350 =
73 317 180 354 nobis
194 316 342 363 pallium
361 314 465 351 lesus
478 310 662 359 praecepit,
682 313 784 345 utne
805 303 949 354 quidem
970 316 1014 342 ex
1038 315 1126 341 eon-

56 377 236 413 ³tentione
252 376 298 412 ad
311 373 512 411 nocendum
529 370 694 418 proximo
706 377 957 415 provocemur,
976 366 1040 402 sed
1056 365 1128 401 imo

74 442 115 474 ut
136 448 219 473 eum
240 436 301 483 qui
319 435 451 481 injuste
475 436 601 469 contra
623 440 689 466 nos
709 429 783 476 agit
802 438 866 475 per
880 431 1044 463 nostram
1065 435 1130 472 pa-

75 499 240 534 tientiam
265 496 502 543 corrigamus.
533 492 629 528 Nihil
645 491 743 528 enim
765 489 917 535 amplius
947 497 1054 534 quam
1075 486 1130 522 in-

71 559 212 606 justitia
236 563 272 595 et
307 557 459 594 avaritia
477 560 514 592 et
534 554 712 590 alternum
744 556 905 588 coarctat
932 550 1046 586 vitam
1065 559 1130 585 no-

75 599 215 662 staff&
239 619 284 655 ad
301 620 370 655 hoc
391 616 581 654 intendens
607 613 804 661 legislator,
823 610 1009 657 sanguinis
1028 619 1131 645 man-

75 679 200 714 datum
228 688 300 713 non
320 678 455 714 frustra
475 675 736 722 recapitulavit.
776 673 848 710 Sed
880 672 964 718 quia
983 670 1131 717 quidam

75 739 220 786 quidem
251 738 438 774 fraudibus
472 737 686 783 quibusdam
721 742 757 771 et
787 731 1128 773 machinationibus,

74 798 258 843 variisque
278 797 368 833 dolis
387 806 518 832 nocere
538 794 785 841 popularibus,
805 792 908 838 quasi
923 791 1132 836 ignorantes

74 859 190 895 solent
226 858 418 904 perimere,
454 858 563 892 etiam
601 854 805 900 hujusmodi
835 851 1020 888 molimina
1049 860 1132 895 per-

73 917 218 964 spexit,·
239 928 321 952 nam
341 917 424 952 vide
440 916 524 961 quid
546 914 755 960 praecipiat:
774 911 813 947 Si
829 911 1008 947 venatione
1029 916 1131 956 atque

73 979 222 1024 aucupio
237 978 361 1023 ceperit
375 977 483 1021 serant
499 974 550 1010 vel
565 984 660 1009 avem
678 972 801 1018 quibus
815 971 903 1006 vesci
918 970 1050 1004 licitum
1064 976 1128 1012 est,

74 1038 199 1084 [undat
217 1037 420 1082 sanquinem
434 1035 511 1080 ejus
532 1039 565 1069 et
583 1033 715 1078 operiat
730 1030 941 1066 illud'terra.
956 1030 1057 1074 Quod
1071 1039 1131 1065 ve-

73 1099 171 1134 natio
179 1098 334 1133 maxime
344 1094 532 1140 injustitia,
544 1092 756 1138 injustitiam
768 1097 970 1127 autemnon
982 1090 1130 1136 quamli-

685 168 1017 210 EXPOSITIONES
1042 169 1088 206 ΙΝ
1113 167 1376 208 LEvt‘rtctJM.
1402 188 1449 195 —
1473 169 1560 206 LIB.
1590 170 1635 208 V.

2177 167 2247 212 434

1609 243 1760 281 CAPUT
1783 241 1844 281 tx.

1221 321 1304 357 Non
1323 320 1570 357 comedendum
1588 319 1630 354 de
1645 319 1830 354 morticino
1851 325 1912 354 aut
1929 332 1950 355 u
1977 321 2083 358 bestia
2108 331 2222 371 capto.

1244 378 1364 428 (Into.)
1380 382 1509 418 Anima
1525 392 1604 428 quae
1624 380 1810 415 comederit
1836 381 2060 416 morticinum
2083 390 2142 418 aut
2167 396 2248 430 cap-

1197 447 1271 478 tum
1288 453 1309 476 a
1327 441 1450 484 bestia,
1471 447 1544 476 tant
1570 441 1611 476 (le
1637 439 1811 486 indiqents
1827 451 1932 487 quant
1964 440 2006 476 (le
2026 440 2181 484 advenis,
2199 442 2250 478 la-

1196 501 1290 537 vabit
1303 506 1410 536 vestes
1436 512 1531 543 suas,
1559 507 1591 535 et
1611 500 1846 546 semetipsum,
1866 511 1973 546 aqua,
1989 506 2019 534 et
2036 501 2253 536 contamina-

1197 568 1251 598 tus
1260 561 1325 596 erit
1340 571 1449 608 usque
1470 563 1515 595 act
1534 571 1726 606 vesperum,
1745 566 1776 594 et
1793 559 1857 594 ltoc
1876 559 1998 594 ordine
2013 559 2164 594 mundus
2179 561 2251 605 fiet.

1199 620 1301 664 Quod
1318 620 1348 666 si
1374 631 1443 654 non
1469 619 1590 654 laverit
1617 619 1819 654 vestimentu
1839 629 1917 659 sua,
1938 628 1998 653 nec
2017 628 2155 664 corpus,
2174 629 2253 664 por—

1198 680 1284 716 tabit
1306 680 1523 726 iniquitatem
1538 690 1651 715 suam.
1673 679 1744 726 (Est-
1761 677 1909 725 cortem.)
1931 677 2160 714 Mortieinunt
2176 690 2254 714 esse

1196 746 1437 788 peccatorem,
1462 746 1500 775 ut
1527 746 1610 786 pote
1637 740 1697 784 qui
1728 738 1911 775 crudelem
1934 738 2075 784 peccati
2100 739 2256 774 sustinet

1197 807 1364 843 mortem,
1396 812 1415 836 a
1436 801 1560 836 bestiis
1594 806 1714 835 autom
1737 805 1883 844 captum
1910 810 1980 834 non
2011 804 2150 834 tantum
2170 799 2255 835 sitn-

1197 862 1339 906 pliciter
1357 861 1419 897 sed
1438 861 1541 896 valde
1566 865 1807 906 peccatorem,
1830 859 1866 894 in
1887 865 2026 894 tantum
2054 864 2093 894 ut
2107 859 2255 905 maligni

1199 921 1234 956 in
1250 931 1293 956 eo
1310 926 1505 966 operentur
1523 921 1718 963 daemones,
1739 920 1832 956 sicut
1851 919 1917 955 suit
1947 919 2069 963 Judas,
2101 921 2162 965 qui
2181 921 2256 956 dia-

1198 983 1280 1018 bolo
1312 984 1526 1028 ingredienti
1559 984 1595 1018 in
1625 983 1734 1018 corde
1770 993 1835 1018 suo
1872 982 2055 1018 Christum
2090 982 2253 1026 tradidit,

1199 1042 1283 1078 olim
1309 1043 1480 1084 diximus,
1502 1052 1584 1077 cum
1614 1042 1852 1086 pollutionum
1872 1041 2048 1076 sacrificia
2070 1040 2255 1088 legislator

1199 1107 1410 1148 exponeret,
1431 1102 1494 1137 sed
1522 1102 1595 1137 illic
1613 1101 1757 1147 quidem
1786 1111 1866 1136 eum
1901 1101 1961 1146 qui
1987 1101 2103 1145 tetigit
2130 1102 2256 1136 morti-

72 1159 145 1201 Βθῑ,
158 1158 219 1194 Sssd
229 1167 307 1193 8³1¹]
318 1166 397 1202 (1¹1ae
408 1155 450 1191 3¹1
462 1154 671 1200 sangumem
683 1153 808 1195 tendit,
822 1153 1129 1198 Vifflffl‘lub‘ipffiffl
1149 1146 1180 1183 B
1201 1164 1280 1199 cina
1308 1168 1370 1198 aut
1386 1173 1406 1197 a
1435 1162 1559 1198 bestiis
1579 1167 1695 1208 capta,
1728 1161 1764 1196 id
1781 1166 1847 1203 est,
1883 1161 1942 1207 qui
1977 1161 2257 1197 eonnnunicavit

71 1218 336 1266 quodammodo
352 1228 417 1264 per
433 1217 555 1253 dolum
581 1214 813 1260 fraudemque
834 1213 1045 1259 injustitiam
1063 1224 1128 1260 pa-

72 1280 194 1316 tientis
213 1284 330 1322 nocet,
364 1278 399 1314 in
432 1277 553 1313 divina
580 1275 766 1321 Scriptura
797 1274 912 1319 accipi
934 1274 1063 1316 soleat,
1087 1274 1130 1309 de

73 1350 145 1387 quo
162 1340 244 1376 audi
265 1338 377 1374 David
392 1337 571 1373 dicentem
588 1347 596 1371 ε
627 1334 824 1380 captabunt
847 1333 884 1368 in
903 1333 1058 1367 animam
1071 1333 1131 1379 ju-

72 1403 130 1444 sti,
165 1408 196 1437 et
233 1401 436 1446 sanquinem
464 1398 680 1433 innocentem
711 1394 987 1431 condemnabunt
1013 1392 1127 1438 (Psal.

72 1462 190 1509 xcllt).
216 1463 259 1497 Et
279 1470 428 1497 rursus:
465 1459 592 1494 Anima
620 1464 741 1493 nostru
760 1458 848 1492 sicut
876 1466 995 1501 passer
1014 1461 1130 1500 erepta

73 1530 123 1559 est
144 1524 185 1558 cle
205 1522 326 1568 laqueo
345 1522 543 1556 venantium
574 1518 688 1566 (Psal.
717 1516 860 1562 cxxut).
891 1516 930 1552 Si
948 1516 1028 1561 quis
1045 1525 1131 1562 ergo

72 1584 299 1619 venationem
333 1582 482 1627 ceperit,
519 1580 553 1615 id
573 1585 640 1622 est,
675 1583 885 1624 peccantem
904 1577 1032 1612 viderit
1049 1587 1131 1612 eum

74 1644 135 1690 qui
152 1641 345 1679 venatione
365 1652 409 1678 ex
428 1640 641 1676 infirmitate
660 1639 714 1674 vel
734 1649 778 1674 ex
804 1638 1003 1684 simplicate
1021 1647 1131 1683 expo-

73 1704 165 1740 situs
188 1710 257 1746 est,
276 1704 372 1738 hunc
391 1701 486 1737 enim
505 1701 658 1736 dicimus
678 1710 758 1735 esse
778 1699 837 1744 qui
867 1698 1019 1744 eapitur,
1045 1708 1130 1743 pro-

72 1770 154 1812 pter
170 1765 264 1810 quod
284 1763 398 1799 dixit:
419 1762 528 1807 seram
546 1767 606 1796 aut
634 1772 728 1795 avem
747 1760 869 1806 quibus
892 1760 982 1795 vesci
998 1759 1130 1794 licitum

73 1832 135 1861 est.
154 1825 224 1861 Per
241 1824 368 1866 seram,
388 1822 433 1858 de
453 1821 556 1867 vulgo
579 1820 799 1865 quempiam,
815 1819 994 1854 carnalem
1012 1824 1131 1854 tamen

73 1892 110 1923 et
143 1884 366 1931 pastionibus
400 1882 651 1922 incubantem,
687 1878 906 1925 significans,
930 1884 1132 1923 expertem-

74 1956 143 1992 que
166 1943 454 1980 commistionem
469 1949 658 1976 eausarum
676 1950 685 1981 ;
705 1948 769 1984 per
784 1948 887 1973 avem
909 1942 1027 1972 autem
1049 1947 1130 1972 eum

74 2005 136 2052 qui
160 2015 180 2039 a
202 2003 356 2039 terrenis
393 2000 624 2045 semetipsum
659 2003 819 2034 removet
850 1998 959 2033 rebus
976 2008 985 2040 ;
1023 1996 1130 2041 hujus

72 2066 169 2102 modi
194 2065 290 2101 enim
319 2063 483 2099 homines
502 2071 522 2096 a
545 2059 712 2096 violentis
741 2064 777 2094 et
806 2058 925 2094 avaris
946 2058 981 2093 in
1012 2058 1131 2094 causis

73 2124 308 2162 saecularibus
339 2127 614 2163 consumuntur,
653 2119 712 2154 illa
743 2118 910 2154 videlicet
934 2118 1131 2165 incongrua

74 2186 302 2231 malignaque
323 2183 584 2219 comessatione
610 2182 653 2217 de
673 2191 742 2226 qua
765 2179 898 2215 Paulus
918 2180 1132 2226 prohibebat

74 2245 222 2281 dicens:
250 2243 286 2279 Si
309 2249 423 2278 autem
445 2241 490 2276 ad
514 2242 658 2276 invicem
674 2239 868 2283 comeditis,
890 2239 1000 2274 videm
1026 2250 1066 2274 ne
1088 2239 1130 2274 ab

73 2307 218 2342 invicem
233 2303 484 2340 consumamini
498 2302 592 2350 (Gal.
609 2301 660 2349 v).
681 2300 767 2344 Aut,
783 2306 822 2335 ut
838 2301 897 2346 qui
912 2302 1013 2347 prius
1029 2306 1133 2337 erant

70 2366 172 2414 justi,
195 2367 288 2401 inter
307 2374 347 2400 ea
366 2364 498 2409 quibus
526 2362 623 2398 vesci
651 2361 787 2397 licitum
818 2366 886 2403 est,
911 2361 947 2396 id
965 2367 1021 2396 est
1038 2361 1133 2397 inter

74 2428 219 2470 munda,
237 2432 335 2463 recte
354 2426 586 2462 nominantur
603 2437 612 2469 ;
631 2429 882 2461 verumtamen
903 2423 933 2459 si
949 2423 1029 2468 quis
1049 2432 1133 2468 pec-

76 2485 204 2531 cantis,
223 2488 323 2524 velut
348 2487 497 2523 inferius
517 2488 671 2534 jacentis
690 2492 726 2523 et
745 2486 956 2532 poenitentia
985 2485 1129 2530 sepulti,

76 2548 225 2585 effundit
245 2549 389 2595 quidem
422 2549 650 2594 sanguinem,
682 2549 716 2584 id
737 2554 804 2590 est,
827 2553 1015 2592 peccatum
1036 2546 1131 2591 quod

75 2609 252 2655 peccavit,
270 2608 422 2644 effundit
438 2614 557 2644 autem
577 2609 663 2643 illud
679 2609 723 2643 ad
743 2608 942 2643 orationem
958 2607 1132 2642 accedens

75 2676 112 2706 et
132 2669 405 2712 confessionem,
425 2668 725 2714 quemadmodum
740 2667 790 2703 ait
805 2667 986 2702 etDavid:
1010 2667 1135 2712 Effun-

76 2729 158 2766 dam
177 2729 212 2764 in
239 2733 421 2774 conspecta
439 2728 514 2774 ejas
541 2729 734 2763 orationem
753 2738 865 2763 meant
887 2726 1002 2774 (Psat.
1019 2729 1130 2774 exn),

76 2789 214 2835 operiat
227 2788 314 2824 illud
340 2793 437 2824 terra
455 2800 462 2823 :
490 2794 638 2833 peccata
657 2788 751 2823 enim
767 2787 1014 2823 confitentium
1032 2792 1130 2823 terra

77 2849 206 2896 operit,
240 2854 286 2884 ut·
310 2853 395 2894 pote
429 2847 581 2884 inferius
616 2848 841 2884 remanentia
862 2856 898 2884 et
919 2848 1130 2894 poenitentia

76 2908 306 2952 mortificata,
340 2914 376 2944 et
408 2919 562 2954 quorum
592 2908 796 2955 prohibitus
830 2912 885 2943 est
916 2908 1054 2943 clamor
1086 2906 1131 2942 ad

77 2968 191 3006 ooelos
207 2969 415 3011 ascendere,
430 2968 732 3014 quemadmodum
751 2967 990 3004 Sodomorum
1011 2977 1132 3003 ascen-

80 3027 202 3071 debat,
220 3037 287 3063 nec
303 3027 400 3062 enim
414 3027 583 3062 volebant
596 3027 842 3072 poenitentiam
859 3036 978 3073 agere.
999 3025 1132 3062 Secun-

81 3088 166 3125 dum
186 3088 279 3123 hanc
292 3087 401 3133 igitur
418 3087 665 3130 intentionem,
681 3087 864 3134 legislator
878 3099 919 3124 ea
941 3098 1018 3134 quae
1037 3088 1130 3124 dicta

81 3153 165 3184 sunt
186 3156 322 3192 ponens
341 3146 500 3182 addidit:
531 3147 657 3182 Anima
679 3147 770 3182 enim
805 3149 917 3183 omnis
943 3149 1060 3184 carnis
1092 3148 1130 3184 in

82 3206 248 3252 sanquine
272 3212 346 3249 est;
366 3204 494 3243 deinde
511 3205 657 3252 adjicit:
681 3206 780 3243 Unde
798 3208 874 3243 dixi
892 3207 977 3253 filiis
1000 3207 1129 3252 Israel,

82 3266 119 3304 id
142 3273 210 3312 est,
231 3267 322 3311 dico,
351 3267 401 3303 De
418 3268 588 3314 sanquine
603 3269 771 3306 universce
791 3270 906 3305 carnis
924 3281 994 3305 non
1014 3281 1130 3306 come-

83 3326 184 3372 detis,
204 3328 286 3374 quia
303 3329 421 3364 anima
437 3329 560 3365 carnis
583 3329 619 3365 in
644 3330 816 3376 sanguine
835 3337 905 3374 est,
926 3336 1132 3367 contestans

85 3387 131 3425 ab
145 3389 241 3425 omni
268 3389 456 3435 iniquitate
483 3389 668 3426 abstineri.
689 3390 905 3427 contestans
922 3396 1042 3428 autem
1058 3402 1130 3429 non

84 3455 261 3495 exponere
275 3459 319 3486 ea
344 3459 424 3496 quae
442 3455 567 3486 contra
587 3450 809 3488 voluntatem
824 3452 1030 3488 'commissa
1048 3458 1132 3489 sunt

85 3507 237 3546 fratrum
252 3516 415 3556 peccata,
442 3511 504 3547 sed
522 3511 666 3548 tradere
683 3517 791 3549 terrae
814 3511 891 3558 ejus
914 3513 976 3558 qni
1005 3518 1132 3559 captus

87 3567 207 3612 esl'fid
218 3573 288 3612 est,
306 3568 420 3612 visus,
441 3570 652 3616 sanguinem
667 3573 916 3617 cooperientes
929 3570 1015 3608 illud
1027 3572 1132 3607 venia

88 3630 127 3662 et
145 3628 401 3674 compassione.
429 3629 649 3676 Sanguinem
666 3631 764 3668 enim
784 3632 975 3668 comedens
1001 3637 1039 3668 et
1057 3632 1135 3668 ani-

88 3695 186 3730 mam
199 3687 261 3733 qui
274 3687 433 3743 diffamat
446 3690 602 3736 proximi
626 3697 830 3738 peccatum,
850 3697 949 3730 reete
969 3692 1132 3740 putatur,

83 3746 175 3798 8¹11,ss
191 3746 434 3794 animun
446 3758 636 3800 peeoetum
656 3759 725 3792 est.
789 3752 835 3790 ὀ
1081 3757 1086 3761 ·

83 3853 125 3900 'P'

48 3967 50 3970 >
71 3914 125 4016 'A

1200 1221 1275 1260 siie
1302 1223 1480 1269 particeps
1500 1222 1566 1257 suit
1582 1232 1664 1258 cum
1693 1222 1750 1257 his
1767 1222 1827 1267 qui
1851 1222 2013 1267 praedicti
2035 1227 2144 1265 sunt;
2168 1222 2256 1258 dicit

1198 1285 1258 1321 liic
1278 1290 1399 1320 autent
1419 1295 1501 1319 eum
1521 1284 1582 1329 qui
1601 1283 1770 1326 comedit,
1803 1283 1968 1319 videlicet
1992 1284 2052 1330 qui
2082 1289 2196 1320 totum
2214 1284 2258 1320 il-

1197 1346 1266 1382 lius
1284 1351 1470 1391 peccatum
1499 1356 1602 1381 suum
1632 1345 1818 1390 proprium
1845 1345 1945 1387 fecit,
1978 1355 2151 1391 suan'tque
2179 1357 2256 1381 ma-

1196 1407 1332 1453 lignam
1347 1406 1584 1441 intent10nem
1600 1406 1768 1451 explevit,
1787 1416 1831 1441 ex
1849 1406 1942 1441 malo
1962 1406 2057 1452 qnod
2079 1406 2138 1441 ille
2158 1417 2256 1442 eom-

1198 1470 1296 1506 misit
1313 1480 1321 1505 :
1348 1469 1440 1504 sicut
1461 1467 1604 1504 suerunt
1621 1468 1742 1505 Annas
1758 1474 1793 1505 et
1807 1469 1988 1515 Cayplias,
2007 1470 2151 1515 quinon
2164 1470 2253 1506 sim-

1197 1530 1340 1576 pliciter
1362 1529 1462 1565 Judae
1479 1530 1673 1575 participes
1703 1535 1785 1565 sunt
1802 1529 2016 1575 proditionis
2035 1529 2167 1574 effecti,
2186 1530 2254 1576 ipsi

1198 1593 1295 1628 enim
1314 1598 1490 1635 ementes,
1510 1592 1726 1638 proditionis
1751 1591 1784 1627 ei
1806 1592 1982 1627 dederunt
1996 1593 2200 1637 pecuniam,
2221 1598 2258 1627 et

1198 1654 1282 1690 olim
1304 1654 1518 1697 esurientes,
1549 1653 1606 1689 vel
1638 1653 1886 1689 desiderantes
1912 1657 2065 1689 mortem
2099 1653 2258 1696 Domini,

1199 1716 1243 1751 ad
1265 1716 1479 1761 pascendam
1502 1715 1775 1750 nutriendamve
1809 1725 1911 1749 suam
1939 1714 2192 1758 intentionem,
2222 1719 2259 1751 et

1200 1777 1243 1812 ad
1260 1776 1555 1812 satisfaciendum
1568 1775 1748 1811 desiderio
1762 1774 1962 1820 pet-,ludam
1975 1774 2255 1821 praevaluerunt.

1200 1836 1415 1881 Huiusmodi
1449 1837 1639 1873 comedere
1670 1836 1859 1872 morticina
1880 1842 1916 1872 et
1949 1846 1969 1871 a
2002 1836 2130 1872 bestiis
2153 1841 2257 1882 capta

1200 1898 1382 1940 dicuntur,
1399 1898 1461 1943 qui
1488 1907 1636 1933 necesse
1664 1898 1800 1933 habent
1820 1897 1941 1933 lavare
1958 1897 2174 1933 vestimenta
2192 1907 2259 1932 sua

1201 1963 1237 1994 et
1257 1967 1411 2003 corpus;
1432 1957 1529 1991 lavat
1547 1960 1667 1992 autem
1688 1961 1827 1991 vestem
1856 1967 1957 1992 suam
1976 1962 2013 1993 et
2029 1967 2174 2002 eorpus,
2195 1956 2258 2003 qui

1201 2018 1351 2053 mundat
1379 2017 1611 2062 semetipsum
1638 2021 1766 2060 totum,
1804 2017 1838 2052 id
1864 2022 1934 2060 est,
1955 2018 2166 2053 interiorem
2195 2028 2259 2053 ex-

1202 2078 1443 2123 terioremque
1462 2088 1567 2114 suum
1587 2078 1783 2120 hominem,
1815 2078 1898 2122 quia
1927 2078 2021 2113 intra
2043 2078 2258 2113 vestimenta

1202 2149 1333 2183 corpus
1353 2143 1420 2181 est,
1454 2138 1547 2173 sicut
1574 2138 1669 2173 intra
1698 2138 1914 2174 exteriorem
1941 2138 2125 2174 hominem
2153 2139 2261 2174 homo

1201 2199 1364 2241 interior,
1383 2198 1563 2244 quomodo
1582 2203 1701 2234 autem
1721 2198 1817 2234 lavat
1830 2199 1844 2233 ἱ)
1859 2198 1931 2234 Αιιι
1944 2208 2007 2244 per
2027 2199 2257 2244 baptismum,

1201 2264 1263 2295 aut
1276 2269 1342 2305 per
1359 2259 1618 2295 abundantiam
1638 2259 1895 2306 lacrymarum,
1913 2259 2129 2295 imitantium
2146 2270 2260 2305 aquas

1199 2320 1453 2366 baptismatis;
1475 2321 1536 2365 qui
1555 2325 1675 2356 autem
1699 2321 1767 2355 hoc
1785 2330 1856 2355 non
1880 2320 1979 2363 facit,
2005 2319 2162 2365 portabit
2185 2320 2256 2354 ini-

1200 2381 1375 2426 quitatem
1408 2391 1522 2423 suam‚
1554 2380 1826 2415 retributionem
1859 2379 2023 2414 videlicet
2047 2379 2256 2423 injustitiae:

1200 2441 1252 2476 sic
1265 2441 1362 2475 enim
1382 2440 1539 2475 divinam
1561 2439 1787 2485 Scripturam
1805 2440 1841 2474 in
1862 2440 2019 2484 peccatis
2049 2448 2178 2484 poenas
2198 2449 2256 2475 re-

1200 2503 1349 2538 stituere
1369 2501 1529 2536 invenies
1542 2501 1834 2536 comminantem.
1850 2499 1951 2535 Unde
1964 2500 2131 2536 Ezechiel
2145 2500 2257 2535 Deum

1202 2563 1557 2598 induxitdicentem:
1582 2560 1664 2596 Non
1689 2567 1806 2608 parcet
1823 2560 1943 2596 oculus
1969 2573 2064 2597 meus
2091 2568 2255 2608 superte,

1199 2630 1231 2659 et
1249 2635 1317 2659 non
1344 2623 1575 2666 miserebitur,
1596 2623 1655 2658 sed
1679 2623 1752 2658 vias
1773 2629 1850 2658 tuas
1875 2634 2004 2669 ponam
2034 2635 2138 2669 super
2161 2630 2205 2666 te,
2223 2630 2257 2660 ct

1199 2685 1473 2720 abominationes
1490 2691 1558 2720 tuce
1573 2684 1609 2719 in
1625 2683 1737 2719 medio
1762 2683 1813 2718 tui
1829 2689 1942 2718 erunt.

1619 2759 1770 2795 CAPUT
1796 2759 1840 2794 X.

1295 2834 1345 2870 De
1359 2834 1581 2870 observandis
1595 2835 1775 2881 proeceplis
1792 2841 1824 2871 et
1842 2835 1991 2882 judiciis
2007 2836 2160 2875 Domini.

1251 2906 1350 2954 (Car.
1379 2907 1496 2954 xvnt.)
1528 2907 1573 2942 Et
1605 2907 1693 2942 dimit
1724 2907 1894 2944 Dominus
1927 2909 1971 2944 ad
1995 2909 2159 2956 Moysen:
2191 2911 2259 2948 Lo-

1202 2978 1304 3013 quere
1323 2966 1406 3012 filiis
1427 2967 1553 3011 Israel,
1569 2974 1600 3003 et
1617 2968 1709 3004 dices
1725 2968 1770 3003 ad
1786 2978 1864 3005 eos:
1885 2969 1960 3017 qu
1979 2970 2152 3008 Dominus
2165 2972 2259 3010 Deus

1201 3032 1331 3061 vester:
1357 3026 1463 3072 juxta
1494 3027 1777 3063 consuet-udinem
1814 3035 1916 3064 terrm
1948 3028 2094 3076 AE'yypti
2124 3031 2160 3066 in
2189 3044 2257 3078 qua

1201 3086 1384 3122 habitastis
1400 3098 1468 3122 non
1482 3086 1615 3132 facietis
1632 3099 1644 3131 ;
1655 3087 1758 3133 juxta
1769 3098 1898 3123 morem
1914 3088 2060 3134 reqionis
2073 3088 2256 3132 Chanaan,

1203 3146 1248 3181 ad
1268 3157 1372 3193 quam
1389 3159 1449 3194 eqo
1468 3148 1730 3184 introducturus
1745 3160 1821 3184 sum
1836 3160 1907 3191 vos,
1926 3159 1994 3183 non
2010 3150 2133 3195 aqetis,
2150 3161 2258 3195 neque

1201 3207 1238 3243 in
1254 3206 1413 3254 leqitimis
1441 3220 1560 3244 eorum
1589 3210 1822 3244 ambulabitis.
1842 3208 1995 3244 Facietis
2008 3209 2146 3255 judicia
2162 3221 2252 3251 mea,

1202 3273 1234 3302 et
1253 3275 1423 3315 pra‘cepta
1442 3280 1517 3305 mea
1531 3270 1723 3312 servabitis,
1741 3275 1771 3304 et
1789 3267 2008 3303 ambulabitis
2034 3268 2070 3302 in
2097 3268 2158 3303 eis.
2179 3268 2254 3314 Eyo

1201 3327 1373 3365 Dominus
1396 3329 1488 3365 Deus
1506 3337 1630 3365 vester.
1650 3327 1827 3365 Custodit-e
1852 3327 1940 3373 {eyes
1967 3338 2058 3363 meas
2075 3333 2177 3374 atque
2187 3330 2253 3374 Ju-

1201 3390 1310 3433 dicia,
1333 3401 1412 3437 quoe
1426 3390 1557 3435 faciens
1572 3390 1687 3432 homo,
1707 3389 1793 3423 vivet
1820 3388 1856 3421 in
1878 3387 1940 3422 eis.
1964 3385 2035 3432 (Ex
2050 3385 2254 3436 Hesycltio.)

1201 3448 1420 3495 Praecipiens
1434 3458 1520 3495 ergo
1538 3458 1581 3483 ea
1613 3457 1693 3493 quae
1715 3456 1810 3482 nunc
1838 3445 1934 3482 dicta
1952 3451 2061 3482 sunt:
2082 3445 2158 3494 qu
2176 3458 2255 3484 sum

1203 3507 1371 3543 Dominus
1385 3507 1479 3542 Deus
1493 3512 1614 3548 vester,
1645 3505 1775 3550 inquit,
1802 3509 1842 3539 ut
1861 3509 2060 3541 creatorem
2077 3511 2113 3542 et
2132 3505 2254 3542 Domi-

1203 3578 1288 3604 num
1309 3566 1487 3602 discentes
1502 3574 1585 3604 eum
1605 3564 1667 3610 qui
1693 3563 1888 3608 mandavit,
1917 3575 2058 3603 summo
2075 3565 2194 3603 studio
2209 3575 2254 3603 ea

1204 3638 1284 3675 quse
1313 3631 1491 3672 praeeepta
1527 3629 1611 3661 sunt
1639 3625 1684 3660 ab
1717 3634 1761 3661 eo
1790 3624 2058 3662 custodiamus:
2090 3626 2143 3663 sic
2165 3636 2253 3674 ergo

1205 3687 1400 3727 sanctionis
1432 3686 1542 3723 totius
1575 3685 1811 3723 intentionem
1839 3685 2056 3733 explanavit.
2091 3685 2178 3731 Quae
2197 3692 2256 3725 est

1205 3757 1326 3790 autem
1345 3748 1451 3787 haec?
1470 3752 1512 3787 ut
1525 3747 1571 3786 ab
1589 3747 1688 3800 omni
1715 3746 1906 3796 iniquitate
1935 3746 2194 3794 abstineamus,
2214 3753 2252 3786 et
