2540 4016
329 170 423 208 1119

319 302 619 347 Bartholomaeus,
636 313 683 338 an
697 302 866 339 Joannes.
896 303 1153 340 Verumtamen
1177 304 1368 350 longorum

754 168 796 205 Β.
823 168 992 205 RABANI
1017 166 1162 205 MAUm
1187 166 1399 206 ARCHIEP.
1426 168 1631 210 MOGUNT.
1655 171 1846 211 oPERUM
1870 171 1987 212 PARS
2011 172 2040 209 Ι.

2383 170 2499 225 ιιεοῑ

1437 310 1513 343 tror
1526 308 1623 355 quod
1638 318 1745 346 omne
1758 309 1903 355 quidem
1924 309 1990 345 Dei
2021 319 2110 355 opus
2141 319 2314 358 magnum
2329 315 2399 355 est,

295 262 297 265 ·
321 255 367 282 ex
392 253 432 279 se
466 241 608 278 miserit
639 242 758 279 iucem
777 246 925 278 :utrum
962 242 1108 287 Paulus,
1144 252 1191 278 an
1225 241 1368 285 Petrus,
1387 249 1518 289 Arum
1537 245 1803 285 distinctionem
1819 243 1898 286 h'aec
1927 257 2058 296 magna
2089 248 2278 287 dicantur?
2293 251 2373 297 Ego
2385 247 2501 416 ”52³³

319 363 460 398 dierum
488 362 658 398 dicuntur
679 363 808 398 sancti.
836 363 865 399 E
892 364 1074 400 contrario
1092 373 1194 408 vero,
1226 364 1370 410 quando

319 421 498 458 scandalis
533 421 690 459 mundus
721 422 936 469 replebitur,
968 425 1112 470 quando
1142 425 1370 461 increscente

317 481 507 526 iniquitate
549 481 760 529 refrigescet
801 484 960 520 charitas
993 485 1189 521 multorum
1223 485 1367 534 (Matth.

317 541 430 590 xx1v),
462 546 499 578 et
530 544 674 589 quando
705 544 855 580 veniens
891 545 1004 582 Filius
1039 547 1197 583 hominis
1226 546 1368 583 difficile

315 603 422 639 fidem
442 604 601 640 inveniet
633 615 741 651 super
775 611 909 642 terram
929 606 1031 654 (Luc.
1051 608 1170 654 xtuli),
1189 615 1277 645 tune
1295 620 1367 645 non

316 663 481 699 dicuntur
527 663 639 699 suturi
666 665 762 711 longi
795 666 884 709 dies,
923 667 986 703 sed
1014 668 1127 714 magis
1165 668 1367 704 abbreviari

314 725 495 768 dicuntur,
517 725 610 761 sicut
628 725 719 761 dixit
739 725 912 763 Dominus
945 739 954 762 :
980 728 1072 771 Quia
1089 729 1156 763 nisi
1176 728 1366 764 abbreviati

313 780 459 831 ficissent
481 787 552 822 dies
581 786 650 831 illi,
685 799 755 824 non
781 788 881 833 fieret
910 789 1006 824 salva
1024 789 1098 825 ulla
1114 802 1197 826 caro
1219 790 1363 837 (Manu.

311 848 424 896 xxiv).
449 848 531 884 Mali
544 858 630 896 crgo
650 850 726 886 dies
744 851 900 886 breviari
919 852 1106 895 dicuntum
1134 852 1285 899 longaevi
1307 863 1366 888 au-

311 912 385 943 tem
408 913 490 944 sunt
526 914 562 945 et
597 910 699 945 multi
723 911 905 956 temporis,
947 917 983 947 et
1012 913 1157 958 grandis
1190 914 1364 958 quodam-

310 970 416 1006 modo
434 971 539 1016 spatii
568 971 643 1007 dies
662 971 761 1015 honi,
783 973 965 1018 inquibus
992 973 1143 1009 Domino
1172 974 1362 1011 servimus.

310 1030 398 1067 Vide
436 1038 557 1069 tamen
589 1034 672 1079 quia
708 1040 744 1069 et
776 1034 843 1070 hoc
866 1035 1066 1080 designavit
1092 1035 1127 1071 in
1152 1036 1361 1082 Evangelio,

307 1093 399 1139 quod
431 1100 569 1140 propter
597 1094 720 1129 electos
752 1095 998 1130 breviabuntur
1031 1096 1103 1130 dies
1132 1096 1185 1130 illi
1220 1096 1358 1143 (Ibid.).

1433 375 1500 413 pro
1522 369 1723 414 capacitate
1752 379 1876 406 eorum
1894 370 2025 415 quibus
2042 374 2226 414 operatur,
2247 372 2279 407 si
2302 371 2372 408 sibi
2389 371 2483 409 invi-

1435 435 1513 464 cem
1529 433 1798 474 comparentur,
1823 429 1879 464 vel
1897 439 2029 476 magna
2053 438 2163 475 opera
2193 428 2339 468 Domini
2354 431 2516 481 dicun-i·

1434 490 1495 524 tur
1513 499 1604 532 esse,
1621 489 1678 524 vel
1692 499 1816 535 parva.
1837 488 1947 526 Verbi
1967 500 2093 535 causa,
2118 490 2244 528 eduxit
2261 483 2353 530 filios
2369 470 2502 533 Israeli
2529 486 2533 495 ¹

1435 548 1480 584 de
1501 549 1657 596 AEgypto
1682 549 1718 585 in
1735 559 1844 585 manu
1864 550 1950 586 sorti
1969 555 2006 586 et
2027 551 2176 588 brachio
2193 551 2351 595 excelso,
2370 552 2484 599 AEgy-
2498 574 2500 578 ·
2516 542 2533 621 R

1433 615 1495 656 pto
1525 610 1696 656 piodigiis
1726 611 1933 648 coelestibus
1964 613 2167 657 verberata,
2203 614 2301 650 viam
2335 613 2421 651 fecit
2445 614 2483 651 in
2529 627 2532 630 ·

1434 670 1547 713 mari;
1572 681 1703 707 manna
1719 672 1755 708 in
1769 672 1911 709 deserto
1928 674 2059 720 populo
2075 675 2194 719 dedit;
2214 676 2259 712 de
2276 676 2367 713 coelo
2384 676 2484 712 locu-

1434 734 1491 765 tus
1513 735 1568 765 est
1586 731 1630 766 ad
1649 731 1806 779 Moysen,
1829 733 1944 778 legem
1964 735 2204 781 conscriptam
2223 736 2260 771 in
2281 736 2412 772 tabulis
2430 736 2483 772 la·
2525 739 2533 774 ζ

1432 789 1546 834 pideis
1561 790 1670 826 dedit.
1689 791 1813 828 Nonne
1832 793 1908 829 haec
1927 804 2056 840 magna
2077 800 2159 831 sunt
2177 805 2286 840 opera
2305 795 2392 831 Dei?
2411 795 2483 832 Sed
2519 827 2531 833 „

1434 850 1465 886 si
1485 850 1572 886 illud
1605 852 1662 888 his
1696 862 1899 898 compares,
1935 854 2029 899 quod
2052 854 2103 890 ita
2126 855 2249 890 dilexit
2273 854 2367 891 Deus
2386 855 2484 891 hunc
2524 893 2531 903 ε

1432 913 1620 956 mundum,
1650 918 1690 949 ut
1708 914 1838 951 Filium
1866 925 1969 951 snum
1988 916 2131 952 unicum
2162 917 2264 952 daret
2282 926 2347 962 pro
2367 916 2482 953 salute
2524 914 2527 915 ⁷

1432 973 1557 1009 mundi
1609 973 1730 1020 (Joan.
1781 975 1835 1022 111)
1855 1002 1864 1019 ,
1911 976 2073 1012 invenies
2117 977 2178 1012 illa
2216 977 2335 1013 omnia
2370 987 2483 1023 parva

1432 1043 1511 1069 esse
1527 1034 1571 1069 ad
1586 1035 1692 1081 hujus
1705 1036 1824 1081 operis
1839 1037 2133 1083 magnitudinem,
2153 1038 2248 1083 quod
2265 1048 2355 1083 opus
2372 1038 2482 1074 etiam

1432 1103 1497 1129 nos
1516 1099 1551 1130 et
1571 1105 1788 1141 cognoscere
1814 1097 1984 1133 debemus
2011 1102 2046 1133 et
2075 1099 2237 1141 credere,
2269 1104 2306 1134 et
2337 1099 2482 1145 operari
2539 1115 2540 1120 ¹

307 1151 438 1188 Electis
476 1163 562 1199 ergo
588 1155 799 1190 breviantur
826 1156 902 1191 dies
934 1156 1034 1199 mali,
1058 1157 1134 1191 dies
1155 1157 1360 1202 iniquitatis
1380 1163 1411 1202 Β
1431 1158 1540 1198 Opera
1555 1154 1695 1190 Domini
1710 1166 1781 1191 ¹¹0ss
1792 1157 2027 1203 negligenter,
2042 1157 2268 1193 sedfidcliter
2280 1164 2479 1202 effluente,
2539 1149 2540 1158 ἱ

304 1217 342 1248 et
359 1212 530 1249 scandali.
556 1214 641 1250 Dies
666 1224 751 1250 vero
773 1216 955 1250 seniorum
972 1222 1178 1252 sanctorum
1208 1217 1359 1262 longaevi

305 1278 390 1308 sunt
422 1278 460 1308 et
493 1273 639 1319 prolixi.
672 1273 743 1309 Sed
775 1280 811 1309 et
830 1275 917 1310 illud
933 1285 1018 1320 quia
1036 1276 1238 1312 dicentibus
1256 1278 1359 1313 nobis

303 1332 477 1375 occurrit,
493 1339 529 1368 et
547 1333 700 1375 utinam,
718 1335 869 1370 Domino
887 1341 1116 1380 suggeicnte,
1137 1343 1356 1381 oecuricr‚ct

301 1394 590 1439 praetereundum
610 1404 683 1429 non
703 1399 771 1437 est,
793 1394 888 1439 quod
910 1395 1013 1438 dixit,
1051 1397 1133 1441 qnia
1150 1397 1285 1432 servivit
1302 1409 1360 1443 po-

300 1452 403 1499 pulus
432 1453 582 1488 Domino
600 1454 757 1489 omnihus
775 1454 894 1489 (liebus
914 1455 1014 1490 Jesu.
1035 1455 1115 1491 Non
1142 1456 1231 1491 dixit
1247 1468 1358 1492 unum

301 1512 396 1548 diem
420 1512 531 1548 fuisse
558 1512 657 1557 Jesu,
682 1515 745 1550 sed
774 1515 878 1550 multi
906 1521 990 1551 sunt
1010 1516 1086 1552 dies
1119 1516 1219 1552 Jesu.
1260 1517 1358 1561 Quos

301 1582 388 1620 ergo
404 1563 535 1610 multos
560 1576 728 1620 ponimus
749 1576 826 1613 dies
853 1578 1051 1613 secundum
1077 1578 1173 1613 hune
1193 1579 1356 1616 ordinem

299 1642 407 1678 quem
446 1636 708 1681 exposuimus?
734 1636 808 1682 Ego
840 1638 893 1673 sie
932 1634 1090 1674 arbitror
1125 1639 1221 1684 quod
1263 1651 1356 1676 unus

300 1696 376 1732 dies
394 1697 506 1743 ipsius
521 1704 577 1734 est
593 1698 750 1744 justitia,
770 1700 860 1736 alius
882 1701 1134 1745 sanctificatio,
1165 1703 1255 1739 alius
1272 1713 1357 1749 pru-

299 1758 432 1800 dentia,
451 1759 811 1804 aliusmisericordia,
832 1768 868 1798 et
884 1763 936 1798 sie
950 1772 1014 1808 per
1025 1763 1164 1808 singula
1180 1764 1355 1800 virtutum

299 1817 393 1853 bona
421 1819 496 1855 dies
515 1820 607 1856 sorte
642 1826 810 1867 supputat
843 1822 942 1865 Jesu,
979 1823 1015 1858 in
1047 1824 1176 1868 quihus
1202 1823 1355 1860 Domino

300 1879 468 1923 servitur,
503 1881 587 1926 quia
628 1882 665 1917 in
706 1883 762 1918 his
796 1883 988 1918 vlrtutibus
1021 1884 1149 1919 anima¹
1181 1885 1354 1920 Dominus

297 1940 473 1985 placatur.
494 1942 564 1978 Sed
585 1948 620 1979 et
649 1944 860 1989 patientiam
877 1945 989 1990 ipsius
1017 1950 1223 1991 computato
1243 1945 1352 1988 diem,

297 2007 334 2037 et
368 2004 694 2047 mansuetudinem,
712 2009 749 2040 et
772 2005 957 2050 pietatem,
993 2011 1029 2041 et
1062 2006 1277 2049 bonitatem,
1316 2010 1353 2041 et

1430 1218 1469 1247 ut
1484 1213 1708 1250 inveniamur
1727 1220 1762 1250 et
1777 1226 1843 1251 nos
1863 1216 1899 1250 in
1918 1216 2043 1251 diebus
2058 1216 2141 1252 Jesu
2158 1217 2293 1252 Christi
2307 1223 2342 1252 ct
2357 1218 2393 1252 in
2407 1219 2482 1254 die-

1428 1273 1496 1308 bus
1514 1275 1695 1309 seniorum
1714 1282 1920 1310 sanctorum
1936 1276 2013 1321 ejus
2028 1276 2283 1321 apostolorum,
2301 1288 2382 1313 cum
2398 1278 2480 1324 qui-

1428 1334 1495 1369 bus
1526 1340 1561 1369 et
1584 1335 1795 1370 societatem
1826 1335 1983 1371 eoelestis
2021 1337 2242 1373 haereditatis
2274 1348 2482 1376 mereamur

1428 1396 1605 1440 accipere,
1622 1407 1687 1443 per
1702 1396 1820 1443 ipsum
1843 1397 2035 1433 Dominum
2055 1403 2218 1435 nostrum
2235 1397 2357 1436 Jesum
2375 1398 2480 1437 Chri-

1428 1460 1537 1491 stum.

1829 1532 1979 1570 CAPUT
2002 1533 2075 1570 Vll.

1427 1620 1589 1657 Mortuus
1609 1627 1659 1657 est
1676 1627 1791 1658 autem
1805 1621 1912 1658 Josue
1929 1622 2024 1669 filius
2041 1621 2139 1667 Nun,
2154 1622 2308 1668 famulus
2321 1622 2478 1667 Domini,

1474 1675 1609 1704 centum
1622 1669 1739 1704 decem
1749 1680 1920 1704 annorum
1927 1670 2124 1716 ,omnisque
2138 1671 2312 1716 yeneratio
2322 1669 2383 1705 ilia
2397 1681 2479 1705 con-

1446 1753 1449 1756 ,
1473 1722 1614 1761 qreqata
1634 1723 1682 1751 est
1703 1717 1747 1751 ad
1763 1723 1877 1762 patres
1893 1726 2004 1752 suos:
2025 1717 2246 1763 feceruntque
2273 1716 2339 1762 filii
2363 1715 2478 1752 Israel

1472 1763 1605 1797 malum
1636 1763 1671 1797 in
1708 1769 1889 1808 conspectu
1925 1763 2081 1806 Domini,
2117 1770 2147 1799 el
2173 1764 2363 1798 servierunt
2384 1763 2479 1798 Baa-

1471 1808 1546 1852 lim,
1583 1815 1614 1844 et
1638 1809 1843 1845 dimiserunt
1867 1809 2058 1846 Dominum
2089 1810 2202 1846 Deum
2228 1816 2367 1856 patrum
2397 1819 2478 1845 suo-

1472 1867 1563 1891 rum.

1472 1945 1591 1992 (lmn.)
1627 1945 1789 1981 Mortuus
1804 1950 1853 1981 est
1869 1950 1986 1981 autem
2008 1944 2115 1981 Josue
2132 1945 2228 1991 silius
2249 1944 2347 1989 Nun,
2362 1945 2479 1992 famu-

1423 2005 1477 2041 lus
1505 2006 1660 2048 Domini,
1683 2011 1820 2041 centum
1841 2006 1958 2041 decem
1993 2017 2180 2049 annorum,
2208 2012 2239 2040 et
2268 2005 2476 2051 sepelierunt

297 2070 402 2098 omne
419 2064 514 2108 quod
537 2065 583 2099 ad
598 2066 769 2101 virtutem
789 2067 958 2111 pertinet,
986 2066 1097 2111 ipsius
1114 2067 1221 2102 dicito
1242 2067 1352 2110 diem,
1374 2065 1403 2106 C
1425 2079 1501 2103 eum
1530 2067 1566 2101 in
1590 2067 1717 2112 finibus
1741 2067 1967 2113 possessionis
1997 2077 2085 2108 sua‘,
2107 2067 2143 2101 in
2166 2065 2475 2105 leamnaclesarae.

297 2128 334 2157 et
364 2124 417 2159 sic
438 2125 474 2160 in
507 2127 674 2162 omnibus
707 2127 834 2163 dicbus
856 2127 941 2163 Jesu
962 2129 1113 2165 Domino
1145 2129 1295 2172 servies,
1318 2128 1355 2164 id

297 2189 367 2226 est,
389 2183 425 2218 in
443 2184 609 2221 omnibus
627 2186 682 2221 his
715 2186 923 2222 vlrtutibus.
955 2187 1034 2223 Non
1055 2189 1151 2224 enim
1167 2188 1242 2223 vult
1259 2187 1354 2223 Seri-

295 2249 412 2290 pturae
429 2251 562 2282 sanctae
578 2246 770 2289 institutio,
795 2251 834 2282 ut
852 2247 990 2292 aliquas
1010 2258 1054 2283 ex
1083 2249 1140 2284 his
1163 2248 1354 2284 virtutibus

295 2306 431 2343 habeas
447 2307 483 2342 in
502 2313 552 2350 te,
586 2312 622 2342 et
641 2307 729 2343 alias
750 2307 911 2352 negligas
928 2318 937 2349 ;
978 2308 1041 2343 sed
1055 2313 1096 2342 ut
1114 2307 1281 2343 omnibus
1298 2308 1354 2343 his

294 2366 488 2404 virtutibus
520 2367 731 2409 adornatus,
767 2372 803 2402 et
834 2367 870 2402 in
895 2376 1021 2402 earum
1049 2367 1188 2402 actibus
1214 2367 1354 2413 positus

295 2429 432 2465 servias
459 2428 545 2465 Deo.
567 2429 702 2465 Eodem
736 2433 857 2465 autem
874 2429 981 2464 modo
1006 2428 1087 2474 quis
1104 2429 1215 2465 etiam
1235 2429 1353 2465 senio-

295 2499 376 2525 rum
413 2489 490 2525 dics
514 2490 624 2526 habet
644 2490 680 2525 in
699 2499 751 2533 se,
785 2495 822 2526 et
850 2490 886 2525 in
920 2490 1047 2526 diebus
1080 2499 1207 2526 eorum
1239 2491 1352 2527 servit

294 2550 382 2594 Deo,
417 2550 569 2597 implens
602 2551 704 2595 illud,
740 2552 836 2598 quod
862 2551 949 2588 dicit
979 2552 1163 2597 apostolus
1188 2552 1348 2589 Paulus:

293 2611 494 2647 Imitatores
526 2613 593 2648 mei
621 2619 741 2656 estote,
764 2613 853 2648 sicut
885 2618 917 2648 et
953 2624 1014 2659 eqo
1043 2611 1174 2648 Christi
1196 2613 1228 2661 (1
1266 2613 1347 2649 Cor.

293 2672 349 2718 ιι).
371 2672 410 2707 ln
428 2673 567 2716 diebus,
602 2674 730 2719 inquit,
757 2674 940 2710 seniorum
965 2684 1103 2718 eorum,
1127 2675 1189 2721 qui
1220 2685 1352 2721 cogno-

292 2737 423 2767 verunt
440 2734 559 2767 omnia
578 2743 688 2778 opera
709 2733 867 2769 Domini.
888 2735 975 2778 Quis
1005 2740 1059 2770 est
1078 2735 1140 2780 qui
1161 2734 1350 2781 cognoscit

293 2793 415 2828 omnia
439 2804 549 2839 opera
566 2794 723 2838 Domini,
739 2796 809 2831 nisi
825 2797 886 2841 qui
914 2796 1002 2832 saeit
1034 2797 1105 2832 ea?
1143 2796 1219 2833 lloe
1242 2797 1350 2833 modo

294 2854 404 2891 etiam
424 2854 482 2890 hie
517 2854 742 2890 sentiendum
761 2861 830 2899 est,
866 2857 962 2902 quod
997 2857 1082 2893 dicit
1102 2869 1109 2891 :
1136 2856 1204 2899 Qui
1224 2868 1351 2903 coqne-

294 2921 416 2949 verunt
449 2925 548 2950 omne
569 2927 653 2962 opus
673 2916 828 2952 Domini.
863 2918 908 2952 Et
942 2928 1013 2953 non
1047 2918 1164 2953 solum
1200 2919 1345 2963 inquit:

297 2972 368 3016 Qui
409 2982 639 3020 coqnoverunt
671 2988 756 3021 opus
797 2977 954 3019 Domini,
993 2978 1056 3012 sed
1088 2978 1254 3013 addidit:
1280 2978 1348 3021 Qui·
1367 2966 1401 3004 D

294 3044 393 3070 omne
413 3046 497 3080 opus
521 3041 750 3080 cognoverunt
774 3035 931 3078 Domini,
951 3036 988 3071 id
1007 3041 1075 3079 est,
1094 3037 1155 3081 qui
1175 3047 1348 3083 cognove-

294 3101 380 3132 runt
410 3100 446 3131 ct
474 3093 624 3139 iustitiae
661 3105 751 3141 opus
788 3096 947 3139 Domini,
983 3102 1019 3132 et
1051 3098 1347 3135 sanctificationis

293 3167 396 3204 opus,
416 3161 451 3192 et
470 3156 665 3202 patientiae,
685 3161 721 3192 et
745 3157 1045 3200 mansuetudinis,
1078 3163 1116 3193 et
1132 3158 1289 3204 pictam,
1311 3165 1346 3196 et

294 3228 400 3254 omne
417 3217 590 3263 quidquid
610 3226 655 3252 ex
675 3217 853 3252 mandatis
876 3217 940 3253 Dei
957 3217 1070 3262 venit,
1096 3228 1185 3264 opus
1204 3219 1346 3255 Domini

296 3278 441 3314 dieitur.
473 3277 543 3313 Sed
574 3277 668 3314 sicut
698 3283 753 3314 est
777 3288 866 3324 opus
883 3278 1038 3322 Domini,
1071 3279 1221 3315 estsine
1240 3279 1348 3315 dubio

294 3340 380 3376 huic
423 3338 645 3375 eontrarium
671 3349 760 3385 opus
798 3338 944 3374 diaboli.
980 3337 1128 3375 Certum
1164 3343 1220 3375 est
1249 3338 1345 3375 enim

294 3401 379 3447 quia
405 3401 498 3437 sieut
519 3401 660 3447 justitia
689 3411 780 3447 opus
801 3401 880 3445 Dei,
905 3401 956 3437 ita
992 3406 1029 3437 et
1063 3401 1240 3447 injustitia
1256 3411 1346 3447 opus

295 3462 452 3506 diaboli;
485 3467 520 3499 et
542 3463 637 3499 sicut
660 3463 901 3500 mansuetudo
936 3473 1026 3509 opus
1055 3462 1120 3498 Dei
1139 3466 1208 3506 est,
1235 3462 1286 3498 ita
1311 3467 1348 3499 et

296 3525 350 3563 ira
376 3525 433 3562 vel
450 3525 549 3561 furor
579 3535 669 3572 opus
697 3526 744 3562 sit
772 3525 917 3562 diaboli.
940 3524 1161 3572 Cognovisse
1183 3534 1270 3578 ergo
1295 3523 1349 3560 di-

296 3593 426 3625 cuntur
455 3587 598 3624 Domini
629 3587 696 3631 issi,
731 3587 794 3633 qui
821 3586 959 3623 faciunt
982 3597 1072 3633 opus
1092 3586 1182 3633 ejus.
1223 3585 1295 3622 Sed
1313 3589 1350 3622 et

296 3649 384 3687 illud
401 3648 579 3697 quomodo
596 3648 840 3695 praeterimus,
874 3647 970 3694 quod
989 3647 1127 3684 addidit
1150 3656 1160 3683 :
1188 3646 1258 3690 Qui
1290 3657 1348 3682 co-

298 3715 486 3755 gnoverunt
503 3720 607 3756 opera
628 3708 770 3744 Domini
787 3719 928 3755 maqna,
946 3719 1024 3755 quoe
1048 3707 1130 3754 [ecit
1163 3707 1201 3743 in
1217 3705 1344 3743 Israel.

299 3765 394 3812 Quid
405 3768 500 3806 enim
518 3773 602 3806 sunt
618 3769 742 3816 aliqua
759 3767 902 3806 Domini
918 3777 1028 3816 opera
1041 3777 1167 3815 parva,
1189 3765 1234 3804 ad
1261 3775 1347 3814 quo-

1424 2128 1461 2163 in
1496 2133 1610 2162 monte
1643 2127 1827 2173 Ephraim,
1863 2138 1884 2161 a
1912 2125 2173 2172 septentrionali
2206 2125 2310 2171 playa
2348 2126 2476 2161 montis

1424 2187 1531 2225 Gaas.
1559 2189 1747 2235 Omnisque
1787 2188 1850 2223 illa
1881 2188 2056 2235 generatio
2089 2193 2298 2234 conqreyata
2347 2193 2398 2222 est
2431 2186 2476 2222 ad

1423 2254 1536 2294 patres
1555 2259 1650 2283 suos.
1686 2247 1733 2282 Et
1762 2253 1988 2283 surrexerunt
2009 2246 2085 2290 alii,
2118 2247 2178 2293 qui
2212 2258 2280 2283 non
2308 2252 2476 2283 noverant

1422 2306 1624 2351 Dominum,
1656 2313 1688 2343 el
1715 2319 1818 2354 opera
1841 2319 1917 2354 quce
1936 2307 2064 2352 [ecerat
2083 2318 2162 2342 cum
2194 2306 2320 2343 Israel.
2345 2306 2476 2343 Verum

1424 2368 1602 2414 quomodo
1622 2369 1895 2405 instituerai‘nus
1914 2370 1991 2421 lnce
2007 2379 2086 2414 quae
2115 2369 2159 2404 de
2176 2367 2250 2404 filio
2267 2367 2365 2403 Nave
2380 2367 2475 2413 lege-

1422 2430 1568 2474 bantur,
1599 2431 1643 2466 ad
1664 2430 1860 2467 Dominum
1882 2435 2049 2466 nostrum
2068 2429 2191 2466 Jesum
2211 2429 2395 2466 Christum
2418 2437 2476 2464 re-

1421 2490 1518 2527 ferre
1536 2492 1730 2528 videndum
1749 2496 1817 2534 est,
1853 2491 2032 2537 quomodo
2055 2491 2166 2526 etiam
2185 2490 2230 2527 de
2263 2500 2306 2526 eo
2324 2490 2402 2536 ipso
2422 2490 2476 2527 di-

1422 2553 1454 2589 ci
1481 2554 1684 2598 conveniat,
1702 2554 1786 2601 quia
1810 2553 1998 2591 defunctus
2019 2558 2073 2590 est
2091 2552 2207 2589 Jesus.
2221 2552 2296 2599 Ego
2317 2552 2474 2589 arbitror

1422 2615 1619 2651 secundum
1645 2614 1839 2661 Scriptura:
1871 2625 1983 2651 sacrae
2017 2613 2270 2651 auctoritatem
2305 2613 2474 2659 loquens,

1422 2678 1518 2724 quod
1547 2676 1584 2712 in
1617 2676 1832 2722 quibusdam
1849 2676 1937 2712 vivit
1959 2674 2077 2719 Jesus,
2101 2675 2139 2711 in
2158 2675 2372 2721 quibusdam
2387 2683 2475 2710 vero

1421 2737 1609 2774 defunctus
1641 2742 1708 2774 est.
1749 2737 1787 2772 ln
1813 2736 1924 2772 Paulo
1944 2736 2032 2772 vivit
2047 2735 2167 2780 Jesus,
2198 2740 2234 2771 et
2254 2735 2290 2772 in
2310 2735 2417 2771 Petro
2436 2739 2473 2770 et

1421 2799 1457 2834 in
1489 2798 1557 2834 illis
1593 2797 1759 2834 omnibus
1787 2797 1847 2842 qui
1878 2797 2008 2832 merito
2037 2801 2188 2842 possunt
2208 2796 2357 2832 dicere:
2387 2793 2472 2831 Vivo

1420 2859 1509 2894 enim
1521 2859 1598 2904 jam
1618 2869 1687 2893 non
1704 2867 1779 2903 eqo,
1798 2857 1877 2892 vivit
1899 2868 1976 2893 vero
1993 2855 2151 2892 Christus
2168 2867 2204 2891 in
2218 2866 2271 2890 me
2297 2853 2391 2902 (Gal.
2413 2853 2470 2902 ιι).

1420 2918 1465 2954 Et
1490 2918 1621 2953 iterum
1653 2918 1743 2953 dixit
1764 2930 1772 2952 ε
1797 2918 1886 2954 Mihi
1904 2923 2019 2953 autem
2037 2918 2147 2953 vivere
2171 2915 2329 2952 Christus
2349 2921 2412 2960 est,
2439 2921 2474 2953 et

1419 2980 1507 3015 mori
1537 2980 1673 3015 lucrum
1703 2980 1811 3027 (Phil.
1832 2979 1875 3027 1).
1908 2980 1947 3015 In
1976 2978 2055 3014 istis
2082 2987 2167 3025 ergo
2201 2977 2333 3013 talibus
2364 2977 2471 3014 Jesus

1419 3041 1538 3077 vivere
1561 3041 1689 3078 merito
1704 3042 1848 3077 dieitur.
1866 3042 1905 3076 ln
1923 3039 2053 3086 quibus
2067 3045 2189 3075 autem
2205 3037 2398 3075 defunctus
2413 3044 2471 3075 est

1418 3100 1545 3137 Jesus?
1564 3102 1602 3136 ln
1624 3101 1706 3143 iilis,
1737 3101 1814 3136 sine
1834 3100 1955 3143 dubio,
1987 3099 2050 3145 qui
2071 3108 2165 3144 saepe
2182 3097 2413 3144 poenitendo,
2434 3103 2471 3134 et

1418 3161 1549 3196 iterum
1579 3161 1818 3206 delinquendo
1831 3187 1840 3203 ‚
1858 3160 1957 3196 velut
1985 3158 2161 3195 insultare
2180 3157 2290 3193 morti
2314 3156 2399 3194 Jesu
2417 3157 2470 3193 di-

1417 3226 1560 3256 cuntur.
1594 3221 1645 3255 De
1665 3220 1794 3264 quibus
1825 3219 1988 3255 scribens
2008 3218 2054 3252 ad
2072 3217 2241 3252 Hebraeos
2263 3215 2351 3252 dicit
2372 3216 2470 3263 Apo-

1418 3279 1550 3315 stolus:
1567 3279 1718 3313 Rursum
1732 3278 1971 3323 crucifiqentes
1988 3275 2211 3320 sibimetipsis
2235 3272 2371 3310 Filium
2385 3275 2468 3320 Dei,

1416 3345 1448 3376 et
1480 3340 1630 3375 ostentui
1657 3338 1820 3374 habentes
1846 3335 1971 3384 (Hebr.
1992 3335 2058 3382 vi).
2094 3335 2202 3372 Vides
2221 3345 2306 3382 ergo
2325 3336 2411 3383 quia
2429 3337 2468 3374 in

1416 3400 1648 3446 peccantibus
1665 3409 1737 3434 non
1752 3397 1867 3434 solum
1888 3395 2032 3442 defungi
2053 3394 2187 3432 dicitur
2204 3394 2321 3438 Jesus,
2339 3405 2466 3432 verum

1416 3466 1453 3498 et
1466 3460 1625 3507 crucifigi
1645 3459 1690 3495 ab
1706 3459 1758 3495 cis
1775 3457 1966 3500 asseritur,
1987 3460 2023 3492 et
2041 3454 2168 3491 illudi?
2185 3454 2255 3490 Sed
2277 3459 2312 3490 et
2328 3459 2366 3490 tu
2386 3454 2464 3502 ipse

1417 3521 1604 3558 considera
1629 3519 1723 3566 apud
1751 3523 1798 3554 te.
1845 3516 1884 3552 Si
1913 3515 2057 3562 qnando
2074 3515 2117 3552 de
2136 3514 2288 3550 avaritia
2312 3515 2463 3560 cogitas,

1416 3588 1452 3620 et
1468 3581 1568 3628 cupis
1593 3581 1708 3617 aliena
1733 3579 1900 3625 diripere,
1917 3577 2087 3623 nunquid
2104 3579 2207 3623 potes
2225 3575 2359 3620 dicere,
2378 3575 2464 3621 quia

1414 3643 1504 3679 vivit
1519 3641 1685 3679 Christus
1708 3639 1745 3676 in
1763 3639 1820 3674 te?
1838 3638 1910 3674 Aut
1928 3638 1959 3674 si
1987 3638 2030 3674 de
2059 3641 2186 3682 stupro
2205 3633 2411 3681 stipularis,
2430 3634 2463 3672 si
2504 3636 2519 3686 f

1413 3702 1536 3739 furore
1565 3699 1774 3747 exagitaris,
1807 3698 1837 3735 si
1868 3698 1982 3735 livore
2001 3695 2245 3739 succenderis,
2280 3695 2310 3731 si
2327 3694 2460 3732 invidia

1412 3760 1626 3807 stimulat-1⁵,
1659 3759 1691 3800 si
1710 3758 1920 3797 temulentia
1945 3754 2194 3815 debaccharis,
2206 3754 2258 3812 ⁷„si
2271 3807 2280 3812 ι
2292 3753 2460 3807 superbia
