2540 4016
277 198 341 234 511

686 189 726 223 B.
754 187 922 223 RABANI
946 188 1094 227 MAURI
1119 188 1332 226 ARCHIEP.
1359 156 1568 226 MOGUNT.
1593 189 1782 230 OPERUM
1804 192 1924 232 PARS
1949 195 1977 232 1.

2361 199 2433 240 512
2482 211 2483 214 ’

271 277 308 308 et
323 268 471 312 reliqua.
499 265 600 309 Quod
619 267 736 299 autem
755 262 846 298 dixit
863 272 873 298 ε
891 263 922 297 Α
941 254 1081 311 vespero
1116 275 1230 310 usque
1261 266 1308 301 ad
1326 269 1362 309 Α
1379 263 1556 303 habitatio
1575 274 1643 312 est,
1665 269 1760 307 sieut
1777 271 1910 309 Paulus
1925 273 2002 309 ait:
2023 272 2134 320 cupio
2151 273 2294 313 dissolvi
2313 284 2346 314 et
2359 291 2434 317 esse
2490 266 2496 279 ‘

269 338 457 374 vesperum,
478 330 601 372 aperte
629 321 781 358 volentis
811 327 868 358 est
886 332 1030 369 semper
1049 324 1313 370 superfluorum

265 391 302 424 et
318 396 494 422 vanorum
513 382 732 420 vacationem
759 381 909 423 studeri,
945 382 1041 418 unde
1069 388 1107 419 et
1138 383 1312 423 Dominus

264 457 329 482 nec
342 456 487 483 causam
505 445 622 480 dicere
635 440 799 477 concedit
815 443 1010 488 :praecepit
1023 444 1120 480 enim
1134 456 1250 493 neque
1267 450 1310 486 de

263 507 396 549 tunica,
416 513 529 548 neque
548 503 590 538 de
608 505 707 537 veste
720 500 869 546 litigari,
887 501 951 537 sed
969 513 1038 540 nee
1051 506 1204 552 eogitari
1223 509 1309 554 quid

261 567 477 606 comedatur,
488 567 549 598 aut
569 561 653 607 quid
673 562 830 605 bibatur,
855 570 918 599 aut
931 566 1234 615 quidvestiatur3
1250 582 1308 608 ve-

258 635 337 660 rum
363 625 437 668 ipse
465 623 595 658 docens
618 627 654 656 et
679 621 912 659 sabbatorum
937 628 1156 665 annuntians
1180 631 1309 667 sabba-

258 687 344 724 tum,
364 681 399 715 in
415 691 484 726 quo
509 690 614 716 omne
628 690 718 726 opus
743 687 875 724 cessat,
897 689 934 719 et
948 684 1023 720 sola
1041 696 1121 732 quae
1140 688 1205 726 Dei
1223 697 1307 728 sunt

254 744 498 785 ostenduntur,
519 743 593 779 sola
616 744 845 790 corriguntur
870 757 950 792 quae
976 749 1078 786 utilia
1100 757 1306 803 sumatque

255 804 448 850 expediunt
471 803 608 839 animae.
637 803 809 850 Sequitur
829 819 837 842 ι

302 865 349 901 Et
370 865 504 901 locutus
532 871 580 900 est
600 864 772 902 Dominus
795 868 841 903 acl
877 868 1023 916 Moysen
1055 873 1174 909 dicens
1200 884 1212 908 .·
1237 874 1306 910 Lo·

255 937 358 974 quere
385 926 467 971 filiis
494 925 607 960 Israel
621 938 633 960 .·
651 926 681 960 Α
701 928 958 972 quintodecimo
979 932 1035 967 die
1055 934 1182 970 mensis
1198 935 1305 980 hujus

250 987 405 1032 septimi,
441 991 539 1020 erunt
559 986 657 1031 serite
685 987 994 1027 tabernaculorum
1015 1000 1143 1039 septem
1183 995 1303 1031 diebus

251 1045 421 1088 Domino;
441 1045 512 1080 dies
544 1046 677 1091 primus
712 1048 892 1084 vocabitur
926 1050 1170 1089 celeberrimus
1200 1061 1302 1101 atque

248 1104 495 1139 sanctissimus.
537 1103 645 1140 Omne
681 1117 765 1151 opus
801 1109 923 1144 servile
958 1122 1027 1147 non
1062 1113 1197 1158 facietis
1215 1141 1224 1157 ‚
1269 1121 1302 1150 et

1381 337 1459 362 cum
1482 325 1619 365 Christo
1642 329 1752 378 (Phil.
1775 331 1818 380 1).
1836 333 1950 371 Omne
1965 344 2054 381 opus
2075 335 2206 372 servile
2231 347 2303 374 non
2324 338 2435 378 facie-

1379 397 1472 431 mus,
1491 389 1576 435 quia
1605 391 1696 426 sicut
1714 393 1829 439 anyeli
1845 393 1911 430 Dei
1929 400 2090 441 tempore
2117 396 2179 433 illo
2197 397 2340 435 erimus.
2362 399 2435 438 Sed

1378 450 1414 481 et
1431 446 1501 484 hoc
1516 453 1602 485 nota
1621 451 1801 496 quomodo
1821 454 1947 490 eadem
1966 455 2011 491 de
2031 456 2149 501 primo
2170 461 2206 492 et
2221 462 2351 495 octavo
2381 460 2434 496 di-

1377 511 1451 550 cit,
1494 509 1579 554 quia
1611 521 1724 546 unum
1770 513 2036 558 quodammodo
2085 521 2247 563 utraeque
2283 518 2435 557 virtutes
2492 533 2500 544 ·

1376 573 1460 602 sunt
1482 580 1490 603 :
1517 570 1796 607 resurrectionis
1821 574 1952 618 quippe
1980 575 2072 619 dies,
2087 586 2167 622 quae
2185 583 2241 614 est
2266 579 2434 616 substan-

1375 625 1427 661 tia
1444 626 1556 663 futuri
1580 630 1717 672 saeculi,
1735 631 1951 678 initiumque
1974 633 2052 679 ejus
2069 641 2106 672 et
2129 636 2239 674 basis.

1420 684 1563 722 Primus
1577 687 1722 732 quidem
1738 689 1830 726 sicut
1843 691 2060 739 principium
2072 695 2107 731 in
2124 696 2269 734 Christo
2283 710 2431 737 eonver‘

1374 746 1524 783 sationis
1544 753 1579 784 et
1597 750 1784 786 exordium
1807 751 2011 790 futurorum
2030 761 2099 800 est,
2116 764 2265 796 octavus
2291 765 2428 806 autem,

1372 812 1413 842 ut
1431 798 1491 852 ciui
1509 810 1677 853 praesenti
1696 812 1858 848 succedit
1873 814 2018 859 saeculo,
2040 827 2148 863 quem
2168 821 2342 866 septimus
2363 833 2430 858 nu-

1372 877 1493 904 merus
1510 868 1667 915 figurare
1687 871 1833 908 dicitur.

1419 928 1487 965 11ae
1502 937 1582 966 sunt
1606 931 1704 977 serice
1721 932 1877 978 Domini,
1903 946 1989 981 quas
2005 938 2171 974 vocabitis
2189 939 2430 978 celeberrimas

1372 994 1475 1036 atq-ue
1494 992 1733 1028 sanctissimas
1747 1020 1756 1036 ,
1785 995 2005 1043 offeretisque
2022 998 2058 1032 in
2080 999 2128 1033 eis
2150 998 2340 1036 oblationes
2358 1001 2429 1037 Do-

1371 1050 1479 1093 mino,
1504 1051 1710 1088 holocausta
1729 1059 1761 1088 et
1782 1054 1986 1099 libamenta,
2001 1064 2107 1103 Juxta
2131 1060 2237 1094 ritum
2261 1062 2430 1097 uniuscu-

1365 1109 1497 1156 jusque
1516 1111 1598 1155 diei,
1620 1114 1837 1160 exceptisque
1862 1115 2015 1151 sabbatis
2031 1117 2175 1153 Domini
2190 1119 2357 1167 donisque
2372 1133 2429 1157 ve-

247 1170 373 1209 septem
390 1164 507 1199 (liebus
528 1165 678 1209 offeretis
701 1167 906 1205 holocausta
922 1170 1086 1208 Domino.
1108 1174 1189 1210 Dies
1210 1187 1295 1222 quo-
1313 1169 1344 1207 B
1363 1171 1458 1214 stris,
1475 1177 1505 1206 05
1533 1183 1611 1217 ‘lust'
1626 1173 1778 1218 Offffl'sslis
1798 1182 1933 1210 excato
1945 1203 1953 1217 ν
1971 1176 2022 1211 vel
2039 1188 2117 1223 ‘12⁴oe
2131 1186 2251 1224 ⁸P⁰71te
2269 1180 2427 1216 tribuens

247 1235 310 1269 que
334 1230 471 1259 octavus
498 1225 561 1259 erit
594 1224 835 1264 celeberrimus
869 1236 972 1278 atque
994 1234 1235 1270 sanctissimus
1264 1242 1295 1271 et

247 1285 395 1330 offeretis
419 1279 661 1322 holocaustum
679 1287 829 1324 Domino
847 1300 859 1324 .·
876 1291 941 1327 Est
956 1294 1049 1328 enim
1069 1301 1175 1330 coelus
1193 1302 1296 1343 atque

246 1344 420 1381 collectae:
442 1357 538 1382 omne
559 1357 644 1393 opus
673 1350 795 1385 servile
826 1362 894 1387 non
930 1353 1067 1398 facietis
1085 1357 1122 1390 in
1146 1367 1199 1392 eo,
1230 1358 1296 1394 Hic

244 1415 412 1450 superare
438 1407 659 1452 ¹sapientiam
700 1412 820 1447 saeculi
856 1419 892 1448 et
932 1416 1182 1452 transitorium
1219 1417 1296 1463 ejus

243 1474 359 1507 nosse,
385 1471 420 1501 et
451 1468 660 1512 temporale,
681 1480 752 1505 non
772 1472 886 1507 solum
916 1474 967 1509 ait
986 1474 1230 1521 legislatorem
1247 1479 1296 1514 si-

241 1523 421 1569 gnificat-e,
444 1527 506 1562 sed
536 1533 572 1563 et
593 1534 760 1574 oportere
788 1531 930 1568 oculum
957 1534 1092 1571 habere
1112 1537 1156 1572 ad
1179 1547 1294 1574 saecu-

240 1582 310 1619 lum
330 1583 502 1622 futurum.

282 1645 358 1682 Hoc
391 1657 476 1694 ergo
503 1655 539 1684 et
567 1660 633 1695 per
667 1663 857 1689 numerum
892 1660 928 1691 et
949 1666 1014 1702 per
1044 1657 1291 1702 tabernacula,

237 1705 313 1742 sine
334 1707 453 1754 aliqua
482 1709 717 1756 dubitatione,
741 1714 902 1751 invenies
924 1716 1130 1763 figuratum.
1148 1719 1294 1763 Quinta-

236 1766 373 1804 decima
400 1770 578 1816 siquidem
597 1772 654 1808 die
669 1774 831 1811 inchoari
853 1776 1087 1814 festivitatem
1106 1782 1288 1827 praecepit.

236 1828 288 1865 Ex
308 1835 443 1876 septem
462 1837 582 1869 autem
596 1839 632 1869 et
655 1840 738 1871 octo
765 1837 824 1873 hic
842 1844 897 1874 est
916 1850 1090 1876 numerus
1110 1842 1293 1888 compesia

239 1893 310 1932 tus,
345 1900 497 1936 quorum
523 1904 616 1930 unus
643 1896 788 1940 quidem
813 1907 974 1943 praesens
993 1901 1176 1945 saeculum,
1203 1903 1294 1940 alter

238 1955 355 1986 autem
373 1951 503 1999 figurat
518 1953 691 1991 futurum.
715 1956 816 1994 Unde
835 1963 871 1994 et
891 1959 1127 1997 festivitatem
1155 1968 1292 2008 septem

239 2010 363 2049 diebus
380 2018 622 2053 consummari
636 2019 866 2066 praeeipiens,
886 2021 977 2058 alios
996 2033 1123 2059 rursus
1136 2026 1212 2061 dies
1231 2036 1291 2062 ce-

1366 1232 1529 1268 Domino.
1557 1233 1644 1269 Vide
1661 1234 1739 1270 illas
1757 1235 1983 1280 Apostolicas
2003 1248 2112 1274 voces
2140 1252 2147 1274 :
2176 1238 2319 1286 Semper
2338 1253 2427 1286 qau-

1365 1291 1461 1334 dete,
1499 1294 1573 1328 sine
1604 1294 1859 1331 intermissione
1887 1303 2001 1340 orate,
2032 1298 2068 1333 iu
2104 1299 2262 1335 omnibus
2295 1303 2426 1347 gratias

1364 1352 1468 1397 ayite.
1479 1352 1643 1389 Consona
1653 1354 1821 1391 videntur
1830 1366 1909 1393 esse
1926 1358 2002 1393 haec
2015 1360 2252 1403 praesentibus
2262 1360 2426 1398 Mosaicae

1363 1414 1560 1449 sanctionis
1572 1416 1703 1451 verbis.
1715 1416 1807 1452 Ecce
1822 1417 1918 1453 enim
1928 1417 2142 1455 festivitates
2156 1421 2326 1465 quasdam
2337 1432 2427 1467 prae-

1363 1473 1487 1518 cipuas
1499 1474 1681 1520 legislator
1690 1485 1887 1521 exponens,
1898 1487 1986 1522 quas
2001 1484 2037 1514 et
2053 1480 2308 1518 celeberrimas
2318 1488 2426 1529 atque

1363 1538 1507 1569 sanetas
1522 1535 1733 1578 nominavit,
1744 1537 1954 1581 permiscuit
1970 1538 2023 1574 eis
2038 1540 2245 1584 quotidiana
2255 1541 2426 1578 libamina

1362 1599 1399 1629 et
1431 1595 1608 1630 sacrificia
1631 1607 1638 1630 :
1669 1595 1736 1631 11oe
1764 1602 1845 1631 sunt
1867 1598 1985 1640 enim,
2014 1598 2145 1644 inquit,
2167 1600 2264 1645 serice
2286 1601 2425 1637 Domini

1361 1665 1448 1700 quas
1483 1657 1646 1692 vocabitis
1680 1657 1918 1694 celeberrimas
1954 1666 2057 1707 atque
2090 1663 2342 1699 sanctissimas.
2364 1665 2425 1706 „Et

1362 1725 1444 1751 cum
1472 1723 1656 1763 oporteret
1673 1719 1767 1754 hanc
1785 1725 1847 1755 aut
1872 1719 1971 1756 illam
2002 1722 2135 1767 dicere,
2157 1735 2231 1760 non
2248 1725 2299 1762 sic
2316 1726 2422 1770 dixit,

1362 1777 1425 1812 sed
1442 1778 1600 1814 subdidit
1621 1790 1628 1814 :
1652 1778 1881 1826 Offeretisque
1906 1781 1942 1816 in
1971 1782 2020 1817 eis
2049 1782 2239 1820 oblationes
2271 1785 2422 1822 Domino

1362 1830 1565 1875 holocausta
1593 1846 1624 1875 et
1661 1840 1848 1877 libamenta
1869 1843 1974 1888 juxta
2008 1844 2114 1879 ritum
2147 1846 2423 1894 uniuscujusque

1361 1900 1444 1936 diei.
1478 1902 1522 1937 Et
1539 1902 1616 1947 ipse
1647 1912 1713 1938 nos
1749 1903 1907 1950 gaudere.
1939 1910 1975 1940 et
1997 1904 2230 1941 festivitatem
2250 1917 2358 1953 agere
2385 1912 2422 1943 et

1361 1962 1439 1997 sine
1458 1963 1725 2000 intermissione
1751 1973 1858 2000 orare
1877 1965 1953 2001 vult
1972 1978 1980 2001 :
2003 1966 2073 2002 hoc
2093 1971 2148 2003 est
2176 1967 2272 2003 enim
2303 1969 2421 2014 quoti-

1361 2022 1466 2058 diana
1484 2023 1623 2069 libatio,
1650 2031 1686 2061 et
1705 2026 1924 2063 sacrificium
1956 2028 2031 2064 sive
2051 2028 2299 2065 holocaustum
2312 2057 2321 2073 ,
2341 2041 2420 2075 quae
2442 2030 2447 2034 ’

237 2069 448 2109 leberrimos
476 2080 581 2121 atque
611 2079 860 2117 sanctissimos
896 2086 1222 2129 commemoravit,
1253 2092 1290 2123 et
1308 2072 1337 2113 C
1359 2088 1444 2120 tunc
1470 2084 1599 2121 offerre
1616 2096 1809 2131 possumus
1825 2114 1835 2131 ‚
1866 2088 2009 2133 quando
2030 2098 2184 2134 corpora
2211 2095 2335 2125 nostra
2355 2089 2419 2125 ho-

236 2138 305 2165 nec
323 2130 568 2170 denumeravit
587 2146 667 2173 eam
697 2149 780 2175 cum
804 2146 963 2186 septem;
987 2144 1050 2180 sed
1080 2146 1200 2190 posuit
1230 2157 1289 2182 se-

236 2196 402 2234 quentem
419 2198 454 2229 et
475 2202 650 2234 semotam
669 2200 714 2235 ab
730 2201 822 2244 aliis,
838 2203 1104 2240 sicut‘l'uturum
1120 2207 1290 2243 saeculum

236 2251 397 2296 sequitur
409 2255 551 2299 quidem
573 2269 747 2304 praesens,
760 2262 857 2298 aliud
874 2270 995 2300 autem
1011 2275 1120 2311 quam
1138 2266 1207 2302 hoc
1221 2273 1287 2303 est.

235 2307 377 2355 Septem
417 2323 502 2362 ergo
531 2317 657 2354 diebus
690 2319 924 2358 festivitatem
972 2324 1290 2362 tabernaculorum

233 2373 420 2416 appellavit
439 2387 447 2411 2
481 2378 686 2424 quicunque
707 2381 803 2417 enim
816 2409 826 2425 ,
847 2388 887 2419 ut
914 2383 1165 2431 tabernaculo,
1201 2398 1290 2433 prae-

233 2436 484 2473 sentemundo
504 2439 630 2482 utitur,
649 2439 708 2477 hic
733 2441 967 2480 testivitatem
983 2445 1019 2481 in
1038 2457 1080 2482 eo
1099 2447 1235 2484 habere
1253 2455 1290 2485 et

233 2489 345 2527 laetari
364 2501 512 2541 propter
527 2497 641 2535 futuri
658 2503 966 2546 exspectationem
986 2511 1116 2550 potest.
1145 2507 1191 2544 Et
1209 2508 1289 2554 qui-

234 2559 372 2596 cunque
389 2555 468 2599 scit,
480 2557 562 2603 quia
577 2560 606 2594 si
622 2565 768 2596 terrena
787 2563 914 2599 domus
932 2565 1166 2603 habitationis
1182 2568 1288 2615 hujus

234 2608 460 2657 dissolvatur,
488 2618 679 2656 aedificatio
700 2631 772 2657 non
787 2632 894 2658 manu
917 2623 1012 2659 sacta
1029 2635 1112 2660 eum
1128 2626 1165 2662 in
1186 2627 1288 2664 eoelis

235 2671 394 2715 suscipit.
404 2672 562 2709 Primam
574 2683 696 2713 autem
711 2686 847 2725 septem
860 2682 1001 2718 dierum
1013 2684 1287 2722 celeberrimam

236 2734 343 2772 atque
375 2733 639 2770 sanctissimam
654 2740 847 2782 appellavit
874 2755 881 2777 :
904 2745 965 2787 qui
989 2746 1086 2780 enim
1110 2747 1178 2782 seit
1196 2758 1288 2793 prae-

234 2788 396 2823 sentibus
416 2794 586 2837 tanquam
615 2794 846 2835 tabernaculo
866 2802 918 2836 uti
935 2807 946 2844 ‚⁴
983 2805 1100 2847 prima
1130 2806 1219 2849 dies,
1251 2808 1288 2844 id

234 2854 303 2892 est,
338 2849 480 2887 initium
506 2858 541 2888 et
567 2855 783 2901 principium
811 2870 831 2895 a
863 2863 1149 2901 sanctificatione
1180 2860 1287 2904 voca-

234 2908 342 2945 tionis
361 2911 498 2957 incipit.
519 2913 715 2960 Propterea
737 2924 773 2953 et
801 2919 908 2956 nimis
934 2931 1197 2968 consequenter
1211 2929 1283 2963 ait:

235 2968 346 3005 Omne
363 2982 448 3016 opus
468 2973 589 3008 servile
615 2986 684 3010 non
712 2976 868 3021 facietis,
893 2981 977 3025 quia
997 2983 1085 3017 nulli
1100 2985 1136 3018 in
1155 2987 1285 3023 saeculo

234 3030 395 3066 serviunt
411 3032 471 3076 qui
489 3038 658 3079 tanquam
677 3037 948 3077 tabernaculum
970 3047 1007 3078 et
1025 3045 1230 3081 transitoria
1246 3058 1288 3083 ea

233 3099 314 3134 quae
333 3091 370 3127 in
391 3102 434 3128 eo
452 3099 536 3129 sunt
560 3095 761 3134 intendunt.

282 3149 353 3186 Sed
371 3157 408 3187 ct
430 3160 568 3199 septem
595 3156 720 3194 diebus
738 3159 945 3198 holocausta
962 3164 1083 3201 offerri
1100 3169 1285 3215 praecepit,

232 3211 423 3247 ostendens
443 3222 610 3260 oportere
620 3227 685 3263 per
703 3229 810 3256 omne
830 3227 969 3269 tempus
986 3225 1186 3271 perfectam
1200 3239 1287 3264 con-

230 3273 473 3322 versationem
496 3277 619 3322 sequi;
645 3281 789 3325 quando
807 3293 892 3330 ergo
913 3285 965 3322 sie
983 3294 1199 3331 praesentem
1231 3290 1285 3325 vi-

231 3335 306 3368 tam
327 3336 586 3381 percurrimus,
605 3343 689 3377 tunc
715 3341 991 3382 celeberrimum
1010 3353 1118 3394 atque
1132 3351 1285 3387 sanetis-

232 3389 362 3428 simum
390 3399 557 3432 octavum
578 3397 687 3442 diem,
718 3402 887 3440 saeculum
921 3405 1088 3444 videlieet
1121 3407 1284 3446 futurum

234 3448 420 3496 hahemus,
436 3463 588 3493 vocante
602 3468 668 3495 nos
695 3459 733 3496 in
750 3469 951 3510 praeparata
971 3468 1107 3504 sanctis
1128 3469 1223 3506 bona
1241 3480 1285 3507 eo

233 3511 294 3556 qui
305 3521 369 3548 nos
377 3518 413 3549 et
426 3514 462 3550 in
475 3514 543 3552 hac
557 3521 830 3559 conversatione
847 3525 1002 3562 vocavit.
1021 3527 1111 3564 Nam
1135 3528 1284 3575 Septua-

233 3569 330 3614 ginta
341 3571 393 3608 sic
402 3573 591 3612 ediderunt
607 3587 616 3612 :
630 3578 712 3615 Dies
726 3588 868 3619 octavus
882 3585 1013 3623 vocalis
1023 3614 1032 3631 ,
1048 3596 1191 3626 sanctus
1202 3591 1282 3627 erit.

235 3628 335 3682 Jl'unc
361 3643 448 3680 ergo
463 3635 646 3675 offerimus
672 3640 919 3681 holocaustum
938 3646 1107 3694 Domino,
1123 3661 1204 3696 quae
1225 3651 1285 3688 hic

234 3697 554 3739 praeparaverimus
573 3712 581 3736 :
608 3701 671 3737 Est
689 3705 780 3740 enim
803 3713 908 3743 coetus
923 3715 1026 3755 atque
1041 3710 1207 3757 collectoe,
1226 3712 1284 3749 vel

236 3748 330 3806 sicut
343 3751 592 3805 Septuaginta,
601 3771 758 3807 egressus
773 3771 836 3812 est,
855 3767 941 3813 quia
957 3767 1041 3806 hinc
1054 3770 1187 3818 exitus,
1208 3771 1283 3811 illie

1360 2145 1466 2181 stiam
1500 2146 1618 2181 vivam
1649 2147 1723 2184 Deo
1744 2148 2030 2193 exhibuerimus,
2051 2155 2088 2185 et
2108 2150 2271 2186 membra
2294 2155 2418 2186 nostra

1360 2215 1439 2251 quae
1469 2212 1551 2242 sunt
1577 2217 1682 2253 super
1703 2214 1839 2245 terram
1857 2210 2210 2255 mortificaverimus,
2228 2212 2419 2257 paratique

1359 2267 1533 2303 fuerimus
1558 2268 1611 2304 ire
1646 2271 1691 2305 ad
1725 2270 1851 2315 Deum,
1879 2283 1961 2308 cum
1994 2271 2107 2309 Paulo
2127 2273 2316 2323 dicentes:
2341 2273 2418 2320 qu

1358 2329 1449 2363 enim
1464 2329 1543 2374 jam
1566 2329 1714 2374 delibor,
1735 2338 1767 2367 et
1787 2338 1921 2379 tempus
1945 2333 2168 2370 resolutionis
2186 2345 2271 2370 meoe
2294 2335 2416 2371 instat.

1358 2388 1447 2424 Nam
1467 2396 1614 2436 propter
1633 2391 1702 2427 hoe
1720 2392 1857 2428 addidit
1876 2405 1883 2427 :
1908 2393 2140 2439 Exceptisque
2167 2394 2320 2430 sabbatis
2349 2394 2418 2430 Do-

1356 2450 1456 2493 mini,
1473 2451 1641 2497 donisque
1658 2453 1794 2494 vestris,
1808 2459 1839 2488 et
1855 2465 1932 2499 quse
1949 2455 2082 2499 offertis
2099 2466 2142 2490 ea·
2156 2461 2247 2498 voto,
2269 2456 2321 2491 vel
2339 2468 2417 2502 quw

1356 2517 1476 2558 sponte
1509 2512 1660 2548 tribuitis
1695 2513 1865 2556 Domino,
1900 2520 2024 2561 aperte
2044 2515 2131 2551 illud
2153 2515 2310 2559 tradens,
2330 2518 2414 2563 quia

1356 2581 1464 2616 super
1486 2571 1761 2608 declinationem
1780 2574 1958 2610 malorum
1981 2574 2065 2621 (hoc
2093 2576 2189 2610 enim
2210 2581 2266 2611 est
2288 2577 2416 2613 sabba-

1355 2631 1467 2678 tum),
1500 2637 1536 2668 et
1560 2642 1666 2678 super
1692 2633 1782 2669 alias
1796 2632 1958 2678 justitias
1993 2645 2084 2680 quas
2119 2635 2194 2672 Deo
2218 2638 2415 2675 secundum

1356 2696 1496 2736 tempus
1516 2692 1762 2737 promittimus
1785 2703 1794 2727 :
1821 2693 2017 2740 aliquando
2041 2695 2138 2732 enim
2162 2696 2196 2732 ei
2221 2695 2412 2742 ieiunium,

1356 2753 1547 2798 aliquando
1567 2755 1837 2799 possessionum
1855 2757 2095 2801 oblationem,
2118 2758 2174 2793 vel
2194 2758 2229 2793 in
2245 2758 2413 2803 perieulis

1355 2814 1582 2850 venientibus
1608 2816 1712 2852 nobis
1735 2817 1793 2852 vel
1812 2817 2015 2854 voluntarie
2038 2819 2299 2864 promittimus.

1401 2874 1430 2907 Α
1450 2875 1570 2920 quinto
1604 2875 1736 2911 decimo
1761 2889 1840 2924 erqo
1865 2878 1920 2914 die
1950 2880 2078 2915 mensis
2110 2880 2247 2926 septimi
2273 2880 2412 2927 quando

1356 2935 1643 2978 conyreqaveritis
1665 2947 1781 2973 omnes
1814 2938 1949 2981 fructus
1973 2945 2076 2976 terrae
2108 2945 2242 2983 vestrm,
2261 2939 2414 2976 celebra-

1356 2991 1434 3027 bitis
1468 2992 1575 3037 ferias
1603 2994 1746 3032 Domini
1770 3005 1897 3045 septem
1924 3000 2059 3035 diebus.
2079 3000 2145 3036 Die
2170 3001 2282 3047 primo
2306 3006 2338 3036 et
2356 3001 2413 3037 die

1355 3057 1473 3087 octavo
1497 3054 1562 3088 erit
1582 3055 1778 3101 sabbatum,
1799 3059 1836 3094 id
1858 3065 1924 3104 est,
1947 3061 2094 3107 requies.
2117 3059 2336 3107 Sumetisque
2354 3071 2413 3097 vo-

1355 3110 1406 3145 bis
1425 3111 1481 3147 die
1516 3114 1627 3159 primo
1659 3116 1793 3162 [ructus
1822 3119 1960 3157 arboris
1994 3121 2261 3168 pulcherrimae,
2292 3127 2412 3168 spatu-

1353 3170 1471 3217 lasque
1486 3173 1698 3219 palmarum,
1716 3183 1747 3212 ει
1766 3189 1882 3214 ramos
1898 3179 1982 3225 liyni
2013 3181 2202 3218 densarum
2218 3181 2410 3227 frondium,

1352 3236 1383 3264 ει
1400 3231 1523 3267 salices
1543 3234 1764 3278 deterrente,
1774 3243 1804 3271 et
1820 3237 2026 3275 loetabimini
2039 3252 2158 3277 coram
2172 3241 2323 3277 Domino
2337 3240 2410 3276 Deo

1352 3297 1480 3334 vestro,
1502 3292 1782 3340 celebrabitisque
1803 3296 2058 3333 solemnitatem
2081 3300 2158 3345 ejus
2184 3308 2314 3347 septem
2338 3301 2411 3337 die-

1354 3349 1416 3385 bus
1443 3361 1504 3395 per
1522 3361 1666 3386 annum.
1700 3351 1909 3398 Leyitimum
1932 3357 2180 3402 sempiternum
2208 3360 2275 3394 erit
2293 3360 2330 3394 in
2351 3370 2410 3404 qe-

1353 3410 1589 3446 nerationibus
1614 3411 1754 3455 vestris,
1786 3423 1902 3448 mense
1936 3415 2080 3461 septimo
2106 3415 2197 3461 festa
2223 3415 2409 3452 celebrabi-

1353 3470 1397 3505 tis
1416 3496 1426 3512 ‚
1466 3475 1499 3506 et
1535 3470 1739 3506 habitabitis
1774 3471 1812 3506 in
1848 3472 2063 3510 umbraculis
2105 3481 2233 3522 septem
2271 3475 2406 3514 diebus.

1354 3530 1478 3567 Omnis
1495 3532 1555 3580 qui
1581 3543 1625 3569 ea>
1653 3543 1776 3580 qenere
1799 3539 1850 3570 est
1875 3534 1990 3572 Israel
2012 3537 2163 3574 manebit
2183 3540 2220 3575 in
2242 3540 2407 3577 taberna-

1352 3592 1454 3636 culis,
1475 3598 1514 3628 ut
1540 3592 1679 3630 discant
1706 3595 1835 3640 posteri
1860 3597 1964 3632 vestri
1981 3597 2075 3644 quod
2101 3599 2138 3634 in
2172 3596 2405 3637 tabernaculis

1351 3652 1510 3688 babitare
1529 3653 1670 3698 fecerim
1692 3653 1786 3699 filios
1815 3653 1929 3692 Israel
1959 3667 2037 3692 cum
2066 3658 2247 3696 educerem
2275 3670 2334 3696 eos
2362 3659 2406 3696 de

1350 3718 1445 3749 terra
1458 3711 1690 3760 AEqypti,se90
1699 3713 1871 3751 Dominus
1879 3716 1974 3752 Deus
1989 3723 2111 3754 vester.
2122 3718 2342 3766 Locutusque
2353 3724 2405 3756 est

1351 3772 1491 3821 Moyses
1510 3784 1616 3822 super
1630 3773 1910 3813 solemnitatibus
1926 3775 2082 3824 Domini,
2106 3777 2152 3815 ad
2164 3777 2258 3825 filios
2274 3777 2419 3839 Israel..
