2540 4016
60 323 200 361 §tabens
218 322 317 371 (Luc.
336 321 434 370 xix);
461 331 529 358 nec
553 321 611 358 cui
639 321 737 357 dicat
756 333 764 356 :
786 320 890 356 Intra
904 320 942 356 in
956 320 1126 366 qaudium

58 385 202 421 domim·
216 385 267 420 tui
283 382 430 432 (lbid.);
447 383 509 420 sed
519 383 577 420 eui
596 382 694 419 dicat
712 381 858 419 :Sedete
876 387 909 418 et
918 393 976 418 vos
990 392 1126 417 mecum

61 455 174 490 super
195 443 380 479 duodecim
399 443 541 479 thronos
558 469 568 487 ,
591 442 792 489 judicantes
812 441 996 478 duodecim
1014 441 1126 477 tribus

60 501 185 539 llsrael
199 502 301 548 (Luc.
326 502 418 549 xxn)
434 529 443 545 ,
471 507 508 538 et
529 502 572 538 de
589 502 720 548 quibus
740 501 836 538 dicat
855 513 864 538 :
887 499 996 537 Pater
1010 528 1020 545 ,
1049 500 1124 537 volo

59 568 106 598 tut
124 562 183 597 ubi
202 573 280 597 sum
306 573 381 608 eqo,
407 569 440 598 et
466 564 525 599 isti
545 564 614 599 sint
639 574 775 599 mecum
799 561 920 610 (Ioan.
940 561 1058 610 xvn);
1089 567 1126 598 et

0 641 9 656 ,-
57 622 179 659 tetiam
198 620 289 657 istos
315 632 396 658 esse
416 633 520 669 reges
536 629 576 659 ut
598 624 660 660 ubi
687 633 753 670 ego
773 634 853 660 sum
882 633 947 660 rex
969 633 1093 670 regum
1111 635 1120 667 ;

0 701 8 709 ·
60 682 150 719 =volo
180 687 217 718 et
243 682 332 718 istos
359 683 494 719 habere
522 684 820 728 dominationem,
847 689 889 720 ut
904 690 941 721 et
960 695 1027 731 ego
1045 695 1124 720 sum

0 742 3 750 '
58 743 241 780 {Dominus
268 743 558 780 dominantium?
585 744 688 780 Beati
723 745 785 791 qui
820 745 865 781 ad
891 745 986 780 hanc
998 754 1125 789 perve-

58 802 168 839 ‚nient
206 802 467 838 beatitudinem
512 814 702 839 summam.
737 804 837 840 Beati
875 804 938 850 qui
973 803 1019 839 ad
1054 803 1123 838 ista

0 886 2 896 ,
56 862 348 899 ‘conscenderint
385 862 531 909 fastigia
566 864 779 900 meritorum
806 875 814 898 ε
841 867 878 898 et
912 861 1122 898 benedictus

58 922 162 959 lDeus
179 929 303 960 noster
316 924 378 970 qui
394 925 471 960 haec
486 925 651 970 promisit
665 923 895 970 diligentibus
910 933 961 958 se.
978 922 1023 957 Hi
1041 928 1124 958 sunt

56 993 151 1019 *vere
170 983 258 1029 ipsis
293 983 406 1019 sacris
434 984 595 1020 numer1s
630 982 812 1018 numerati
843 981 939 1026 apud
975 981 1089 1016 Deum
1110 1007 1120 1025 ‚

66 1043 139 1079 imo
158 1044 226 1089 ipsi
246 1050 329 1079 sunt
345 1054 500 1088 quorum
518 1045 626 1079 etiam
643 1043 763 1090 capilli
784 1042 913 1088 capitis
939 1043 1121 1079 numerati

66 1108 148 1138 sunt
163 1111 227 1147 per
245 1101 368 1139 Jesum
384 1102 569 1139 Christum
588 1103 780 1139 Dominum
804 1107 982 1139 nostrum.

474 1175 626 1212 CAPUT
651 1175 722 1212 XL·

408 1222 460 1259 De
480 1223 622 1258 urbibus
641 1223 780 1268 resuqii.

113 1282 210 1329 (Car.
245 1282 372 1330 xxxv.)
408 1283 464 1317 Ait
493 1283 664 1318 Dominus
699 1283 744 1317 ad
777 1281 948 1329 Moysen:
969 1282 1124 1330 Loquere

64 1342 147 1388 filiis
167 1343 296 1387 Israel,
322 1350 352 1379 et
367 1343 459 1379 dices
482 1344 528 1378 ad
546 1355 626 1379 eos:
646 1343 795 1386 Quando
819 1346 1026 1390 transgressi
1045 1347 1123 1390 lue-

64 1405 141 1440 ritis
159 1405 353 1441 Jordanem
366 1406 403 1440 in
420 1412 548 1440 terram
571 1405 756 1449 Cltanaan,
781 1406 952 1441 decernite
969 1418 1046 1452 quoe
1060 1418 1123 1441 ur-

65 1464 120 1500 bes
141 1476 213 1500 esse
229 1466 375 1501 debeant
396 1466 432 1499 in
451 1466 617 1511 proesidia
633 1466 871 1512 fugitivorum,
891 1468 949 1513 qui
972 1467 1123 1502 nolentes

61 1526 267 1571 sanquinem
297 1525 464 1570 fuderint.
495 1526 540 1561 ln
560 1526 683 1572 quibus
704 1538 782 1562 cunt
815 1527 920 1572 suerit
939 1527 1122 1574 prositqus,

62 1591 229 1631 coquatus
245 1587 349 1621 occisi
373 1597 452 1621 eum
471 1597 540 1621 non
565 1589 688 1633 poterit
718 1588 872 1623 occidere
889 1617 897 1632 ‚
923 1590 1031 1625 donec
1061 1596 1124 1625 stet

62 1647 99 1683 in
117 1655 300 1695 conspectu
326 1650 576 1693 multitudinis,
598 1657 630 1686 et
648 1662 755 1687 causa
777 1652 1054 1698 ejusjucticecur.
1071 1653 1124 1688 De

61 1707 145 1753 ipsis
168 1715 284 1743 autem
304 1709 446 1744 urbibus
476 1721 553 1756 quae
570 1711 616 1744 ad
639 1710 865 1757 fugitivorum
888 1711 1045 1746 subsidia
1070 1724 1125 1747 se-

61 1775 244 1814 parantur,
268 1775 337 1804 tres
361 1776 461 1805 erunt
481 1776 579 1805 trans
595 1770 802 1814 Jordancm,
830 1778 861 1807 et
889 1779 957 1808 tres
976 1774 1013 1808 in
1030 1779 1123 1808 terra

62 1829 247 1873 Chaunum
274 1837 344 1865 tam
374 1831 458 1875 filiis
491 1831 627 1875 Israel,
666 1844 772 1879 quam
799 1833 941 1868 advenis
968 1840 1001 1868 et
1027 1833 1123 1879 pere-'

60 1892 184 1937 arinis,
205 1896 242 1925 ut
260 1891 439 1937 confugiat
461 1891 506 1927 ad
533 1903 590 1928 eas
606 1893 665 1939 qui
686 1893 806 1928 nolens
828 1895 1032 1940 sanquinem
1062 1894 1122 1939 su-

60 1952 162 1986 derit.
194 1951 268 1987 Hoc
288 1954 466 1997 quomodo
482 1953 616 1989 sactum
636 1955 683 1990 sit
702 1955 794 1991 liber
809 1955 869 2000 qui
887 1956 1019 1991 dicitur
1037 1955 1122 1992 Jesu

59 2014 157 2050 Nave
176 2016 386 2051 manifestat
401 2017 500 2063 (Cap.
523 2019 601 2062 xx),
622 2029 704 2054 cum
721 2026 983 2055 commemorat
997 2020 1119 2063 Josne,

59 2075 213 2111 Domino
229 2074 393 2121 jubente,
425 2087 489 2112 sex
511 2078 676 2114 civitates
696 2078 823 2125 refugii
842 2080 1037 2116 decernere
1054 2081 1121 2117 ho-

59 2138 202 2175 micidis
230 2140 290 2184 qui
319 2140 552 2177 homizidium
583 2151 655 2178 non
688 2148 814 2187 sponte
846 2142 1021 2186 fecerunt,
1055 2144 1124 2180 hoc

59 2203 114 2233 est
134 2210 141 2232 :
163 2198 278 2234 Gades
295 2199 329 2234 in
349 2199 496 2236 Galilaea
513 2202 648 2237 montis
663 2201 904 2247 Nephthalim,
925 2203 1069 2239 Sichem
1086 2205 1124 2240 in

60 2263 183 2293 monte
202 2258 388 2304 Ephraim,
417 2265 454 2295 et
474 2260 695 2305 Cariatarbe,
714 2263 791 2308 ipsa
811 2268 867 2299 est
897 2263 1051 2308 Hebron,
1086 2265 1124 2300 in

59 2323 181 2354 monte
198 2318 302 2355 Juda.
325 2321 371 2356 Et
390 2326 490 2357 trans
510 2321 703 2358 Jordanem
721 2330 847 2359 contra
863 2325 1123 2361 occidentalem

58 2379 201 2426 plagam
227 2380 385 2425 Jericho,
411 2382 536 2419 urbem
565 2384 690 2427 Bosor,
715 2395 795 2430 quae
814 2385 882 2420 sita
901 2386 1006 2421 estin
1027 2397 1124 2422 cam-

57 2442 170 2487 pestri
203 2443 422 2488 solitudine,
457 2446 500 2481 de
530 2446 626 2482 tribu
645 2447 801 2483 Ruben:
829 2452 865 2483 et
897 2449 1050 2484 Ramoth
1086 2449 1122 2484 in

59 2500 197 2539 Galaad
222 2504 266 2540 de
286 2505 382 2540 tribu
402 2504 493 2549 Gad‚
525 2511 561 2542 et
582 2506 720 2542 Gaulon
737 2507 774 2542 in
791 2507 923 2550 Baran,
945 2509 989 2543 de
1026 2509 1122 2544 tribu

58 2562 236 2599 Manasse.
265 2563 329 2599 11ae
346 2565 511 2601 civitates
540 2567 745 2602 constitutae
767 2572 850 2602 sunt
880 2567 1020 2602 cunctis
1040 2567 1121 2602 filiis

58 2622 186 2665 lsrael,
212 2628 248 2657 et
274 2623 423 2659 advenis
454 2625 514 2668 qui
533 2625 744 2660 habitabant
770 2626 864 2660 inter
883 2636 944 2661 eos
962 2631 1000 2660 ut
1022 2626 1122 2672 sugc-

58 2687 115 2718 ret
141 2682 186 2718 ad
206 2692 267 2718 eas
292 2683 354 2727 qui
374 2683 530 2719 animam
550 2685 694 2720 nescius
711 2685 962 2729 percussisset,
984 2691 1020 2721 et
1049 2697 1120 2722 non

58 2747 263 2778 moreretur
280 2742 317 2777 in
333 2753 440 2778 manu
460 2743 615 2789 proximi
639 2743 790 2780 effusum
811 2745 1021 2791 sanguinem
1042 2747 1120 2782 vin-

59 2802 181 2838 dicare
201 2803 381 2849 cupientis
405 2804 519 2840 donec
543 2810 656 2840 staret
673 2810 756 2841 ante
778 2806 947 2852 populum
977 2807 1120 2852 exposi-

58 2867 161 2899 turus
178 2874 323 2899 causam
341 2875 455 2900 suam.
477 2864 569 2900 Ecce
586 2865 697 2901 habes
715 2875 775 2901 sex
794 2865 923 2912 refugii
937 2867 1115 2903 civitates.

58 2981 108 3016 tia
125 2987 358 3027 peccatorum
373 2982 452 3018 illas
471 2992 550 3028 quae
578 2987 662 3018 sunt
694 2982 730 3017 in
746 2987 839 3018 terra
863 2984 1115 3029 repromissio-

58 3041 127 3083 nis,
150 3042 219 3078 hoc
243 3048 300 3078 est
329 3043 366 3077 in
396 3043 571 3086 Ecclesia,
606 3044 741 3079 intrare
771 3054 842 3080 non
872 3045 1006 3081 audeas
1020 3073 1029 3089 ,
1063 3051 1118 3082 est

57 3101 170 3138 Bosor
189 3103 286 3138 circa
304 3101 497 3138 Iordanem
516 3104 553 3138 in
576 3103 781 3147 solitudine,
801 3115 880 3150 quae
898 3105 1116 3151 interpreta-

57 3167 118 3198 tur
136 3163 317 3208 angustia,
348 3161 384 3197 id
411 3167 487 3206 est,
521 3163 646 3199 cellula
681 3164 889 3200 monasterii
918 3175 1029 3211 parva
1060 3165 1116 3202 vel

0 3243 1 3263 η
57 3224 199 3260 modica
218 3233 228 3259 ι
265 3229 303 3259 et
324 3223 459 3270 optime
480 3225 544 3260 tibi
571 3225 762 3261 conveniet
779 3252 788 3269 ‚
821 3226 915 3271 quod
945 3227 988 3263 de
1019 3233 1116 3264 sorte

58 3283 185 3320 Ruben
204 3288 272 3327 est,
298 3292 335 3320 et·
359 3284 435 3330 ipse
453 3289 509 3321 est
532 3285 593 3330 qui
611 3285 754 3322 thorum
768 3286 881 3332 patris
906 3286 962 3323 sui
986 3297 1111 3323 macu-

57 3343 144 3382 lavit
175 3345 312 3382 illicite.
344 3345 408 3382 Est
426 3351 463 3382 et
482 3337 638 3384 Ramoth
663 3347 707 3383 de
725 3353 822 3384 sorte
844 3347 934 3391 Gad‚
963 3358 1042 3394 quae
1059 3349 1113 3384 in-

59 3410 277 3451 terpretatur
291 3406 434 3445 excelsa
449 3417 562 3452 mors,
579 3407 638 3444 vel
650 3407 742 3444 visio
755 3408 896 3445 mortis.
913 3408 1007 3445 Vere
1016 3409 1112 3444 enim

60 3466 200 3504 excelsa
224 3478 322 3505 mors
335 3468 546 3515 poenitentia
561 3479 642 3506 esse
660 3469 810 3505 dicenda
827 3473 896 3511 est,
915 3478 998 3504 cum
1017 3478 1114 3504 mor-

59 3526 206 3565 tificatis
221 3529 393 3566 membris
419 3530 618 3566 deducatur
634 3529 743 3565 homo
762 3529 807 3565 ad
825 3527 968 3564 excelsa
997 3525 1109 3562 coelo-

61 3589 248 3626 rumunde
264 3589 383 3627 fuerat
400 3594 484 3626 ante
502 3589 680 3638 delapsus.
707 3589 791 3626 Sive
801 3588 904 3634 juxta
923 3587 1028 3623 istam
1046 3586 1112 3622 hu-

62 3634 184 3686 milam
198 3657 352 3687 mortem
371 3661 450 3698 quae
465 3651 680 3699 generaliter
693 3650 792 3688 omni
807 3649 907 3686 carni
931 3647 1109 3688 imminet,

64 3707 125 3744 illa
138 3697 182 3744 ad
203 3712 503 3756 comparationem
519 3710 598 3758 eius
615 3710 878 3766 rationabiliter
895 3708 1036 3746 excelsa
1049 3717 1111 3744 no-

64 3769 235 3814 minatur,
250 3771 335 3816 qnia
358 3772 510 3832 multum
525 3771 680 3810 nobilius
706 3776 765 3810 est
780 3781 846 3819 per
859 3769 1111 3818 poeniteutiam

498 179 502 182 ’
540 184 898 224 ENARRATIONES
929 185 976 224 IN
998 185 1176 226 LIBRUM
1198 186 1510 226 NUMERORUM.
1536 209 1583 217 —-
1607 192 1692 231 un.
1719 194 1778 231 tv.
1794 197 1803 213 ²

159 260 217 298 cui
234 260 332 298 dicat
349 271 358 296 :
378 259 460 296 Eris
483 271 586 307 super
614 260 733 296 decem
749 259 904 295 civitates
922 265 1127 306 potestatem
1144 262 1180 303 Α
1195 261 1301 305 mori,
1322 271 1433 307 quam
1452 263 1636 299 communi
1657 264 1728 300 hae
1743 271 1862 302 morte
1881 269 2038 310 dissolvi.
2071 276 2110 314 Si
2123 285 2244 318 autem

59 2921 169 2966 Quas,
191 2923 222 2958 si
247 2923 376 2969 placet,
394 2924 604 2970 ingredere;
623 2934 665 2959 ac
683 2924 714 2959 si
733 2924 825 2960 sorte
846 2935 913 2971 pro
934 2926 1119 2962 conscien-
1134 2950 1170 2990 D

2174 209 2245 247 854

1196 321 1373 358 visionem
1388 321 1518 358 mortis
1536 321 1673 358 sentire
1695 322 1866 367 velimus,
1895 326 1948 361 ita
1962 337 2080 373 potest
2095 336 2246 388 intelligi

1196 380 1282 426 quia
1301 390 1384 416 cum
1409 391 1534 418 sumus
1560 381 1598 416 in
1628 381 1840 427 poenitentia
1858 385 2042 422 constituti
2056 415 2067 431 ,
2101 399 2139 428 et
2164 403 2247 436 ante

1195 439 1319 477 oculos
1353 441 1458 477 nobis
1487 441 1654 488 ponimus
1689 439 1822 476 inferni
1860 447 2052 488 tormenta,
2087 449 2250 491 videmus

1196 499 1311 546 ipsam
1328 501 1486 545 speciem
1505 501 1647 544 mortis,
1668 500 1713 537 de
1738 510 1809 546 qua
1827 502 2048 547 poenitentiae
2078 506 2250 547 beneficio

1194 560 1392 596 liberemur
1408 571 1418 604 ;
1446 561 1561 597 donec
1580 561 1791 597 memineris
1810 567 1847 597 te
1866 562 1906 598 in
1924 564 2063 600 ancillae
2086 566 2151 602 lilii
2168 568 2253 605 civi-

1195 625 1269 657 tate
1298 630 1405 667 agere
1423 622 1689 667 poenitentiam,
1709 622 1794 667 quia
1813 623 1931 659 omnis
1949 624 2011 670 qui
2033 633 2160 670 peccat
2178 638 2253 664 ser-

1194 690 1262 716 vus
1280 684 1335 716 est
1347 680 1488 726 peccati
1507 690 1516 723 ;
1539 685 1576 715 et
1589 679 1743 716 formam
1767 682 1863 718 servi
1877 683 2072 729 accipiens,
2088 685 2254 724 humilies

1194 741 1351 787 teipsum
1383 750 1498 787 usque
1531 741 1577 777 ad
1599 747 1765 778 mortem.
1804 742 1869 778 Est
1899 743 2038 780 Gaulon
2069 745 2106 780 in
2123 745 2254 783 finibus

1194 799 1372 844 Manasse,
1404 810 1484 846 quae
1503 801 1763 847 interpretatur
1782 802 1978 848 volutatio,
2009 811 2050 841 ut
2072 811 2112 842 tu
2129 807 2256 842 memi-

1193 861 1290 896 neris
1308 861 1372 896 tibi
1392 861 1429 897 in
1446 861 1563 898 cilicio
1578 867 1615 898 et
1633 863 1755 899 cinere
1770 873 1850 900 esse
1862 865 2110 902 volutandum.
2127 867 2172 902 Et
2186 868 2255 904 hoc

1192 922 1229 958 in
1257 923 1389 959 finibus
1414 923 1602 968 Manasse,
1637 925 1698 970 qui
1736 925 1995 971 interpretatur
2026 927 2180 971 oblivio,
2215 933 2256 963 ut

1192 982 1416 1019 obliviscaris
1436 994 1478 1019 ea
1495 994 1575 1030 quae
1599 989 1683 1020 ante
1701 986 1860 1032 gessisti,
1890 993 1926 1022 et
1942 987 1979 1022 in
1997 987 2119 1032 priora
2138 994 2175 1024 te
2193 999 2255 1024 ex-

1192 1042 1330 1077 tendas.
1365 1042 1432 1078 Hic
1453 1053 1539 1088 ergo
1570 1044 1746 1086 inhabita,
1782 1050 1824 1079 ut
1840 1056 1906 1091 per
1923 1048 2109 1093 angustias
2127 1049 2255 1084 mortis

1191 1106 1228 1135 et
1245 1100 1499 1145 volutationis,
1526 1103 1619 1138 iram
1646 1105 1891 1149 persecutoris
1921 1106 2055 1142 evadas
2085 1113 2122 1142 et
2153 1118 2255 1152 spem

1143 1162 1175 1202 Β
1194 1161 1320 1197 salutis
1339 1162 1516 1199 invenias.
1551 1163 1652 1199 Tunc
1669 1164 1798 1200 deinde
1825 1165 1862 1200 in
1880 1165 1936 1201 his
1955 1166 1986 1202 si
2005 1167 2141 1212 aliquid
2158 1168 2257 1203 utili-

1194 1229 1249 1259 ter
1272 1224 1402 1271 egeris,
1431 1225 1541 1261 etiam
1570 1225 1614 1261 ad
1633 1224 1746 1262 Cades
1778 1226 1814 1261 in
1842 1232 1940 1262 terra
1966 1229 2256 1273 repromissionis

1192 1294 1270 1329 quae
1287 1290 1342 1320 est
1358 1285 1395 1320 in
1413 1284 1571 1327 Galilaea,
1598 1286 1735 1331 poteris
1749 1287 1954 1331 pervenire,
1985 1299 2064 1334 quae
2079 1289 2256 1335 interpre-

1192 1350 1290 1380 tatur
1308 1351 1445 1381 sancta.
1474 1345 1521 1381 Ut
1539 1351 1576 1380 tu
1597 1356 1678 1381 cum
1695 1346 1732 1381 in
1755 1346 1987 1383 tribulatione
2004 1351 2254 1395 corruptiones

1192 1405 1382 1451 abjeceris,
1400 1407 1511 1442 etiam
1527 1407 1572 1442 ad
1592 1412 1751 1442 sanctam
1769 1407 1966 1443 Ecclesiam
1993 1409 2173 1445 tribuatur
2190 1421 2252 1445 ac-

1191 1477 1315 1502 cessus
1336 1472 1375 1502 ut
1393 1467 1430 1502 in
1450 1466 1682 1512 Nephthalim
1706 1471 1818 1508 sorte,
1843 1467 1903 1512 qui
1934 1468 2064 1503 dicitur
2095 1469 2177 1504 vitis
2196 1479 2253 1503 re-

1190 1528 1316 1570 missa,
1329 1528 1372 1563 de
1390 1533 1615 1563 sacramento
1636 1528 1813 1564 Dominici
1829 1529 2014 1575 sanguinis
2033 1530 2252 1575 participare

1191 1587 1377 1622 merearis.
1401 1586 1472 1622 Sed
1491 1596 1557 1622 nec
1573 1586 1717 1622 Hebron
1738 1587 1802 1623 tibi
1819 1588 1937 1623 aditus
1958 1589 2150 1631 clauditur,
2171 1599 2251 1634 quae

1191 1649 1448 1695 interpretatur
1466 1646 1672 1693 conjunctio
1695 1648 1771 1684 sive
1788 1648 2005 1695 conjugium.
2035 1649 2252 1685 Revertetur

1190 1711 1286 1746 enIm
1302 1710 1422 1745 anima
1443 1715 1501 1744 tua
1527 1710 1572 1744 ad
1590 1709 1708 1744 virum
1727 1719 1846 1753 suum,
1878 1709 1914 1744 id
1931 1715 1986 1745 est
2018 1710 2063 1744 ad
2083 1709 2251 1755 spiritum

1190 1771 1269 1814 Dei,
1290 1783 1310 1807 a
1324 1782 1394 1817 quo
1415 1781 1481 1817 pro
1506 1776 1666 1817 tempore
1690 1771 1939 1816 peccaminum
1957 1771 2074 1807 suerat
2091 1771 2251 1808 viduata.

1191 1831 1251 1868 Sic
1271 1832 1332 1877 qui
1362 1831 1470 1867 etiam
1490 1836 1629 1867 sextam
1657 1831 1840 1867 civitatem
1871 1830 2028 1874 Sichem,
2066 1841 2173 1876 quam
2191 1830 2252 1867 Jo-

1190 1895 1278 1940 seph
1313 1899 1436 1929 noster
1467 1894 1505 1929 in
1532 1894 1779 1930 haereditatem
1805 1893 2038 1939 consequitur
2055 1920 2065 1936 ,
2103 1898 2252 1939 propter

1190 1955 1285 2000 quod
1304 1955 1354 1990 ibi
1370 1954 1533 1999 sepultus
1548 1960 1614 1997 est,
1640 1954 1771 1990 valebit
1791 1955 1940 1997 intrare,
1976 1965 2054 1999 quae
2074 1954 2251 1999 interpre-

1190 2019 1289 2049 tatur
1308 2014 1481 2049 humerus
1503 2014 1576 2050 sive
1604 2013 1719 2057 labor,
1747 2020 1788 2049 ut
1809 2014 1981 2049 ostendas
2003 2019 2038 2048 te
2062 2022 2126 2059 per
2153 2012 2253 2048 labo-

1192 2086 1268 2111 rem
1284 2076 1506 2122 poenitentiae
1521 2076 1565 2111 ab
1584 2086 1708 2111 errore
1725 2081 1786 2111 tuo
1802 2074 1935 2111 Christi
1950 2075 2111 2110 humeris
2129 2085 2252 2120 repor-

1193 2140 1321 2178 tatum,
1351 2141 1387 2170 et
1406 2134 1612 2180 adjunctum
1647 2134 1842 2180 nonaginta
1862 2144 1991 2170 novem
2011 2133 2138 2169 ovibus
2169 2131 2254 2168 esse-

1190 2203 1362 2243 ctumque
1397 2197 1648 2239 centesimum,
1669 2196 1751 2241 quia
1775 2196 1854 2241 ipsa
1889 2195 2035 2230 Sichem
2055 2195 2100 2230 ab
2125 2194 2251 2231 alieni-

1191 2260 1293 2305 genis
1326 2264 1474 2295 centum
1495 2258 1596 2304 agnis
1619 2257 1791 2293 scribitur
1810 2263 2032 2304 comparata.

1573 2331 1725 2368 CAPUT
1751 2332 1826 2367 ΧΠ.

1467 2379 1519 2413 De
1535 2379 1673 2424 judicio
1698 2379 1971 2423 interjectorum.

1237 2436 1354 2484 (lam.)
1373 2436 1415 2473 Si
1430 2447 1492 2482 per
1508 2437 1627 2471 odium
1641 2437 1718 2481 quis
1732 2435 1906 2470 hominem
1923 2435 2115 2481 impulerit,
2133 2436 2186 2472 vel
2195 2437 2251 2484 je·

1190 2499 1274 2533 cerit
1291 2498 1470 2544 quidpiam
1499 2498 1536 2532 in
1569 2507 1647 2531 eum
1668 2508 1729 2543 per
1753 2496 1928 2539 insidias,·
1960 2503 2021 2531 aut
2051 2508 2129 2532 cum
2163 2505 2250 2534 esset

1188 2559 1351 2594 inimicus
1370 2552 1477 2592 manu
1493 2558 1714 2603 percusserit,
1735 2562 1767 2591 et
1785 2556 1848 2606 ille·
1858 2563 2013 2591 mortuus
2032 2557 2151 2602 suerit,
2172 2569 2251 2603 per-

1189 2629 1309 2653 cussor
1327 2616 1506 2651 homicidii
1531 2627 1609 2651 reus
1627 2616 1704 2651 erit.
1735 2613 1911 2661 Cognatas
1933 2617 2049 2657 occisi,
2078 2617 2196 2651 statim
2211 2622 2250 2652 ut

1187 2677 1354 2712 invenerit
1367 2687 1458 2718 eum,
1471 2675 1663 2722 juqulubit.
1705 2675 1806 2717 Quod
1821 2676 1852 2710 si
1878 2676 2026 2721 fortuitu
2059 2681 2091 2710 et
2119 2676 2248 2723 absque

1188 2739 1266 2773 odio
1285 2744 1316 2773 et
1349 2738 1540 2772 inimicitiis
1572 2736 1762 2783 quidquam
1784 2736 1909 2771 horum
1940 2736 2059 2782 fecerit
2077 2764 2086 2779 ‚
2123 2742 2154 2771 et
2182 2737 2246 2771 ltoc

1187 2799 1350 2834 audiente
1362 2798 1489 2845 populo
1507 2798 1612 2843 suerit
1630 2797 1904 2843 comprobatum,
1933 2803 2035 2843 atque
2056 2797 2147 2832 inter
2163 2808 2243 2843 per-

1188 2870 1362 2895 cussorem
1393 2866 1424 2894 et
1445 2859 1675 2905 propinquum
1694 2858 1875 2904 sanguinis
1892 2857 2037 2902 quoestio
2064 2857 2243 2899 ventilata,

1187 2918 1392 2953 liberabitur
1416 2918 1581 2953 innocens
1612 2917 1655 2952 de
1678 2916 1803 2952 ultoris
1839 2927 1960 2959 manu,
1994 2921 2026 2951 et
2061 2915 2246 2951 reducetur

1187 2991 1247 3026 per
1265 2980 1472 3015 sententiam
1486 2979 1522 3014 in
1541 2978 1660 3014 urbem
1677 2978 1722 3014 ad
1746 2989 1851 3024 quam
1880 2978 2106 3023 confuqerat,
2125 2988 2245 3012 mane-

1186 3040 1300 3087 bitque
1328 3042 1389 3084 ibi,
1409 3041 1517 3076 donec
1539 3040 1701 3076 sacerdos
1720 3050 1890 3085 magnus,
1920 3039 1979 3085 qui
2013 3038 2087 3074 oleo
2120 3045 2242 3074 sancto

1185 3109 1310 3138 unctus
1339 3109 1414 3145 est,
1439 3103 1625 3138 moriatur.
1664 3101 1869 3138 Secundum
1898 3100 2085 3135 historiam
2114 3108 2241 3134 sensus

1185 3165 1398 3202 manifestus
1412 3170 1481 3208 est,
1499 3165 1560 3201 ubi
1580 3165 1728 3200 damnat
1747 3162 1922 3198 malitiam
1940 3166 1975 3196 et
1988 3159 2134 3195 incuriae
2155 3167 2240 3193 con-

1185 3227 1284 3270 sulit,
1306 3227 1389 3272 quia
1405 3226 1502 3262 aliud
1526 3231 1581 3262 est
1599 3235 1664 3271 per
1680 3222 1948 3259 meditationem
1966 3227 2111 3264 pravam
2129 3222 2164 3251 et
2183 3217 2238 3253 in·-

1185 3288 1361 3324 dustriam
1382 3286 1578 3333 quemlibet
1595 3283 1809 3322 interficere,
1825 3285 1861 3316 et
1874 3277 2122 3314 aliudfortuito
2135 3285 2235 3319 casu,

1183 3349 1348 3395 proximo
1374 3346 1571 3395 periculum
1604 3343 1748 3378 inferre.
1776 3338 2009 3386 Tropologice
2026 3348 2126 3381 vero,
2147 3337 2236 3374 insi-

1174 3414 1273 3445 nuat
1289 3408 1385 3454 quod
1405 3406 1434 3442 si
1454 3405 1534 3450 quis
1547 3413 1612 3450 per
1627 3401 1796 3437 invidiam
1825 3404 1888 3435 aut
1913 3398 2034 3435 odium
2062 3406 2236 3434 mucrone

1183 3466 1330 3502 malitia:
1354 3464 1510 3508 aliquem
1532 3459 1774 3507 percusserit,
1807 3462 1844 3494 et
1862 3458 1900 3493 in
1931 3463 2086 3494 mortem
2105 3457 2235 3493 animae

1182 3524 1381 3566 reduxerit,
1406 3527 1549 3558 aeternae
1575 3519 1683 3556 morti
1699 3519 1776 3565 ipse
1809 3517 1986 3554 obnoxius
2016 3518 2100 3554 erit.
2133 3515 2235 3552 Unde

1182 3584 1258 3630 ipsa
1278 3581 1420 3618 Veritas
1453 3580 1532 3616 ait:
1565 3578 1605 3616 Si
1635 3579 1712 3627 quis
1741 3577 2027 3614 scandalizaverit
2051 3586 2161 3612 unum
2190 3574 2234 3611 de

1181 3640 1316 3690 pusillis
1333 3641 1409 3676 istis
1424 3640 1484 3687 qui
1502 3640 1540 3675 in
1558 3650 1612 3675 me
1625 3638 1784 3682 credunt,
1801 3638 1938 3684 expedit
1954 3638 1986 3673 ei
1999 3642 2036 3672 ut
2052 3634 2146 3672 mola
2161 3634 2234 3671 aei·

1182 3703 1282 3739 naria
1299 3700 1531 3749 suspendatur
1544 3699 1634 3736 collo
1651 3699 1741 3746 ejus,
1757 3704 1789 3735 et
1807 3699 2029 3744 demergatur
2040 3696 2078 3732 in
2087 3694 2235 3743 prosun-

1181 3765 1263 3801 dum
1282 3763 1424 3812 (Manli.
1442 3761 1559 3811 xvtn).
1576 3761 1622 3800 Et
1634 3759 1790 3799 Joannes
1807 3760 1883 3798 ait:
1908 3759 1978 3803 Qui
1995 3757 2068 3796 odit
2085 3756 2232 3804 fratrem
