2540 4016
24 113 140 241 ζμ,,

600 164 871 218 manuario
897 181 1050 220 surra
1075 163 1494 227 naumououmn.
1519 210 1567 218 -
1587 165 1676 228 Lm'.
1702 192 1730 229 1.

2176 207 2247 246 862

27 250 37 284 ἴ
71 256 222 299 diceret,
246 255 372 303 utique
393 254 578 294 Dominus.
609 254 702 293 Cum
721 256 820 293 enim
845 258 923 294 haee
941 261 1050 297 verba
1077 252 1186 303 ‹ti-'A
1202 270 1258 302 tor
1276 270 1313 302 et
1338 266 1557 309 misericors,
1583 266 1726 313 patiens
1752 273 1791 308 et
1812 270 1936 314 multa
1963 279 2217 330 miserationis,
2231 301 2243 323 .

73 320 174 352 ceret
190 314 381 361 Dominus,
408 325 489 363 quae
515 321 780 363 consequenter
793 327 838 353 ex
857 317 1030 366 decalogo
1044 330 1132 356 cun-

71 381 132 413 cta
149 382 425 422 commemorat,
448 381 537 414 tunc
551 377 673 414 timuit
692 377 844 424 populus
870 387 891 414 a
911 377 1003 416 facie
1026 380 1130 427 ignis,

73 443 110 475 et
131 449 204 476 non
224 439 389 476 aseendit
401 439 440 476 in
454 443 628 483 montem,
644 444 680 475 et
696 439 838 486 rogavit
851 445 891 476 ut
903 450 970 487 per
986 440 1134 488 Moysen

71 502 194 547 potius
220 502 332 538 verba
346 501 505 538 &Domini
533 501 673 538 audiret
704 514 713 537 z
743 511 823 547 quae
854 503 965 539 verba
995 502 1134 550 Moyses

42 579 52 586 ν
73 566 334 598 commemorat
358 562 396 597 in
422 562 703 599 Deuteronomio
730 562 825 599 dicta
847 562 915 599 sibi
940 573 961 598 a
979 563 1132 611 populo,

60 603 157 658 'cum
176 621 301 658 audire
314 622 389 668 jam
411 623 549 659 nollent
562 634 691 661 vocem
711 624 791 669 Dei,
810 625 872 661 sed
889 635 955 671 per
975 635 1055 662 eum
1073 636 1135 672 pe-

74 685 194 718 terent
219 681 288 718 sibi
318 682 390 718 dici
417 693 498 728 quae
528 684 671 721 dicebat
700 685 808 729 Deus,
842 686 877 722 id
912 691 981 729 est,
1014 687 1135 723 «Eece

73 741 232 780 ostendit
249 741 424 778 Dominus
443 743 539 780 Deus
565 750 691 780 noster
714 746 818 781 nobis
841 745 993 792 gloriam
1015 755 1132 789 suam;

73 807 111 840 et
132 812 259 839 vocem
283 803 362 850 ejus
385 803 588 840 audivimus
608 815 627 840 e
646 806 764 841 medio
781 805 888 851 ignis,
904 818 916 839 ›
944 810 1013 841 etc.
1054 806 1134 842 Non

73 865 201 902 eadem
217 875 366 911 prorsus
387 865 554 912 leguntur
571 866 606 902 in
629 866 765 910 Exodo,
787 866 848 901 ubi
873 865 1030 911 primum
1052 877 1136 902 nar-

74 930 154 961 rata
186 930 271 961 sunt
302 935 382 971 quae
407 927 512 962 modo
546 931 772 972 repetuntur,
809 930 847 960 ut
876 925 1131 971 intelligamus,

73 987 170 1033 quod
189 986 380 1032 aliquoties
395 985 470 1031 jam
487 985 780 1027 commemoravi,
802 995 874 1020 non
887 995 966 1021 esse
983 986 1018 1021 in
1035 997 1135 1023 men-

72 1048 177 1084 dacio
196 1047 451 1092 deputandum,
468 1046 498 1080 si
515 1045 595 1080 aliis
621 1045 841 1091 quibuslibet
864 1046 985 1082 verbis
1007 1048 1133 1083 eadem

71 1107 238 1143 voluntas
255 1104 520 1147 manifestatur,
541 1110 688 1150 propter
702 1106 1007 1152 evangelistarum
1024 1108 1133 1143 etiam

1202 331 1240 361 et
1258 325 1413 362 insertur
1431 339 1439 362 :
1461 339 1474 361 ‹
1488 326 1656 362 Reddens
1671 326 1897 375 iniquitatem
1918 338 2060 376 patrum
2078 351 2184 389 super
2206 346 2250 386 fi-

1201 384 1270 422 lios
1293 391 1330 422 et
1357 386 1464 431 filias,
1480 400 1492 421 ι
1516 387 1585 424 hoc
1604 386 1738 423 indicat
1761 389 1857 438 quod
1876 394 1984 429 tantae
2002 390 2252 446 misericordiae

1202 445 1263 489 sit,
1277 451 1318 482 ut
1334 457 1407 483 non
1422 447 1545 484 statim
1560 447 1700 494 puniat,
1716 446 1780 484 sed
1793 450 2010 489 sententiam
2031 452 2174 494 differat
2205 443 2213 448 ⁷

1201 504 1337 541 niendi.
1375 504 1415 541 Si
1441 511 1570 541 autem.
1586 505 1744 544 vindicta
1773 508 2001 552 peccantium
2027 510 2188 552 differtur
2218 518 2255 559 in

1202 568 1346 604 tertiam
1372 572 1408 604 et
1433 573 1601 614 quartam
1628 570 1910 615 generationem,
1935 572 2022 618 quid
2044 575 2161 621 agitur
2176 589 2257 618 cum

1189 626 1306 674 justis
1323 633 1360 664 et
1383 628 1519 664 sanetis
1544 628 1662 664 viris?
1687 629 1777 665 lllud
1802 630 1926 676 utique
1953 633 2048 676 quod
2074 633 2259 684 subJungi-

1202 694 1290 724 tur:
1311 701 1322 721 (
1341 686 1468 724 Servat
1492 687 1671 734 justitiam
1698 695 1734 725 et
1759 690 2044 729 misericordiam
2080 694 2115 730 in
2148 696 2261 733 multa

1203 749 1315 785 millia
1335 748 1392 785 his
1412 749 1474 795 qui
1490 749 1641 796 diligunt
1661 750 1775 795 illum,
1795 758 1832 788 et
1857 753 2064 791 custodiunt
2081 762 2260 803 praecepta

1203 810 1293 855 ejus.
1311 823 1321 840 ι

1609 857 1760 895 CAPUT
1801 859 1861 895 Xl.

1203 917 1255 953 De
1282 917 1398 953 decem
1428 921 1605 956 mandatis
1629 920 1714 966 lepis
1742 921 1778 956 in
1805 928 1920 956 monte
1951 921 2052 959 Sinai
2086 923 2189 968 dacis,
2225 925 2262 961 in

1463 967 1599 1002 duabus
1626 967 1753 1002 tabulis
1787 969 2004 1014 conscriptis.

1251 1035 1371 1082 (lam.)
1405 1049 1416 1068 ‹
1436 1036 1516 1072 Non
1534 1038 1723 1083 usurpabis
1738 1049 1868 1074 nomen
1883 1039 2023 1076 Domini
2038 1041 2101 1078 Dei
2118 1043 2170 1078 tui
2185 1043 2263 1079 fru-

1209 1106 1221 1128 (
1241 1099 1329 1137 stra,
1352 1096 1436 1141 quia
1456 1106 1526 1132 non
1552 1097 1622 1132 erit
1648 1097 1847 1143 impunitus
1876 1100 1936 1144 qui
1967 1110 2074 1146 super
2103 1111 2143 1137 re
2170 1112 2263 1138 vana

70 1169 196 1213 verba,
214 1178 295 1215 quae
314 1168 359 1204 ab
379 1167 556 1212 imperitis
579 1172 614 1203 et
638 1167 870 1211 calumniosis
888 1173 1059 1214 tanquam
1079 1181 1135 1206 re„
1154 1162 1185 1201 Β
1208 1168 1221 1189 c
1242 1167 1371 1192 nomen
1391 1156 1468 1202 ejus
1491 1159 1741 1204 assumpserit.
1770 1159 1928 1196 Observa
1947 1161 2042 1197 diem
2064 1163 2199 1199 sabbati
2227 1171 2266 1200 ut

70 1229 270 1276 pugnantia
306 1228 631 1274 reprehenduntur.
671 1228 795 1273 Neque
826 1230 920 1264 enim
955 1236 1033 1266 erat
1061 1242 1136 1266 ma-

71 1300 182 1336 gnum
203 1288 314 1336 Moysi
337 1289 523 1325 attendere
547 1299 626 1334 quae
654 1289 690 1324 in
714 1289 837 1325 Exodo
860 1290 1067 1336 scripserat,
1101 1298 1138 1328 et

71 1349 207 1386 eisdem
222 1348 370 1385 omnino
385 1348 505 1384 verbis
522 1349 577 1383 illa
599 1354 777 1394 repetere,
798 1349 866 1384 nisi
878 1350 1077 1394 pertineret
1092 1351 1136 1386 ad

71 1415 218 1446 sanctos
235 1410 403 1446 doctores
419 1415 561 1445 nostros
575 1410 643 1445 hoc
659 1409 774 1455 ipsum
790 1410 975 1446 insinuare
995 1412 1136 1448 discen-

71 1473 183 1516 tibus,
199 1480 240 1507 ut
254 1471 344 1507 nihil
354 1472 449 1506 aliud
460 1472 496 1506 in
507 1471 626 1508 verbis
642 1472 866 1518 loquentium
877 1479 1053 1518 quierant,
1066 1473 1135 1509 nisi

70 1533 303 1575 voluntatem,
327 1539 476 1579 propter
494 1544 603 1579 quam
628 1535 883 1570 enuntiandam
902 1536 1014 1571 verba
1032 1535 1136 1570 insti-

70 1598 149 1630 tuta
173 1598 269 1629 sunt.
297 1593 342 1628 Et
364 1594 439 1628 ait:
458 1593 576 1640 (lum.)
606 1606 618 1626 ι
639 1594 713 1640 Ego
737 1604 815 1630 sum
842 1594 1016 1630 Dominus
1042 1594 1136 1630 Deus

73 1665 87 1687 c
112 1658 211 1698 tuus,
226 1653 288 1700 qui
304 1654 412 1689 eduxi
430 1659 465 1688 te
482 1654 525 1689 de
546 1659 643 1689 terra
659 1653 817 1700 AEgypU,
839 1655 882 1690 de
899 1654 1005 1690 domo
1024 1654 1136 1690 servi-

75 1725 87 1748 (
110 1714 213 1750 tutis.
235 1713 315 1750 Non
331 1714 481 1750 habebis
507 1715 599 1751 Deos
618 1715 753 1751 alienos
772 1716 808 1751 in
827 1723 1024 1762 conspectu
1040 1726 1133 1752 meo.

75 1787 87 1809 ι
108 1775 187 1812 Non
203 1775 314 1812 facies
332 1776 397 1812 tibi
409 1777 589 1823 sculptile,
603 1789 669 1814 nec
685 1778 959 1814 similitudinem
973 1779 1135 1815 onmium

74 1846 88 1869 ι
112 1845 192 1882 quae
202 1835 240 1872 in
256 1836 349 1873 coelo
361 1842 444 1872 sunt
458 1837 623 1884 desuper,
636 1845 671 1874 et
687 1849 767 1885 quae
783 1839 820 1874 in
839 1845 935 1875 terra
947 1840 1132 1881 deorsum,

75 1907 91 1930 c
110 1901 148 1932 et
163 1906 243 1943 quae
261 1903 455 1934 versantur
473 1899 510 1934 in
532 1900 636 1944 aquis
662 1901 727 1936 sub
744 1905 855 1936 terra.
870 1899 948 1936 Non
965 1900 1133 1937 adorabis

75 1967 88 1991 ι
111 1957 198 1993 deos
225 1957 360 1995 alienos
378 1971 386 1994 ε
410 1959 485 2005 Ego
516 1960 612 1995 enim
631 1970 709 1995 sum
729 1961 903 1996 Dominus
923 1962 1018 1997 Deus
1036 1966 1132 2002 tuus,

74 2031 89 2055 ι
109 2019 206 2057 Deus
220 2020 421 2064 aemulator,
437 2021 592 2058 reddens
617 2022 846 2069 iniquitatem
866 2030 1011 2070 patrum
1027 2035 1135 2072 super

1209 1233 1221 1254 (
1242 1220 1444 1256 sanctifices
1459 1232 1554 1264 eum,
1572 1222 1665 1257 sicut
1677 1223 1847 1268 praecepit
1864 1222 2037 1260 Dominus
2054 1225 2148 1261 Deus
2161 1226 2262 1261 tuus.

1208 1293 1219 1315 ‹
1241 1281 1311 1317 Sex
1332 1282 1457 1317 dicbus
1472 1282 1693 1328 operaberis,
1715 1287 1751 1317 ct
1771 1282 1881 1318 iacies
1899 1283 2019 1318 onmia
2048 1295 2157 1330 opera
2175 1290 2234 1320 tua
2252 1296 2261 1328 ;

1208 1356 1221 1376 ι
1240 1344 1414 1388 septimus
1434 1344 1509 1379 dies
1524 1350 1578 1379 est
1594 1344 1748 1386 sabbati,
1761 1344 1859 1380 idest
1877 1345 2020 1390 requies
2041 1345 2182 1381 Domini
2201 1347 2264 1382 Dei

1208 1415 1218 1436 ‹
1240 1403 1303 1438 tui.
1336 1402 1413 1437 Non
1431 1403 1539 1439 facies
1558 1403 1592 1438 in
1611 1414 1654 1438 eo
1673 1403 1871 1449 quidquam
1892 1405 2026 1450 operis,
2053 1410 2090 1441 tu
2114 1411 2151 1441 et
2167 1405 2262 1441 filius

1208 1477 1219 1498 ‹
1240 1470 1334 1506 tuus,
1353 1472 1387 1500 et
1406 1465 1488 1507 iilia,
1515 1475 1640 1501 servus
1655 1471 1692 1500 et
1709 1466 1851 1507 ancilla,
1871 1467 1999 1509 ethos,
2020 1472 2057 1502 et
2073 1467 2208 1509 asinus,
2227 1473 2265 1503 et

1207 1538 1219 1558 ‹
1238 1535 1343 1560 omne
1358 1524 1562 1569 jumentum
1590 1532 1705 1568 tuum,
1730 1532 1766 1561 et
1781 1527 1996 1573 peregrinus
2013 1528 2073 1573 qui
2093 1534 2149 1564 est
2169 1529 2263 1564 intra

1207 1598 1219 1619 ε
1238 1592 1363 1631 portas
1391 1592 1484 1630 tuas,
1511 1592 1550 1621 ut
1569 1587 1772 1633 requiescat
1794 1598 1921 1624 servus
1941 1594 2037 1631 tuus,
2067 1595 2104 1624 et
2131 1589 2263 1625 ancilla

1208 1658 1220 1680 ‹
1238 1652 1308 1688 tua,
1327 1647 1418 1683 sicut
1441 1653 1477 1683 et
1494 1653 1545 1683 tu.
1579 1647 1757 1684 Memento
1771 1650 1864 1694 quod
1889 1654 1925 1685 et
1947 1649 2022 1694 ipse
2038 1649 2207 1685 servieris
2226 1651 2263 1685 in

1208 1720 1220 1741 ‹
1240 1707 1407 1755 AEgypto,
1426 1715 1460 1744 ct
1478 1709 1644 1744 eduxerit
1658 1714 1692 1744 te
1707 1709 1789 1745 inde
1810 1710 1983 1746 Dominus
1998 1710 2094 1746 Deus
2110 1715 2206 1754 tuus,
2226 1711 2262 1746 in

1207 1783 1219 1804 ‹
1241 1782 1346 1806 manu
1378 1770 1462 1807 sorti
1491 1777 1526 1807 et
1556 1771 1707 1808 brachio
1735 1778 1893 1808 extento.
1927 1772 2064 1808 Idcirco
2093 1774 2266 1820 praecepit

1178 1852 1183 1859 ·
1207 1843 1220 1865 ‹
1242 1833 1306 1867 tibi
1333 1829 1604 1869 utfftbservares
1632 1834 1724 1870 diem
1755 1834 1907 1870 sabbati.
1949 1833 2093 1870 Honora
2123 1839 2263 1881 patrem

1209 1903 1221 1924 ‹
1241 1897 1351 1934 tuum,
1371 1898 1407 1928 ct
1424 1899 1577 1929 matrem
1602 1900 1714 1936 tuam,
1737 1894 1830 1930 sieut
1858 1895 2030 1940 praecepit
2055 1895 2118 1930 tibi
2144 1895 2266 1932 Domi-

1209 1965 1220 1986 (
1240 1963 1308 1988 nus
1329 1953 1424 1990 Deus
1445 1959 1539 1998 tuus,
1562 1960 1602 1990 ut
1618 1954 1724 2000 longo
1742 1956 1843 1991 vivas
1866 1960 2041 2002 tempore,
2059 1962 2095 1992 et
2110 1956 2202 1992 bene
2219 1956 2267 1992 sit

1209 2027 1222 2049 ι
1242 2015 1306 2051 tibi
1322 2016 1356 2051 in
1377 2022 1475 2052 terra
1495 2027 1604 2062 quam
1626 2016 1799 2052 Dominus
1816 2015 1911 2052 Deus
1931 2022 2013 2052 tuus
2036 2017 2186 2053 daturus
2211 2022 2266 2052 est

74 2092 89 2117 ι
112 2081 219 2126 filios,
237 2081 276 2117 in
292 2082 436 2118 tertiam
452 2087 488 2118 et
506 2087 672 2128 quartam
689 2085 1046 2130 generationem,his
1071 2088 1132 2133 qui
1153 2068 1182 2110 C
1207 2087 1219 2109 ¹
1239 2076 1316 2112 tihi·
1345 2074 1424 2111 ΝΟΠ
1454 2077 1608 2112 occides·
1648 2076 1726 2111 N⁰¹¹
1750 2075 2005 2111 mOEChabffl'iS·
2041 2074 2266 2122 Furtum‘1¹¹0

74 2151 89 2175 ι
110 2141 333 2178 oderuntme
351 2154 359 2177 :
377 2146 413 2178 et
423 2141 557 2178 faciens
574 2143 862 2181 misericordiam
878 2146 914 2182 in
926 2147 1037 2182 multa
1053 2148 1133 2183 mil-

75 2213 89 2236 «
110 2201 158 2237 lia
168 2202 397 2250 diligentibus
405 2213 463 2239 me
473 2209 508 2239 et
518 2205 807 2243 custodientibus
820 2214 1001 2255 praecepta
1012 2219 1106 2246 mea.
1117 2223 1128 2244 t>

72 2262 164 2299 Sunt
182 2263 243 2308 qui
262 2264 331 2299 hoc
350 2264 446 2309 quod
472 2265 647 2311 seriptum
669 2272 723 2301 est
750 2266 786 2301 in
815 2266 908 2312 lege,
938 2280 950 2300 ‹
967 2268 1133 2304 Reddens

72 2322 298 2369 iniquitatem
324 2330 468 2370 patrum
499 2335 606 2371 super
631 2325 723 2361 filios
744 2325 780 2361 in
805 2326 949 2362 tertiam
972 2333 1008 2362 et
1026 2337 1134 2373 quar-

72 2388 146 2419 tam
177 2384 461 2430 generationem,
479 2397 491 2419 »
531 2385 579 2421 ita
611 2386 826 2430 edisserant,
855 2392 896 2423 ut
915 2388 958 2423 ad
977 2388 1134 2424 animam

72 2445 267 2482 humanam
283 2446 501 2483 sententiam
520 2451 666 2482 vertant
682 2459 690 2482 :
705 2452 864 2492 patrem,
893 2448 927 2483 in
951 2448 1055 2484 nobis
1083 2449 1133 2484 le-

71 2516 153 2543 vem
180 2516 351 2543 sensuum
380 2512 556 2553 punctum
588 2512 624 2543 et
655 2507 836 2543 incentiva
863 2508 1035 2543 vitiorum
1054 2517 1134 2544 esse

72 2567 255 2610 dicentes;
277 2567 391 2602 filium
411 2576 513 2610 vero,
539 2568 568 2603 si
592 2568 764 2614 cogitatio
790 2574 980 2614 peceatum
1007 2579 1135 2606 eonce-

71 2627 185 2674 perit;
209 2632 394 2672 nepotem,
419 2627 451 2662 si
474 2627 569 2672 quod
594 2627 810 2674 cogitaveris
834 2633 941 2674 atque
962 2639 1134 2676 concepe-

73 2688 150 2733 ris,
184 2696 295 2733 opere
322 2687 610 2733 perpetraveris;
641 2693 878 2734 pronepotem
907 2695 1027 2725 autem
1055 2700 1134 2727 esse

73 2751 241 2794 quartam
263 2747 547 2794 generationem,
577 2747 607 2783 si
634 2757 706 2783 non
739 2748 855 2784 solum
879 2748 1007 2786 feceris
1039 2751 1134 2796 quod

73 2807 209 2844 malum
224 2811 332 2844 estet
355 2807 558 2849 scelestum,
582 2808 645 2844 sed
665 2808 762 2844 intus
785 2809 981 2846 sceleribus
1003 2810 1134 2857 glorie-

73 2867 151 2911 ris,
182 2868 380 2905 secundum
409 2867 495 2903 illud
528 2867 623 2914 quod
657 2868 831 2915 scriptum
866 2875 946 2906 est:
973 2870 1133 2917 «Impius

75 2937 158 2965 cum
197 2928 236 2964 in
274 2926 491 2976 profundum
533 2927 711 2964 malorum
750 2928 904 2972 venerit,
934 2930 1132 2970 contemnit

1205 2149 1217 2170 ‹
1236 2148 1308 2173 non
1323 2138 1447 2174 facies.
1459 2137 1537 2172 Non
1553 2137 1711 2183 loqueris
1726 2142 1851 2173 contra
1870 2135 2074 2182 proximum
2092 2141 2193 2172 tuum
2207 2137 2269 2172 sal—

1205 2212 1217 2233 «
1236 2210 1316 2235 sum
1331 2198 1589 2236 testimonium.
1616 2198 1693 2234 Non
1705 2197 1938 2243 concupisces
1954 2206 2103 2233 uxorem
2112 2198 2268 2244 proximi

1206 2273 1217 2294 ‹
1238 2260 1301 2302 tui,
1318 2271 1389 2296 non
1410 2260 1571 2302 domum,
1590 2269 1660 2294 non
1680 2269 1818 2305 agrum,
1841 2268 1912 2294 non
1930 2268 2087 2299 servum,
2110 2267 2183 2296 non
2203 2268 2268 2295 an-

1206 2332 1218 2353 «
1238 2320 1368 2362 culam,
1390 2329 1462 2354 non
1481 2320 1623 2362 hovem,
1647 2329 1718 2354 non
1745 2318 1903 2361 asinum,
1924 2323 1959 2353 et
1995 2319 2161 2353 universa
2185 2327 2266 2364 quae

1206 2393 1218 2414 ‹
1238 2380 1332 2416 illius
1347 2385 1443 2415 sunt.
1460 2393 1472 2414 ›
1510 2380 1670 2415 Primum
1687 2378 1847 2424 decalogi
1864 2378 2074 2413 mandatum
2089 2379 2134 2414 ad
2151 2378 2265 2417 Deum

1200 2442 1347 2478 Patrem
1368 2442 1538 2487 pertinet,
1565 2442 1648 2477 dum
1674 2441 1761 2477 dicit
1785 2441 1820 2476 in
1847 2441 2106 2486 sequentibus:
2128 2440 2263 2487 «Audi,

1200 2502 1327 2546 lsrael,
1344 2501 1519 2538 Dominus
1540 2501 1635 2537 Deus
1651 2506 1746 2543 tuus,
1767 2501 1861 2536 Deus
1887 2511 1980 2537 unus
2004 2506 2079 2544 est;
2097 2514 2110 2536 »
2138 2502 2264 2548 utique

1201 2567 1241 2597 ut
1264 2562 1342 2597 haee
1366 2560 1538 2603 audiens,
1565 2571 1678 2595 unum
1704 2559 1818 2596 Deum
1843 2559 1990 2602 Patrem
2015 2561 2113 2598 colas
2129 2588 2140 2605 ,
2166 2567 2203 2599 et
2224 2562 2263 2601 in

1201 2622 1333 2658 multos
1351 2621 1454 2657 fictos
1476 2621 1561 2657 deos
1581 2620 1855 2657 fornicationem
1877 2626 1976 2658 tuam
1994 2632 2065 2660 non
2082 2622 2260 2662 effundas.

1203 2682 1406 2719 Secundum
1423 2686 1642 2728 praeeeptum
1655 2682 1813 2727 pertinet
1828 2681 1871 2718 ad
1888 2682 2035 2728 Filium,
2051 2683 2138 2720 dum
2152 2685 2261 2724 dicit:

1207 2742 1310 2778 «Non
1329 2752 1492 2778 assumes
1515 2752 1647 2778 nomen
1669 2742 1811 2779 Domini
1835 2741 1898 2779 Dei
1923 2743 1973 2780 tui
1995 2743 2033 2781 in
2054 2754 2200 2788 vanum.
2223 2746 2263 2783 ld

1202 2811 1270 2847 est,
1289 2814 1333 2839 ne
1347 2804 1504 2840 aestimes
1522 2809 1726 2846 creaturam
1745 2813 1824 2840 esse
1843 2803 1972 2841 Filium
1988 2805 2068 2851 Dei,
2090 2807 2262 2852 quoniam

1202 2866 1319 2901 omnis
1333 2870 1499 2901 creatura
1516 2865 1666 2901 vanitati
1686 2865 1847 2911 subjecta
1866 2871 1934 2909 est,
1957 2866 2020 2902 sed
2034 2867 2163 2904 credas
2179 2878 2261 2907 eum

1202 2926 1373 2973 aequalem
1405 2936 1483 2962 esse
1510 2926 1607 2962 Patri
1627 2926 1765 2962 :Deum
1793 2927 1956 2971 deorum,
1985 2927 2143 2964 Verbum
2168 2930 2261 2976 apud

75 2985 197 3035 (Pron.
214 2986 331 3035 xvut).
356 2987 428 3022 »Et
452 2987 638 3034 signanter
663 2987 812 3031 addidit,
845 3000 857 3022 (
877 2989 933 3024 his
954 2989 1015 3035 qui
1041 2990 1129 3026 ode-
1148 2966 1184 3006 D
1203 2988 1332 3031 Deum,
1363 2996 1427 3033 per
1453 2997 1559 3033 quem
1583 2987 1704 3024 omnia
1730 2987 1824 3024 faeta
1853 2994 1948 3029 sunt.
1975 2988 2134 3027 Tertium
2162 3000 2262 3033 man,-

75 3051 159 3084 runt
189 3057 263 3090 me,
283 3059 296 3082 ι
331 3047 401 3083 hoc
435 3053 518 3090 est,
550 3047 622 3083 illis
651 3048 711 3093 qui
747 3048 973 3085 haereditario
1006 3049 1131 3095 utique

74 3108 170 3144 malo
179 3114 215 3143 et
231 3107 418 3154 impietate
427 3106 540 3143 Deum
550 3107 718 3151 oderunt,
735 3117 844 3153 poena
858 3110 996 3155 peccati
1012 3119 1133 3146 serva-

73 3164 333 3206 bitur.'Aliter
368 3167 464 3204 enim
500 3167 661 3214 iniquum
693 3174 802 3215 atque
834 3179 1044 3215 perversum
1077 3176 1133 3207 est

73 3235 222 3278 peccata
241 3234 384 3277 patrum
403 3229 486 3266 filiis
499 3239 542 3266 ac
561 3230 752 3276 nepotibus
766 3230 934 3277 imputari
953 3240 1024 3268 non
1045 3240 1130 3277 pec-

74 3290 256 3335 cantibus,
273 3289 431 3327 maxime
457 3299 539 3326 cum
563 3300 629 3338 per
647 3290 873 3328 Ezechielem
890 3291 1064 3328 Dominus
1080 3291 1133 3327 di-

75 3353 158 3388 cate
176 3350 333 3387 «Anima
361 3360 441 3397 quae
466 3351 682 3398 peccaverit,
703 3351 782 3397 ipsa
806 3352 997 3388 morietur.
1024 3351 1134 3387 Pater

76 3413 150 3448 noti
176 3412 338 3460 portabit
365 3410 592 3460 iniquitatem
622 3413 701 3449 tilii.
735 3412 882 3450 Iustitia
904 3412 995 3459 justi
1026 3423 1134 3460 super

75 3475 161 3508 eum
178 3472 262 3517 erit,
287 3477 325 3510 et
348 3473 515 3520 impietas
539 3473 642 3519 impii
665 3483 776 3519 super
794 3483 876 3509 eum
898 3473 967 3509 erit
986 3471 1130 3520 (Ezech.

74 3532 192 3582 mu).
226 3533 350 3571 Potest
379 3538 415 3571 et
449 3533 554 3570 aliter
576 3533 655 3570 haec
679 3533 857 3571 sententia
885 3532 1033 3579 intelligi
1061 3541 1132 3580 qua

77 3584 187 3645 ως
205 3592 399 3632 «Reddens
419 3594 649 3640 iniquitatem
674 3600 818 3642 patrum
845 3603 954 3640 super
980 3593 1073 3631 iiiios
1095 3594 1131 3630 in

79 3642 224 3689 πονῶ
252 3655 292 3690 ot
314 3658 481 3702 quartam
513 3654 797 3702 generationem,
812 3667 825 3690 ι
854 3659 981 3691 utnon
1010 3654 1058 3691 sit
1085 3655 1133 3691 si-

79 3717 190 3758 gnum
200 3704 440 3759 immtiae,
453 3714 802 3758 numericorum,
812 3722 958 3761 poenam
971 3713 1130 3752 differre.

80 3770 234 3819 Quando
250 3770 543 3822 efflfflpm
557 3775 628 3820 est,
651 3784 664 3808 ο
675 3772 853 3813 Dominus
868 3775 966 3814 Deus
981 3777 1132 3815 misera-

1202 3049 1326 3085 datum
1345 3049 1388 3085 de
1404 3049 1556 3086 sabbato
1574 3047 1618 3084 ad
1641 3047 1816 3094 Spiritum
1831 3055 1994 3087 sanctum
2009 3051 2180 3096 pertinet,
2199 3062 2263 3090 ou·

1198 3110 1260 3157 ius
1278 3111 1371 3146 dono
1390 3110 1533 3156 requies
1550 3110 1769 3156 sempiterna
1788 3111 2011 3156 promittitur
2028 3113 2145 3150 uobis.
2168 3113 2261 3154 Nam

1203 3172 1287 3219 quia
1303 3171 1458 3218 Spiritus
1479 3177 1623 3208 sanctus
1643 3171 1786 3213 dicitur,
1806 3177 1994 3220 propterea
2012 3178 2051 3208 et
2068 3174 2260 3219 septimum

1203 3232 1298 3268 diem
1315 3230 1554 3267 sanctificavit
1567 3231 1673 3266 Deus.
1689 3229 1726 3264 ln
1745 3229 1825 3266 aliis
1842 3229 1937 3266 enim
1952 3229 2079 3268 diebus
2094 3241 2259 3278 operum,

1202 3303 1275 3329 non
1297 3298 1352 3329 est
1372 3291 1554 3328 nominata
1578 3288 1828 3332 sanctificatio,
1853 3289 1923 3326 nisi
1945 3290 1982 3329 in
2007 3292 2171 3338 sabbato,
2197 3294 2259 3333 ubi

1200 3355 1346 3398 dicitur,
1367 3366 1379 3387 ι
1400 3351 1575 3398 requievit
1601 3350 1708 3386 Deus.
1729 3363 1740 3383 ι
1768 3348 1923 3391 Proinde
1945 3351 2055 3398 igitur
2070 3352 2140 3394 hoe
2156 3363 2260 3396 maa,

1201 3415 1323 3451 datum
1354 3412 1510 3460 pertinet
1538 3410 1584 3446 ad
1611 3409 1786 3456 Spiritum
1811 3415 1991 3455 samum,
2013 3417 2090 3455 tam
2111 3419 2261 3460 propter

1201 3484 1332 3511 nomen
1362 3470 1671 3516 sanctificationis,
1699 3481 1806 3522 quam
1830 3477 1977 3519 propiet
1997 3478 2175 3512 eternam
2201 3484 2260 3513 re-

1202 3535 1336 3581 quiem,
1358 3533 1403 3569 ad
1420 3533 1566 3570 domum
1589 3533 1706 3571 sancti
1724 3532 1884 3581 Spiritus
1906 3533 2160 3582 pertinentem.
2194 3535 2258 3578 Di-

1203 3595 1296 3632 citur
1313 3593 1408 3630 enim
1430 3593 1479 3629 ibi
1497 3604 1504 3627 :
1526 3605 1539 3626 ι
1554 3592 1732 3631 Memento
1751 3598 1794 3630 ut
1809 3593 1906 3632 diem
1926 3594 2067 3632 sabbati
2093 3595 2256 3641 sanctifi,-

1202 3665 1274 3691 ces.
1303 3653 1374 3690 Sex
1395 3653 1520 3690 diebus
1535 3653 1756 3699 operaberis,
1779 3659 1820 3694 et
1837 3654 1949 3695 facies
1967 3665 2080 3703 opera
2094 3661 2176 3704 tua;
2195 3666 2256 3702 βο-

1201 3716 1335 3763 ptimus
1350 3719 1470 3757 autem
1488 3713 1565 3757 (fies
1577 3714 1766 3760 „sabbaim”
1777 3721 1833 3763 esi
1846 3715 1990 3762 Domini
2011 3717 2078 3762 Dei
2099 3717 2168 3765 mi,
2181 3727 2257 3764 m

1201 3776 1313 3815 facies
1333 3785 1440 3814 omne
1464 3784 1567 3824 opus.
1585 3789 1598 3811 ι
1631 3774 1671 3813 ln
1692 3786 1756 3816 sex
1772 3771 1919 3829 ‘dierum
1941 3787 2063 3830 opere,
2092 3787 2159 3820 sex
2174 3777 2256 3818 mil-
