2540 4016
337 199 406 236 799

331 332 388 381 (11
418 331 507 367 Tim.
538 331 594 378 ιι).
619 331 666 366 Et
688 331 741 366 illi
766 337 851 367 sunt
866 333 926 377 qui
946 332 1150 378 procedunt
1169 330 1214 366 ad
1232 330 1382 375 bellum,

331 398 546 439 et·pugnant
573 393 747 429 adversus
774 398 901 439 gentes
930 394 1095 429 inimicas
1122 398 1159 429 et
1191 394 1382 430 adversum

330 450 509 500 spiritales
529 453 710 499 nequitias
741 463 808 499 pro
838 453 978 498 reliquo
1006 453 1151 499 populo,
1186 458 1223 489 et
1239 464 1306 500 pro
1326 455 1383 490 his

330 515 388 560 qui
418 513 637 550 infirmiores
671 518 766 556 sunt,
804 513 879 549 sive
914 523 978 559 per
1011 519 1170 558 aetatem,
1208 515 1284 550 sive
1317 525 1383 561 per

329 587 469 619 sexum,
504 575 580 611 sive
612 586 677 621 per
700 576 939 621 propositum.
974 575 1139 622 Pugnant
1168 583 1289 612 autem
1321 577 1381 612 isti

329 636 552 672 orationibus
581 642 618 672 et
644 635 803 682 jejuniis,
824 635 965 681 justitia
987 644 1023 672 et
1046 638 1193 683 pietate,
1214 648 1383 672 mansue-

330 698 453 734 tudine
480 703 516 733 et
546 698 724 740 castitate,
753 698 965 743 cunctisque
991 699 1220 734 continentiae
1239 698 1382 733 virtuti-

328 758 408 800 bus,
429 763 598 803 tanquam
623 759 735 794 armis
760 758 900 794 bellicis
920 760 1142 795 communiti.
1165 759 1209 794 Et
1227 769 1308 794 cum
1326 769 1382 794 re-

330 819 445 865 gressi
466 819 601 855 suerint
620 820 666 855 ad
683 825 804 856 castra
823 820 991 864 victores,
1015 820 1183 856 fruuntur
1198 820 1382 856 laboribus

329 889 454 915 eorum
474 881 582 916 etiam
602 881 765 917 imbelles
782 885 818 916 et
835 881 872 916 hi
899 882 959 926 qui
980 882 1024 917 ad
1042 891 1199 926 pugnam
1228 880 1284 916 vel
1311 890 1380 915 non

330 946 517 984 vocantur,
551 941 607 976 vel
634 942 734 977 exire
755 951 826 976 non
845 946 1009 987 possunt.
1034 941 1230 977 Sciendum
1256 946 1380 976 tamen

329 1006 384 1036 est
400 1001 494 1046 quod
510 1001 632 1036 omnia
652 1011 732 1047 quae
753 1006 946 1036 sumuntur
965 1012 1009 1037 cx
1030 1002 1109 1037 istis
1127 1001 1294 1047 gentibus
1311 1000 1380 1035 im-

329 1062 462 1096 munda
483 1067 578 1104 sunt,
601 1067 637 1096 et
654 1071 761 1097 omne
781 1061 935 1097 fortasse
966 1061 1139 1107 quidquid
1169 1072 1212 1097 ex
1231 1061 1300 1096 hoc
1316 1070 1382 1095 sae-

330 1120 410 1156 culo
440 1122 648 1164 assumitur,
681 1122 737 1156 vel
766 1121 889 1166 praelio
910 1122 1062 1166 capitur,
1092 1122 1313 1156 immundum
1327 1126 1382 1156 est

330 1185 367 1216 et
396 1180 647 1226 purificatione
678 1181 825 1226 indiget.
861 1181 904 1216 Et
938 1182 1102 1226 quaedam
1129 1192 1173 1216 ex
1206 1181 1293 1226 ipsis
1318 1190 1383 1226 per

330 1239 448 1287 ignem
477 1241 675 1276 transitura
702 1246 810 1276 sunt:
835 1241 914 1276 aliis
949 1247 1068 1276 autem
1098 1239 1248 1276 sufficiet
1280 1251 1382 1286 aquae

329 1302 545 1348 purificatio.
574 1303 817 1337 Assumuntur
835 1306 954 1335 autem
974 1301 1084 1336 etiam
1105 1311 1148 1335 ex
1173 1300 1295 1346 praelio
1314 1301 1382 1335 ho-

329 1363 444 1397 mines
457 1362 685 1407 etjumenta‚
707 1370 789 1395 cum
808 1359 1009 1404 captivatur
1035 1360 1155 1394 omnis
1180 1359 1383 1393 intellectus

329 1421 374 1455 ad
394 1419 632 1455 obediendum
651 1418 808 1454 Christo.
839 1417 914 1452 Nisi
935 1418 1030 1452 enim
1050 1417 1329 1463 pugnaverimus
1346 1417 1382 1451 in

328 1480 438 1515 verbo
453 1480 531 1523 Dei,
552 1490 623 1515 non
642 1478 841 1525 poterimus
868 1477 1053 1522 captivare
1082 1476 1305 1512 intellectum
1323 1486 1384 1512 eo·

329 1550 409 1576 rum
428 1541 489 1587 qui
510 1541 653 1576 diversa
684 1551 703 1575 a
729 1539 872 1575 Christo
904 1539 1077 1581 sentiunt,
1118 1544 1155 1574 et
1185 1539 1383 1584 perducere

331 1612 394 1638 eos
412 1602 458 1637 ad
476 1600 719 1637 obedientiam
739 1599 887 1635 Christi.
914 1598 1023 1634 Pauci
1044 1604 1127 1634 sunt
1144 1599 1205 1644 qui
1222 1609 1383 1645 pugnare

327 1662 469 1708 possint
498 1667 534 1697 et
557 1660 680 1707 praelia
700 1661 767 1696 ista
787 1659 980 1695 conticere.
1003 1658 1053 1694 De
1070 1660 1251 1695 sexcentis
1278 1660 1383 1695 milli-

327 1723 395 1758 bus
411 1726 446 1757 et
478 1721 630 1767 amplius
660 1726 880 1755 armatorum
910 1730 990 1765 quae
1024 1719 1192 1756 videntur
1226 1720 1383 1756 militare

329 1781 416 1823 Deo,
446 1781 520 1816 sola
551 1781 739 1817 duodecim
761 1780 872 1816 millia
898 1780 1093 1826 eliguntur,
1128 1781 1250 1817 caeteri
1274 1781 1384 1817 relin-

327 1847 487 1887 quuntur
504 1842 539 1877 in
560 1842 703 1878 castris.
724 1842 867 1877 Intuere
885 1851 981 1877 nunc
1005 1841 1093 1876 mihi
1122 1842 1292 1887 populum
1317 1841 1381 1878 Dei

329 1902 389 1947 qui
411 1902 520 1938 estin
537 1902 714 1945 Ecclesia,
745 1902 870 1947 quanti
899 1907 982 1938 sunt
1010 1912 1055 1938 ex
1083 1902 1139 1937 his
1162 1902 1223 1947 qui
1243 1901 1382 1947 possint

328 1964 497 2000 resistere
517 1964 573 1999 his
591 1963 652 2010 qui
670 1963 936 2007 contradicunt,
957 1964 1017 2009 qui
1035 1963 1154 1999 sciunt
1168 1963 1268 1999 verbi
1289 1963 1382 1999 bella

327 2030 497 2061 tractare.
522 2024 624 2060 Beati
654 2029 737 2060 sunt
767 2025 829 2070 qui
854 2034 920 2070 pro
947 2025 1045 2060 omni
1070 2023 1200 2069 populo
1218 2034 1380 2071 pugnare

777 197 818 232 B.
846 194 1016 233 RABANI
1038 193 1187 233 MAURI
1211 192 1426 232 ARCHIEP.
1449 193 1657 233 MOGUNT.
1678 195 1871 234 OPERUM
1895 196 2016 235 PARS
2042 196 2071 232 1.
2428 201 2475 240 30

332 274 382 311 illi
396 273 473 309 sine
486 271 607 315 dubio,
621 271 680 318 qui
694 281 730 307 se
745 281 813 306 non
826 270 980 318 obliyant
994 271 1140 317 neqotiis
1154 270 1382 306 saecularibus
1401 273 1437 312 Α
1451 275 1483 306 et
1517 271 1635 307 ovibus
1648 299 1656 315 ,
1689 279 1722 308 et
1760 273 1860 309 dabis
1881 284 1957 309 eam
1984 271 2160 308 Eleazaro
2184 274 2378 320 sacerdoti,
2419 278 2479 326 qui

1449 333 1614 377 primitiae
1638 333 1781 369 Domini
1807 339 1902 370 sunt.
1933 332 1991 367 Ex
2009 333 2125 368 media
2142 343 2277 381 quoque
2292 341 2391 382 parte
2411 338 2504 383 tilio-

1451 401 1529 427 rum
1562 392 1676 428 Israel
1711 394 1858 438 accipies
1891 393 2215 439 quinquaqesimum
2250 401 2355 443 caput
2392 397 2506 435 homi-

1451 463 1553 496 num,
1595 459 1626 488 et
1666 453 1788 494 boum,
1820 458 1853 487 et
1886 453 2092 497 asinorum,
2127 461 2160 490 et
2191 455 2326 500 ovium',
2360 463 2482 494 cuncto

1450 522 1594 557 rumque
1627 511 1880 555 animantium,
1912 519 1944 548 et
1973 513 2072 548 dabis
2100 525 2176 550 eam
2205 514 2331 552 Levitis
2354 517 2414 563 qui
2443 528 2462 553 e
2488 511 2490 514 ¹

1450 571 1576 606 cubant
1601 571 1638 604 in
1666 571 1832 606 custodiis
1865 572 2082 608 tabernaculi
2117 574 2273 611 Domini.
2308 558 2511 616 Fece2·unt.3

1450 641 1514 676 que
1539 630 1678 675 Moyses
1706 637 1737 666 et
1765 631 1918 667 Eleazar
1942 634 2032 668 sicut
2060 643 2270 682 proeceperat
2294 636 2403 680 Deus,
2431 633 2505 675 etcss

1450 691 1795 737 Quinquagesimum
1823 699 1943 729 antem
1966 700 2003 730 et
2022 696 2350 742 quingentesimum
2374 703 2503 734 nume-⁴

1451 762 1533 786 rum
1553 758 1719 788 sanetum
1737 763 1817 789 esse
1837 753 2024 800 Scriptura
2043 761 2210 792 testatur.
2239 757 2342 793 Unde
2367 763 2402 793 et
2424 757 2504 794 Sal-

1450 819 1554 847 vator
1567 813 1752 848 dicebatin
1763 814 1966 860 Evangeliis
1979 828 1986 850 :
1999 815 2143 851 Homini
2157 818 2298 853 cuidam
2315 817 2506 864 feneratori
2523 821 2540 879 ξ

1450 879 1547 908 erant
1579 873 1648 907 duo
1677 874 1860 910 debitores.
1893 874 1990 911 Unus
2008 887 2050 912 ecc
2066 877 2151 923 ipsis
2170 878 2312 913 debebat
2342 878 2505 914 denarios

1449 935 1667 980 quingentos,
1686 935 1777 971 alius
1801 938 2066 983 quinquaqinta.
2086 938 2168 973 Non
2202 939 2406 974 habentibus
2432 939 2504 975 illis

1450 995 1540 1029 unde
1567 995 1750 1038 solverent,
1775 998 1930 1043 utrisque
1961 998 2103 1033 donavit
2132 997 2232 1045 (Luc.
2253 997 2332 1045 vn).
2372 997 2442 1033 Sed
2470 967 2540 1039 et}

1451 1059 1588 1099 septem
1605 1055 1813 1100 septimanae
1829 1058 1995 1099 monade,
2015 1057 2050 1092 id
2070 1063 2122 1092 est
2143 1067 2227 1100 una,
2247 1057 2382 1100 addita,
2403 1057 2540 1102 quin->1

1451 1114 1668 1160 quagesimae
1688 1115 1825 1151 faciunt
1842 1117 1952 1159 diem,
1974 1127 2054 1162 quae
2071 1117 2304 1153 Pentecostes
2328 1118 2506 1154 festivitas
2527 1109 2540 1155 'i

1401 1168 1433 1207 Β
1453 1174 1667 1218 appellatur.
1701 1174 1875 1211 Similiter
1895 1182 1931 1210 et
1949 1177 2175 1222 septuaginta
2201 1178 2422 1222 septimanae,
2440 1178 2505 1214 ad-

1451 1232 1524 1268 dita
1541 1234 1647 1269 unius
1668 1235 1813 1271 decadis
1830 1235 2065 1281 perfectione,
2085 1237 2359 1282 quingentorum
2380 1246 2506 1273 nume-

1451 1303 1531 1327 rum
1563 1294 1728 1330 reddunt.
1763 1294 1834 1330 Sed
1867 1300 2002 1340 quanto
2028 1296 2150 1341 plures
2176 1302 2260 1332 sunt
2278 1297 2505 1342 septuaginta
2537 1324 2540 1325 γ

1452 1353 1660 1397 septimanae
1683 1363 1790 1398 quam
1810 1361 1962 1400 septem,
1993 1363 2091 1392 tanto
2117 1357 2347 1402 praestantior
2367 1363 2403 1392 et
2422 1367 2506 1404 per-

1451 1410 1579 1447 fectior
1600 1423 1772 1449 numerus
1792 1415 2074 1460 quingentorum
2098 1426 2206 1461 quam
2228 1418 2505 1464 quinquaginta.

1450 1471 1536 1506 Inde
1568 1472 1722 1517 denique
1750 1479 1787 1508 et
1811 1474 1849 1508 in
1875 1475 2047 1519 parabola
2062 1476 2246 1522 Evangelii
2266 1488 2374 1522 quam
2394 1488 2504 1524 supra

1451 1532 1699 1577 exposuimus,
1732 1531 1899 1570 Salvator
1928 1540 2052 1571 noster
2069 1536 2292 1581 pronuntiat,
2324 1538 2404 1582 quis
2423 1539 2506 1583 plus
2538 1559 2540 1562 -

1452 1594 1590 1640 diligat,
1614 1594 1674 1630 ille
1702 1595 1758 1630 cui
1787 1596 1975 1642 quingenti
1995 1606 2084 1642 quos
2108 1597 2261 1632 debebat
2281 1598 2419 1633 denarii
2439 1599 2504 1634 do-

1451 1654 1526 1690 nati
1545 1660 1643 1697 sunt,
1675 1665 1783 1700 quam
1810 1655 1870 1690 ille
1898 1655 1956 1691 cui
1985 1656 2258 1703 quinquaginta.
2280 1656 2440 1702 Denique
2467 1657 2504 1694 in

1450 1717 1622 1763 praesenti
1643 1717 1797 1753 lectione
1814 1717 1965 1753 Eleazar
1985 1718 2156 1754 sacerdos
2174 1729 2245 1755 non
2265 1719 2435 1755 scribitur
2455 1719 2503 1755 ad

1450 1787 1595 1813 omnem
1613 1777 1784 1823 populum
1814 1777 1968 1821 locutus,
1991 1777 2052 1814 sed
2072 1779 2115 1813 ad
2137 1787 2198 1815 eos
2219 1783 2357 1814 tantum
2379 1779 2440 1824 qui
2460 1778 2505 1815 de

1450 1838 1573 1884 praelio
1595 1839 1757 1874 redeunt.
1783 1838 1843 1874 Ait
1861 1839 1981 1875 enim:
2005 1839 2051 1874 Et
2068 1840 2155 1875 dixit
2167 1839 2320 1875 Eleazar
2341 1839 2503 1876 sacerdos

1450 1900 1495 1934 ad
1521 1901 1613 1936 viros
1641 1901 1775 1936 virtutis
1802 1901 1862 1947 qui
1888 1901 2144 1936 revertebantur
2170 1901 2212 1937 de
2238 1901 2373 1948 proelio.
2394 1901 2502 1938 vides

1449 1970 1534 2006 ergo
1565 1961 1744 2006 quomodo
1772 1961 1817 1996 ad
1843 1961 1941 1997 viros
1959 1961 2104 1998 virtutis
2120 1961 2278 2008 loquitur
2298 1972 2416 1998 sermo
2433 1961 2504 1998 Do-

1449 2021 1537 2056 mini
1555 2033 1561 2055 :
1583 2021 1651 2057 viri
1670 2022 1767 2057 enim
1785 2022 1927 2058 virtutis
1944 2027 2028 2058 sunt
2045 2022 2105 2068 qui
2123 2023 2168 2059 ad
2181 2022 2273 2058 bella
2287 2023 2499 2068 procedunt.

327 2091 489 2132 possunt,
508 2091 544 2121 et
564 2085 755 2122 defendere
777 2086 839 2122 Dei
858 2086 1012 2131 plebem,
1035 2092 1072 2122 et
1086 2086 1231 2131 copiosa
1252 2086 1296 2122 de
1313 2087 1380 2122 ho-
1399 2062 1429 2104 C
1453 2081 1490 2117 Si
1511 2083 1590 2128 quis
1611 2094 1695 2120 vero
1719 2093 1879 2130 pugnare
1902 2094 1974 2120 non
1994 2084 2070 2119 vult
2088 2093 2155 2120 nee
2172 2084 2340 2127 militare,
2366 2085 2395 2120 si
2418 2085 2499 2130 quis

329 2147 443 2183 stibus
475 2146 587 2191 spolia
621 2152 817 2191 reportare.
843 2146 977 2182 Tamen
999 2152 1034 2183 et
1055 2147 1191 2192 reliqua
1209 2157 1293 2192 pars
1317 2157 1382 2192 po-

327 2206 401 2253 puli
419 2217 497 2252 qua:
515 2207 659 2242 videtur
679 2206 867 2243 imbecillis
896 2217 978 2242 eum
1006 2208 1127 2253 quiete
1153 2208 1312 2244 resideat
1344 2209 1382 2244 in

329 2267 478 2310 eastris,
506 2267 536 2303 si
566 2267 602 2302 in
630 2267 772 2302 silentio
801 2273 882 2314 agat
899 2273 935 2303 ct
948 2278 1019 2304 non
1041 2269 1187 2304 recedat
1205 2278 1225 2303 a
1244 2268 1379 2314 Moyse,

327 2327 389 2363 sed
402 2334 615 2374 permaneat
634 2329 670 2364 in
694 2329 772 2375 lege
797 2329 877 2373 Dei,
897 2336 1036 2375 partem
1061 2330 1257 2375 spoliorum
1271 2331 1380 2366 etiam

326 2386 402 2432 ipsa
416 2387 603 2432 percipiet.
626 2386 703 2422 Fiet
723 2388 820 2424 enim
846 2398 948 2434 aequa
972 2389 1102 2435 portio,
1129 2400 1199 2425 non
1221 2399 1287 2435 per
1310 2401 1379 2426 nu-

326 2456 466 2482 merum
493 2447 663 2492 quidem:
683 2449 746 2484 sed
771 2454 945 2494 quantum
979 2450 1084 2485 datur
1121 2451 1218 2486 omni
1247 2452 1379 2497 populo

325 2506 477 2552 reliquo,
501 2513 641 2543 tantum
671 2514 707 2544 et
738 2509 808 2545 illis
835 2510 1022 2546 duodecim
1052 2511 1222 2555 millibus,
1250 2513 1378 2558 quibus

324 2567 552 2605 vincentibus
572 2575 675 2616 capta
696 2577 779 2607 sunt
797 2572 921 2618 spolia.
940 2571 1027 2615 Quis
1044 2574 1121 2610 haec
1140 2574 1290 2611 audiens
1306 2586 1378 2611 non

324 2629 496 2666 invitetur
516 2632 560 2667 ad
580 2633 743 2668 militiam
776 2633 865 2669 Dei?
897 2634 984 2678 Quis
1013 2646 1084 2672 non
1116 2637 1296 2673 animetur
1312 2649 1378 2684 pu-

325 2700 437 2736 gnare
452 2702 517 2736 pro
537 2692 712 2735 Ecclesia,
742 2699 780 2729 et
804 2696 973 2731 resistcre
1001 2696 1193 2732 adversum
1213 2698 1376 2734 veritatis

327 2750 514 2786 inimicos?
541 2751 611 2786 Eos
629 2753 795 2789 videlicet
827 2756 887 2799 qni
919 2756 974 2791 vel
1005 2757 1172 2801 dogmata
1208 2758 1376 2794 Ecclesia}

326 2809 550 2857 impugnare,
578 2812 634 2847 vel
665 2813 839 2858 voluptati
871 2822 906 2851 et
938 2817 1088 2853 luxuriae
1118 2829 1265 2864 operam
1290 2821 1376 2855 darc

325 2871 488 2907 homines
517 2872 657 2908 docent.
692 2873 759 2917 Qui
788 2885 874 2911 vero
901 2877 967 2912 hos
991 2884 1185 2924 expugnat,
1207 2885 1242 2914 ct
1260 2880 1315 2915 vel
1339 2880 1374 2915 in

326 2939 364 2965 se
381 2931 437 2966 vel
460 2932 495 2966 in
514 2932 688 2976 proximis
722 2935 796 2969 suis
826 2935 912 2970 vitia
943 2938 1103 2981 perlinit,
1137 2939 1195 2974 hic
1223 2940 1376 2985 accipiet

326 2990 437 3035 spolia
462 2992 586 3034 multa,
604 2993 839 3039 quinquagies
854 2995 1089 3040 multiplicata
1109 3008 1216 3042 quam
1238 3001 1370 3035 caeteri.

325 3050 364 3086 ln
392 3055 531 3086 tantum
561 3057 680 3087 autem
710 3063 900 3089 numerum
931 3056 1111 3100 quantitas
1144 3058 1284 3093 videtur
1310 3070 1374 3094 au—

325 3110 415 3156 geri,
437 3121 518 3147 cum
539 3111 719 3148 sexcentis
739 3112 896 3149 millibus
917 3115 1103 3150 duodecim
1123 3117 1233 3153 millia
1253 3119 1374 3155 conse-

324 3176 465 3207 runtur.
485 3171 634 3218 ‘Offerre
666 3178 788 3208 tamen
818 3183 903 3218 pars
929 3179 1082 3220 utraque
1103 3175 1249 3220 ,iubetur
1269 3178 1368 3214 Deo:

324 3237 359 3268 et
377 3232 428 3268 illi
446 3232 508 3279 qui
530 3234 708 3277 vicerunt,
729 3244 838 3269 unam
857 3244 902 3270 ex
921 3235 1146 3281 quingentis;
1169 3237 1230 3282 qui
1251 3243 1371 3273 autem

324 3292 419 3330 (lomi
437 3294 670 3337 resederunt,
698 3303 807 3329 unam
839 3303 883 3329 ex
912 3295 1182 3342 quinquaginta.
1207 3296 1310 3332 Unde
1335 3303 1371 3333 et

323 3355 487 3402 sequitur
505 3367 513 3390 :
533 3355 696 3401 Dixitque
712 3354 879 3390 Dominus
901 3355 945 3390 ad
965 3355 1128 3402 Moysen:
1141 3356 1264 3393 Tollite
1279 3370 1373 3394 sum-

323 3427 416 3452 mam
428 3427 547 3452 eorum
562 3427 639 3463 quoe
653 3422 754 3462 capta
767 3416 913 3462 sumsuh
925 3417 1062 3453 bomine
1076 3429 1183 3464 usque
1195 3418 1241 3453 ad
1252 3430 1368 3465 pecus,

323 3482 362 3512 tu
377 3483 412 3512 et
427 3476 578 3512 Eleazar
595 3477 757 3513 sacerdos
767 3504 776 3521 ,
796 3483 828 3513 et
841 3478 1017 3524 principes
1030 3477 1123 3524 vulpi
1139 3487 1151 3513 .·
1173 3479 1370 3526 dividesque

322 3545 366 3572 ex
386 3547 483 3581 aequo
499 3537 654 3582 praedam
670 3539 760 3573 inter
777 3548 834 3573 eos
858 3538 917 3584 qai
935 3543 1174 3583 pugnaverunt
1193 3543 1225 3574 et
1244 3539 1371 3584 egressi

322 3601 403 3631 sunt
425 3595 471 3632 ad
497 3595 637 3640 bellum,
665 3603 696 3632 et
713 3597 803 3632 inter
819 3608 954 3632 omnem
982 3596 1151 3644 reliquam
1177 3596 1373 3632 multitudi-

323 3667 413 3692 nem.
431 3656 478 3692 Εἰ
495 3657 672 3704 separabis
698 3663 832 3704 partem
855 3657 1005 3693 Domino
1025 3657 1068 3692 ab
1087 3657 1141 3692 bis
1161 3657 1221 3704 qui
1237 3667 1371 3703 pugna-

324 3722 443 3752 verunt
468 3724 501 3753 et
527 3718 670 3763 fuerunt
688 3718 725 3754 in
749 3717 850 3760 bello,
885 3729 995 3752 unam
1028 3718 1181 3753 animam
1204 3718 1246 3753 de
1268 3717 1370 3763 quin·
1395 3753 1406 3761 ,

1450 2152 1521 2177 non
1553 2143 1628 2178 vult
1656 2143 1790 2180 habere
1818 2148 2001 2180 certamen
2023 2144 2225 2179 studiorum
2244 2145 2448 2180 divinorum
2465 2149 2502 2198 et

1450 2204 1693 2248 abstinentiae,
1723 2206 1782 2241 liic
1809 2215 1880 2242 non
1906 2204 1982 2240 vult
2002 2204 2151 2250 implere
2182 2205 2278 2251 quod
2309 2205 2501 2252 Apostolus

1450 2265 1565 2301 dixit:
1587 2265 1656 2308 Qui
1686 2272 1801 2302 autem
1830 2267 1867 2302 in
1898 2277 2007 2312 ayone
2035 2266 2232 2310 contendit,
2266 2266 2307 2302 ab
2341 2266 2500 2302 omnibus

1449 2327 1625 2363 continens
1651 2333 1700 2362 est
1732 2327 1944 2375 (ICor.1x).
1977 2328 2044 2372 Qui
2072 2332 2192 2364 autem
2218 2338 2288 2364 non
2319 2327 2501 2364 contendit

1448 2389 1483 2424 in
1504 2399 1631 2434 agone,
1651 2390 1695 2425 ab
1709 2390 1875 2425 omnibus
1890 2400 1960 2425 non
1978 2395 2032 2425 est
2047 2390 2247 2433 continens,
2266 2399 2382 2435 neque
2397 2398 2500 2425 exer-

1447 2447 1521 2483 ceri
1549 2448 1626 2483 vult
1644 2448 1680 2483 in
1702 2448 1814 2484 verbo
1831 2448 1908 2491 Dei,
1936 2448 2027 2483 etin
2054 2448 2133 2495 lege
2158 2448 2301 2484 Domini
2333 2448 2499 2484 meditari

1447 2507 1504 2543 die
1538 2518 1580 2544 ac
1610 2513 1727 2544 nocte.
1747 2507 1813 2543 Hic
1835 2507 1943 2543 etiam
1972 2508 2002 2543 si
2034 2508 2090 2543 vir
2125 2508 2276 2551 dicatur,
2302 2508 2359 2543 vir
2377 2513 2499 2545 tamen

1445 2567 1590 2604 virtutis
1623 2578 1694 2604 non
1721 2573 1839 2614 potest
1871 2568 2055 2614 appellari.
2090 2568 2247 2614 Tempus
2280 2569 2390 2616 igitur
2414 2569 2498 2606 belli

1446 2627 1549 2663 nobis
1570 2633 1625 2663 est
1646 2628 1682 2663 in
1702 2628 1771 2663 hoc
1790 2627 1923 2663 mundo
1942 2640 1950 2663 ε
1970 2638 2090 2673 pugna
2109 2629 2300 2665 adversum
2320 2629 2496 2666 Madiani·

1447 2693 1514 2732 tas,
1550 2689 1624 2725 sive
1655 2689 1844 2724 adversum
1864 2689 1951 2724 vitia
1971 2689 2092 2725 carnis
2112 2694 2257 2731 nostrae,
2278 2690 2352 2727 sive
2371 2691 2497 2727 adver-

1447 2761 1525 2786 sum
1554 2751 1755 2786 contrarias
1779 2756 1989 2797 potestates.
2020 2750 2166 2797 Spectat
2193 2762 2259 2788 nos
2289 2752 2496 2797 angelorum

1446 2814 1591 2856 chorus,
1623 2819 1659 2848 et
1687 2813 1862 2848 virtutum
1884 2813 2082 2848 coelestium
2102 2814 2159 2859 pia
2177 2823 2261 2860 erga
2281 2824 2346 2849 nos
2365 2814 2497 2860 pendet

1445 2873 1682 2919 exspectatio,
1703 2874 1847 2918 quando
1871 2873 1929 2909 vel
1949 2874 2127 2919 quomodo
2143 2874 2186 2910 de
2204 2874 2272 2910 hoc
2289 2874 2413 2920 praelio
2439 2884 2510 2924 re<

1445 2931 1618 2974 deamus,
1651 2932 1737 2977 quid
1767 2933 2015 2979 unusquisque
2046 2938 2207 2969 nostrum
2243 2935 2494 2971 manubiarum
2534 2922 2540 2927 ¹

1445 2997 1620 3037 reportet,
1649 2997 1685 3028 et
1708 2993 1893 3028 intuentur
1922 2993 2098 3029 curiosius
2129 3002 2170 3029 ae
2205 2993 2391 3030 sollicitius
2414 3004 2495 3040 per·
2529 3003 2540 3043 ss

1444 3057 1654 3086 scrutantur
1669 3053 1750 3097 quis
1767 3058 1930 3088 nostrum
1948 3052 2008 3089 hic
2024 3053 2103 3088 auri
2119 3053 2273 3099 amplius
2289 3054 2395 3098 serat,
2415 3041 2510 3106 quis?
2535 3079 2540 3084 -

1441 3113 1551 3149 etiam
1583 3114 1723 3159 argenti
1746 3113 1830 3150 illuc
1851 3114 1991 3160 pondus
2009 3114 2193 3158 exhibeat,
2213 3116 2339 3160 quisve
2357 3115 2492 3161 lapides
2535 3118 2540 3126 ‘

1443 3174 1581 3209 deferat
1605 3174 1796 3218 pretiosos.
1816 3174 2020 3220 Requirunt
2043 3175 2151 3210 etiam
2176 3175 2206 3211 si
2231 3176 2312 3222 quis
2328 3186 2377 3212 aes
2395 3176 2494 3214 defe-

1441 3239 1513 3275 rat,
1532 3237 1594 3268 aut
1613 3233 1749 3267 serrum
1769 3238 1830 3268 aut
1848 3233 2054 3278 plumbum;
2074 3235 2138 3270 sed
2157 3240 2192 3270 et
2208 3245 2270 3271 vas
2288 3236 2444 3282 ligneum
2461 3237 2490 3273 si
2532 3243 2540 3281 ,ζ

1444 3293 1537 3328 sorte
1557 3293 1687 3337 aliquis
1714 3293 1829 3328 desert
1858 3299 1921 3328 aut
1946 3294 2068 3336 fictile,
2086 3299 2148 3330 aut
2167 3295 2263 3331 aliud
2284 3296 2489 3342 hujusmodi
2535 3293 2540 3307 ²

1443 3361 1582 3398 magnae
1602 3351 1729 3387 domus
1748 3351 1872 3386 usibus
1900 3353 2157 3388 necessarium.
2185 3353 2224 3389 ln
2243 3364 2372 3401 magna
2391 3357 2488 3395 enim
2520 3342 2522 3346 ‚

1443 3414 1548 3451 domo
1567 3421 1638 3448 non
1657 3415 1740 3447 sunt
1757 3410 2002 3446 tantummodo
2018 3420 2104 3447 vasa
2123 3421 2233 3448 aurea
2252 3417 2288 3448 et
2304 3421 2486 3462 argentea,
2513 3412 2518 3419 ’

1443 3471 1506 3509 sed
1524 3478 1562 3508 et
1578 3471 1696 3518 lignea
1714 3475 1750 3507 et
1769 3469 1904 3506 fictilia.
1933 3470 2145 3516 Requiritur
2169 3482 2255 3518 ergo
2281 3474 2484 3524 diligenter,

1442 3542 1524 3569 cum
1554 3531 1750 3568 abierimus
1786 3530 1890 3574 illuc,
1924 3530 2009 3576 quid
2042 3533 2286 3579 unusquisque
2319 3542 2485 3575 nostrum

1438 3591 1599 3636 deserat3
1634 3597 1671 3628 et
1697 3591 1751 3627 sic
1774 3590 1970 3627 secundum
1996 3600 2039 3627 ea
2056 3601 2135 3638 quae
2151 3591 2336 3638 detulerit,
2357 3605 2485 3633 seeun-

1436 3654 1520 3689 dum
1547 3651 1641 3698 quod
1670 3651 1773 3687 labor
1791 3649 1869 3696 ejus
1893 3661 1958 3696 per
1983 3651 2319 3698 contemplationem
2335 3657 2483 3698 exuvia-

1435 3721 1514 3748 rum
1527 3711 1715 3757 probatur,
1730 3711 1841 3747 etiam
1853 3710 2051 3747 mansionis
2064 3711 2098 3747 ei
2113 3712 2280 3748 meritum
2294 3713 2480 3760 deputabi-

325 3777 433 3822 qemis
448 3804 459 3822 ,
484 3784 555 3815 tam
577 3789 620 3815 ex
640 3778 836 3815 bominibus
866 3787 971 3827 quam
1000 3787 1044 3814 ex
1066 3777 1173 3814 bobus
1196 3783 1229 3814 et
1257 3775 1367 3814 asinis
1431 3778 1504 3810 tur·
1521 3771 1724 3809 Probamllr
1739 3776 1824 3810 ‘¹1¹¹ss
1837 3771 1957 3810 Omnia
1970 3771 2060 3819 haeC,
2084 3782 2163 3820 (1¹¹ae
2181 3783 2246 3820 pet·
2264 3768 2398 3822 iguem,
2414 3780 2489 3832 Ρθῐ
