2540 4016
267 137 299 169 ξ

301 243 365 279 471

299 369 511 418 transgredi,
530 373 570 404 ut
588 376 660 402 non
676 365 857 410 ejiciatur,
882 367 919 401 id
942 370 1011 408 est,
1028 363 1241 410 projiciatur
1255 372 1348 409 prae-

297 433 490 470 varicator.
511 429 585 465 Hoc
599 432 655 463 est
670 427 767 462 enim
795 436 974 462 emovere.
1011 424 1114 468 Quod
1130 429 1166 459 et
1187 423 1349 471 Symma-

297 494 400 535 chus,
440 489 602 527 similiter
634 484 858 522 Theodotion
888 483 1038 529 abjicere
1063 484 1188 520 edidit.
1221 484 1348 521 Evomi

298 559 419 590 autem
434 549 546 586 unde?
575 547 637 582 De*
658 550 756 580 terra
774 543 959 586 videlicet,
993 542 1029 577 in
1056 553 1127 589 qua
1157 553 1225 579 nos
1250 543 1348 580 Deus

298 613 474 651 introduci
500 609 689 657 promittit.
713 607 800 651 Quae
822 606 869 642 sit
891 610 1011 642 autem
1038 606 1116 642 haec
1148 616 1194 642 ex
1221 606 1349 643 subse-

298 676 487 722 quentibus
502 673 609 709 disce.

689 741 839 779 CAPUT
853 741 944 778 XIII.

297 811 350 848 De
379 806 585 849 vossidemta
610 812 701 840 terra
737 808 771 858 et
806 803 962 839 cavenda
993 803 1089 839 omni
1123 802 1351 838 immunditia

759 861 795 885 m
818 862 871 886 ea.

345 914 460 963 (111111.)
478 912 594 948 Nolite
613 909 792 946 ambulare
808 911 855 958 ing
874 909 1037 955 leqitimis
1060 910 1244 944 nationum
1262 918 1350 954 quas

294 988 356 1022 090
383 973 589 1020 expulsurus
613 982 689 1006 sum
710 976 790 1006 ante
805 981 876 1005 vos.
899 969 1028 1005 Omnia
1052 969 1143 1004 enim
1167 968 1240 1003 11ωο
1262 967 1351 1012 fece-

294 1042 385 1077 runt,
414 1040 446 1069 et
473 1032 691 1068 abominatus
722 1042 800 1066 sum
825 1041 896 1066 eos.
935 1028 1037 1064 Vobis
1072 1034 1186 1063 autem
1214 1026 1347 1073 loquor,

294 1096 462 1144 possidete
477 1102 604 1129 terram
621 1103 741 1128 eorum
761 1103 864 1138 quam
887 1091 975 1126 dabo
993 1089 1087 1125 vobis
1108 1089 1144 1123 in
1162 1087 1351 1123 haeredita-

295 1162 383 1199 tem,
413 1161 539 1190 terram
567 1154 729 1198 fluentem
760 1150 848 1186 lacte
881 1156 913 1185 et
941 1148 1148 1194 melle:eqo
1178 1147 1349 1182 Dominus

729 235 768 270 B.
797 231 967 269 RABANI
992 230 1141 269 MAURI
1163 229 1378 267 ARCHIEP.
1405 229 1611 269 MOGUNT.
1637 233 1830 273 OPERUM
1854 235 1974 272 PARS
2001 236 2029 273 Ι.

300 318 411 360 legem
443 310 603 346 breviter
635 308 866 353 significavit,
902 308 947 342 de
979 317 1048 351 qua
1080 304 1171 340 nihil
1203 308 1348 350 oportet
1364 305 1527 346 Asancti
1572 307 1659 343 mihi
1687 319 1699 343 :

2393 239 2466 276 ⁴¹72
2510 239 2514 249 '

1732 309 1817 355 quia
1859 315 1999 345 sanctus
2045 319 2123 345 sum
2161 319 2223 355 090
2265 310 2466 359 Dominae,
2493 304 2499 309 ’
2530 329 2540 342 ε

1416 370 1450 401 et
1479 359 1646 412 separavi,
1665 378 1726 403 vos
1757 379 1780 404 a
1812 369 1946 404 coeteris
1978 367 2115 415 populis
2152 373 2194 404 ut
2224 370 2343 406 essetis
2380 373 2466 410 otei.
2530 366 2540 412 ΞΪ

1417 424 1490 472 (Ex
1518 425 1666 474 eodem.)
1697 426 1875 470 Iumenta,
1895 429 1971 464 sive
1998 438 2129 475 pecora
2160 428 2244 474 quia
2274 430 2469 477 populares
2532 432 2534 434 ’

1416 485 1582 522 homines
1602 486 1779 532 intelligat
1795 486 1870 530 lex,
1889 487 2048 524 volatilia
2065 493 2187 523 autem
2205 489 2469 536 contemplato-

1416 558 1475 584 res
1492 548 1554 594 qui
1577 549 1623 584 ad
1654 549 1911 585 sublimitatem
1941 555 2072 586 vacant
2099 550 2270 593 scientiae,
2303 557 2426 598 aperte
2448 562 2468 588 a

1414 608 1520 643 nobis
1538 613 1575 643 et
1591 618 1673 643 cum
1689 608 1820 653 quibus
1837 609 2026 654 oportebat
2045 609 2316 654 Scripturarum
2335 612 2470 657 proba-

1416 666 1577 702 tionibus
1605 672 1790 703 ostensum
1810 673 1877 710 est,
1906 678 1989 704 cum
2021 669 2066 704 de
2098 669 2287 706 sacrificiis
2319 676 2354 706 et
2381 671 2471 708 cibis

1416 727 1688 772 quadrupedum
1718 727 1992 773 volatiliumque
2019 728 2232 766 diceremus.
2268 729 2359 774 Quia
2385 741 2472 779 ergo

1417 787 1535 823 omnis
1571 787 1754 833 popularis
1785 789 1940 824 mundus
1971 795 2120 836 propter
2151 790 2416 837 simplicitatem
2451 802 2473 829 a

1415 847 1580 892 pluribus
1602 846 1800 891 judicatur,
1828 848 2065 894 similiterque
2080 855 2117 885 et
2134 850 2195 895 qui
2213 850 2260 886 ad
2283 852 2472 888 scientiam
2533 843 2540 847 ⁴

1418 908 1577 944 divinam
1610 909 1824 954 semetipsos
1848 910 1991 946 tradere
2011 915 2120 956 atque
2144 920 2321 957 occupare
2349 913 2475 948 viden·
2537 930 2540 931 ⁷

1417 973 1489 1011 tur,
1515 968 1610 1014 quod
1630 979 1701 1004 non
1729 969 1779 1004 ita
1799 979 1837 1004 se
1869 970 1988 1005 habet.
2023 969 2173 1014 Oportet
2204 971 2299 1006 enim
2321 971 2472 1016 popula-

1418 1036 1494 1062 rem
1511 1027 1723 1072 prudentem
1747 1037 1826 1063 esse
1846 1028 1880 1062 in
1911 1029 2019 1070 bono,
2054 1028 2090 1063 in
2110 1028 2206 1065 malo
2224 1031 2474 1072 autem‚·sicut

1417 1087 1467 1122 ait
1487 1086 1630 1131 Paulus,
1652 1088 1863 1134 simplicem.
1892 1089 1958 1124 Hic
1977 1089 2074 1124 enim
2091 1089 2152 1135 qui
2170 1090 2255 1126 talis
2275 1096 2344 1134 est,
2363 1101 2472 1126 mun-

1417 1147 1483 1182 dus
1514 1152 1585 1191 est;
1615 1149 1676 1194 qui
1692 1154 1811 1184 autem
1844 1148 1925 1184 talis
1957 1159 2028 1185 non
2060 1155 2129 1194 est,
2160 1150 2368 1188 immundus
2403 1157 2471 1188 est.

295 1216 387 1250 Deus
428 1221 560 1256 vester,
595 1213 655 1259 qui
692 1213 849 1259 separavi
881 1222 941 1246 vos
982 1222 1003 1246 a
1039 1209 1173 1245 caeteris
1194 1193 1397 1254 populis.B
1418 1206 1488 1243 Sed
1514 1215 1551 1244 et
1583 1209 1644 1254 qui
1679 1209 1964 1254 contemplandis
1999 1209 2130 1245 divinis
2154 1216 2271 1254 vacat,
2306 1222 2474 1247 necessa-

298 1276 369 1323 (Em
386 1273 538 1320 eodem.)
565 1273 643 1309 Non
663 1272 776 1308 solum
793 1272 838 1307 ad
857 1270 999 1306 Judaeos
1023 1270 1100 1305 haec
1129 1268 1226 1304 (11013
1250 1272 1346 1309 sunt,

297 1335 379 1379 quia
410 1335 452 1369 ab
483 1333 648 1368 omnibus
670 1332 835 1378 gentibus
858 1335 1007 1376 propter
1035 1327 1348 1364 circumcisionem

297 1401 331 1431 ct
351 1395 463 1440 legem
493 1393 622 1440 Moysis
648 1398 834 1438 separatos
863 1401 900 1426 se
928 1399 1008 1426 esse
1025 1389 1190 1430 credunt,
1225 1387 1288 1422 sed
1305 1385 1350 1421 ad

297 1465 420 1490 omnes
439 1455 498 1500 qui
515 1453 691 1489 accedunt
720 1454 856 1488 servire
877 1452 962 1486 Deo.
998 1450 1074 1486 Hoc
1097 1450 1193 1484 enim
1224 1447 1349 1482 ambu-

246 1498 251 1503 ’
299 1517 372 1551 lare
394 1516 548 1550 maxime
564 1515 598 1549 in
615 1515 774 1560 gentium
793 1514 951 1559 legitima
976 1511 1160 1547 nonlicet.
1181 1509 1350 1544 Gentium

299 1582 416 1611 0111010
442 1576 516 1610 51νο
548 1575 734 1610 nationum
764 1582 929 1618 quarum,
951 1582 1037 1617 quas
1058 1581 1118 1616 090
1143 1567 1351 1614 expulsurus

301 1648 389 1677 sum,
410 1637 470 1676 ait,
490 1647 569 1676 vos,·
601 1636 692 1678 quod
713 1635 831 1669 caeteri
849 1634 941 1668 inter
968 1631 1124 1677 pretium
1144 1630 1349 1670 ediderunt,

301 1695 396 1736 Quas
418 1693 517 1737 ejicio
543 1704 603 1737 090
636 1693 724 1737 facie
751 1698 875 1734 vestra,
909 1691 1142 1737 Septuaginta
1164 1695 1307 1729 autem,
1330 1699 1351 1722 a

301 1754 410 1795 vobis,
442 1753 478 1787 id
494 1758 560 1793 051,
584 1752 758 1787 daemonia
779 1762 787 1786 ε
806 1753 882 1787 haec
912 1752 1006 1787 enim
1028 1762 1047 1786 a
1068 1751 1161 1786 faeie
1191 1750 1351 1785 fidelium

302 1819 451 1864 expulit,
469 1817 687 1853 dominantia
705 1817 757 1852 eis
773 1817 885 1862 prius,
910 1827 988 1851 cum
1013 1816 1049 1850 in
1068 1814 1253 1859 impietate
1270 1823 1353 1858 per-

302 1878 481 1921 sisterent,
518 1883 553 1913 et
571 1887 637 1912 nec
654 1888 746 1912 unus
779 1877 853 1917 uni,
885 1877 947 1911 sed
972 1875 1075 1910 multi
1106 1875 1167 1909 uni
1192 1874 1354 1909 domina-

302 1937 443 1971 bantur.
463 1936 563 1980 Quod
579 1937 706 1981 probat
724 1936 834 1970 Maria
862 1934 1069 1979 Magdalene
1085 1933 1126 1966 de
1140 1943 1208 1977 qua
1224 1938 1354 1977 septem

303 1998 401 2042 ejecit
427 1997 620 2038 doemonia;
652 2001 688 2030 et
715 1996 776 2040 qui
802 1995 942 2028 vinctus
974 1996 1052 2027 erat
1083 1992 1235 2033 catenis,
1267 1990 1354 2025 dicit

306 2060 402 2094 enim
421 2059 454 2093 ei
477 2071 483 2091 :
504 2058 607 2102 Leqio
641 2066 764 2091 nomen
788 2060 837 2090 est
871 2055 975 2095 mihi,
997 2054 1078 2099 quia
1098 2052 1199 2086 multi
1230 2063 1350 2087 sumus

307 2114 563 2162 (Matth.1x).
590 2115 673 2148 Haec
704 2124 790 2158 ergo
817 2123 894 2157 (10το
924 2113 980 2146 lex
1000 2112 1183 2157 prohibuit
1214 2112 1258 2148 ab
1285 2112 1355 2147 illis

307 2175 500 2211 commissa
532 2178 627 2215 sunt,
660 2178 720 2207 aut
740 2173 825 2218 ipsis
849 2183 913 2217 per
942 2182 980 2206 se
1008 2172 1210 2218 agentibus,
1239 2173 1356 2207 autin

307 2234 514 2271 hominibus
550 2233 806 2278 operantibus,
849 2237 994 2277 propter
1031 2233 1126 2276 quod
1165 2242 1226 2267 eos
1263 2232 1357 2267 Deus

308 2295 535 2331 abominatus
564 2298 632 2335 est,
657 2299 693 2328 et
714 2303 779 2328 nos
804 2293 838 2326 in
864 2292 1110 2327 haereditatem
1138 2291 1279 2327 illorum
1303 2292 1358 2326 in-

308 2354 483 2395 troduxit,
506 2354 541 2388 in
566 2358 699 2388 terram
728 2352 895 2388 {luentem
915 2352 969 2388 lac
988 2358 1023 2387 et
1044 2353 1114 2387 mel
1136 2364 1142 2386 :
1161 2363 1231 2388 non
1252 2352 1356 2394 dixit,

306 2412 510 2455 habentem,
542 2417 582 2446 ut
608 2412 651 2447 (10
681 2413 748 2448 1130
777 2412 937 2448 sensibili
958 2417 1055 2446 terra
1084 2411 1241 2455 accipias
1264 2412 1359 2456 quod

307 2473 441 2508 dictum
457 2477 527 2514 est,
554 2472 615 2507 sed
631 2473 807 2517 fluentem.
835 2472 920 2516 Quae
942 2477 997 2507 est
1022 2477 1141 2508 autem
1162 2478 1258 2507 terra
1278 2482 1358 2517 quae

307 2531 363 2567 lac
376 2537 412 2566 et
428 2531 498 2566 mel
512 2530 620 2567 fluat?
642 2532 793 2567 Delicias
809 2532 917 2577 igitur
934 2532 1019 2567 dicit
1035 2530 1146 2566 futuri
1168 2532 1303 2574 saeculi,
1323 2537 1359 2567 et

308 2592 403 2627 bona
422 2603 502 2638 quae
522 2593 626 2627 nobis
646 2592 741 2627 Deus
764 2597 845 2637 post
874 2593 1174 2627 resurrectionem
1195 2598 1357 2627 mortuo-

310 2661 390 2686 rum
405 2651 533 2694 donat;
552 2662 631 2696 (1030
647 2652 703 2687 130
719 2657 754 2687 01
774 2652 843 2687 mel
860 2652 1063 2697 appellavit,
1093 2652 1176 2697 quia
1195 2652 1247 2688 eis
1268 2652 1359 2687 nihil

309 2720 364 2748 est
388 2713 532 2747 suavius
556 2713 593 2747 in
611 2713 668 2748 his
699 2714 829 2758 quibus
858 2723 953 2748 nunc
979 2714 1115 2748 utimur
1136 2713 1225 2749 cibis
1243 2722 1360 2758 neque

311 2771 463 2813 dulcius,
497 2772 559 2807 sed
579 2777 615 2806 et
628 2772 705 2807 sine
730 2772 851 2808 labore
875 2783 1000 2808 eorum
1021 2774 1122 2809 cibus
1139 2780 1205 2815 051,
1226 2774 1358 2810 nullius

311 2831 531 2876 operationis
545 2831 602 2866 vel
621 2832 895 2876 praeparationis
915 2843 1023 2878 egens
1041 2844 1049 2867 :
1073 2834 1124 2869 sic
1142 2835 1236 2869 enim
1263 2834 1358 2870 bona

310 2889 423 2926 futuri
453 2891 572 2926 saeculi
608 2891 684 2925 sine
720 2890 842 2926 labore
871 2898 977 2927 erunt
1002 2898 1038 2928 et
1070 2893 1190 2938 aliquo
1221 2894 1356 2937 dolore,

311 2948 443 2983 nullius
463 2949 584 2991 studii,
606 2949 739 2984 nullius
755 2955 959 2995 apparatus,
980 2951 1111 2986 nullius
1139 2953 1358 2997 operationis

311 3009 466 3054 egentia.
488 3008 533 3042 Et
549 3009 629 3053 quis
659 3008 762 3044 nobis
790 3010 867 3045 11300
900 3011 987 3045 dat?
1019 3017 1140 3055 aperte
1172 3012 1358 3056 sequeutia

309 3068 423 3103 verba
468 3068 682 3113 legislatoris
715 3070 917 3112 ostendunt,
952 3081 1013 3116 09ο
1062 3071 1230 3106 Dominus
1262 3071 1358 3107 Deus

310 3133 432 3170 vester,
452 3128 512 3173 qui
530 3128 687 3173 separavi
704 3139 763 3163 vos
777 3140 799 3163 a
817 3130 949 3164 caeteris
969 3130 1104 3175 populis
1125 3139 1136 3164 .·
1151 3132 1219 3166 11οο
1237 3137 1357 3167 autem

310 3184 476 3222 Christus
493 3187 599 3229 tecit3
622 3187 699 3232 ipse
714 3187 810 3223 enim
840 3188 877 3223 10
903 3189 1105 3234 Evangeliis
1128 3190 1172 3225 ab
1192 3191 1358 3228 omnibus

311 3249 478 3294 gentibus
498 3259 570 3284 non
585 3249 700 3285 solum
717 3250 1015 3296 intelligibilibus,
1032 3252 1094 3286 sed
1113 3252 1354 3296 sensibilibus,

311 3309 497 3355 distinguit
526 3319 588 3346 eos
617 3311 678 3356 qui
707 3311 745 3346 in
760 3321 842 3347 eum
868 3312 1039 3355 credunt3
1073 3313 1122 3348 ait
1147 3314 1273 3348 enim:
1302 3314 1357 3349 Ne

311 3371 465 3416 coquetis
482 3371 646 3415 dicentes,
664 3371 756 3414 Quia
773 3373 990 3409 comedemus
1007 3380 1068 3409 aut
1086 3374 1169 3420 quid
1189 3374 1355 3417 bibemus,

312 3435 373 3464 aut
395 3430 477 3475 quid
505 3432 716 3473 vestiemur,·
750 3432 824 3468 11ωο
846 3433 938 3468 enim
964 3435 1080 3468 omnia
1104 3440 1219 3479 9011105
1243 3434 1358 3480 inqui-

313 3493 393 3522 runt
409 3487 559 3534 (Matth.
578 3490 643 3537 vi).
667 3491 763 3538 Ergo
788 3497 910 3537 aperte
933 3502 1001 3528 nos
1027 3498 1210 3537 separatos
1236 3502 1316 3528 esse
1335 3503 1356 3528 a

313 3546 478 3592 gentibus
492 3548 567 3583 vult
580 3550 824 3586 sublimiorem
842 3552 1012 3588 sectando
1030 3553 1355 3589 conversationem.

359 3605 528 3653 Separate
547 3619 626 3654 erqo
640 3621 698 3646 vos
706 3610 906 3657 jumentum
918 3612 1087 3648 mundum
1104 3613 1147 3649 ab
1161 3613 1358 3657 immundo;

314 3675 408 3700 avem
441 3666 606 3703 mundam
640 3669 683 3704 ab
718 3669 913 3707 immanda.
946 3670 1001 3708 Ne
1025 3671 1190 3719 polluatis
1219 3673 1357 3709 animas

313 3728 442 3759 vestras
459 3724 497 3759 in
517 3736 637 3771 pecore
654 3728 738 3764 etin
749 3729 880 3773 avibus,
897 3736 930 3766 et
942 3732 1074 3768 cunctis
1091 3743 1170 3779 quw
1178 3739 1360 3770 moventur

314 3779 352 3815 ²⁶¹⁸
379 3787 484 3826 lena,
519 3790 552 3820 et
581 3796 659 3831 quae
685 3788 780 3825 vobis
810 3790 944 3826 ostendi
967 3802 1041 3828 esse
1062 3791 1212 3838 polluta.
1245 3793 1358 3831 Eritis

1416 1267 1511 1302 rium
1526 1268 1636 1303 habet
1653 1269 1825 1304 mundum
1846 1279 1922 1311 cor,
1939 1270 2181 1315 mundamque
2197 1271 2473 1315 conscientiam,

1418 1333 1454 1364 et
1469 1327 1575 1363 tidem
1595 1339 1666 1365 non
1683 1328 1819 1365 fictam.
1838 1330 1906 1374 Qui
1925 1337 2046 1366 autem
2061 1331 2138 1366 haec
2159 1341 2230 1366 non
2257 1331 2406 1376 habent,
2438 1333 2475 1369 in

1417 1388 1622 1434 vaniloquia
1639 1395 1910 1433 convertuntur,
1932 1401 2004 1426 non
2030 1391 2271 1437 intelligentes
2298 1402 2414 1438 neque
2431 1393 2476 1430 de

1419 1447 1549 1492 (1011105
1563 1447 1771 1492 loquuntur,
1782 1459 1898 1494 neque
1913 1450 1956 1485 de
1971 1450 2101 1495 quibus
2115 1449 2307 1494 affirmant,
2325 1453 2418 1487 sicut
2431 1453 2476 1488 ad

1420 1507 1650 1543 Timotheum
1669 1509 1840 1554 scriptum
1860 1515 1926 1544 051.
1950 1509 2163 1546 Necessario
2188 1522 2274 1558 ergo
2293 1518 2328 1548 01
2346 1514 2474 1550 1101001

1393 1604 1396 1607 ,
1420 1567 1636 1611 illorumque
1652 1568 1805 1603 mundos
1830 1570 1990 1614 separari
2011 1572 2182 1617 praecepit
2202 1576 2308 1617 atque
2322 1573 2478 1610 immun-

1373 2981 1409 3020 D

1420 1628 1497 1669 dos,
1529 1632 1567 1662 ut
1607 1628 1651 1663 ab
1680 1629 1736 1664 1115
1767 1628 2025 1673 abstineamus,
2063 1630 2132 1666 illis
2163 1633 2474 1670 commisceamur.

1423 1686 1493 1722 Sed
1513 1687 1662 1722 multam
1682 1688 1895 1734 sapientiam
1924 1699 2025 1725 suam
2043 1691 2151 1726 etiam
2178 1702 2274 1728 nunc
2292 1692 2477 1739 legislator

1422 1748 1592 1790 ostendit,
1632 1747 1675 1783 de
1704 1749 1996 1794 quadrupedibus
2033 1750 2177 1795 quidem
2209 1757 2245 1787 et
2272 1752 2477 1788 volatilibus

1422 1809 1472 1844 ita
1506 1809 1744 1855 distinguens,
1767 1810 1804 1844 in
1834 1810 2021 1854 reptilibus
2039 1817 2159 1847 autem
2182 1817 2290 1848 terrae
2317 1823 2388 1849 non
2409 1813 2473 1848 ita.

1423 1869 1561 1905 Cuncta
1575 1871 1670 1906 enim
1689 1881 1768 1916 quae
1783 1876 1973 1908 moventur
1992 1872 2029 1908 in
2050 1878 2147 1909 terra
2171 1874 2355 1910 immunda
2378 1880 2474 1919 sunt,

1423 1930 1482 1977 (101
1515 1935 1661 1966 1011003
1679 1929 1847 1967 videlicet
1878 1933 1983 1978 sapit,
2015 1933 2116 1979 cujus
2141 1934 2228 1970 deus
2254 1941 2379 1971 venter
2405 1940 2475 1978 est,

1424 1990 1483 2034 qui
1510 2001 1650 2027 veneno
1674 1992 1835 2037 pascitur
1858 1993 2137 2030 constitutarum
2170 1996 2207 2030 in
2237 1996 2384 2041 pulvere
2411 2006 2456 2032 vo

1423 2049 1602 2094 luptatum
1621 2062 1630 2094 3
1653 2052 1697 2088 de
1719 2052 1807 2099 ipsis
1841 2053 2018 2099 siquidem
2047 2055 2139 2090 sicut
2171 2056 2290 2091 cernis
2310 2057 2478 2092 distincte

1425 2119 1550 2147 narrat
1571 2113 1694 2150 dicens
1716 2126 1723 2148 :
1744 2115 1791 2149 Et
1809 2116 1941 2150 cunctis
1961 2127 2038 2162 quae
2062 2122 2242 2152 moventur
2259 2117 2419 2159 interra,
2445 2122 2480 2152 et

1424 2183 1501 2217 quae
1530 2173 1623 2207 vobis
1643 2175 1776 2209 ostendi
1804 2186 1876 2210 esse
1893 2175 2039 2222 polluta.
2070 2176 2163 2223 Ergo
2179 2188 2305 2214 omnes
2324 2178 2386 2224 qui
2405 2183 2480 2215 ter-

1425 2233 1524 2267 renis
1558 2240 1755 2278 pascuntur
1791 2237 2007 2280 actionibus,
2045 2239 2112 2274 etsi
2148 2238 2306 2278 fidelium
2342 2239 2479 2286 fingant

1426 2293 1603 2336 habitum,
1637 2300 1676 2329 ut
1702 2296 1878 2332 immundi
1909 2299 2065 2344 separati
2098 2304 2193 2342 sunt,
2226 2304 2263 2335 et
2292 2300 2387 2336 inter
2411 2300 2479 2335 im-

1426 2353 1558 2388 munda
1577 2354 1735 2390 distincti
1753 2361 1851 2398 sunt,
1870 2367 1890 2391 a
1912 2367 2066 2402 quorum
2089 2368 2155 2393 nos
2174 2358 2381 2395 omnimodo
2399 2370 2477 2395 ma-

1426 2413 1469 2449 lis
1488 2415 1671 2450 abstinere
1690 2416 1883 2459 desiderat,
1906 2425 2053 2462 propter
2068 2420 2163 2462 quod
2186 2419 2320 2456 addidit
2340 2431 2348 2454 ε
2369 2418 2479 2454 Eritis

1425 2475 1537 2509 sancti
1573 2475 1671 2517 mihi,
1709 2476 1791 2520 quia
1821 2482 1961 2511 sanctus
1989 2488 2049 2522 090
2081 2488 2157 2512 sum
2189 2478 2380 2519 Dominus,·
2418 2479 2479 2523 qui

1425 2532 1540 2568 forma
1554 2534 1656 2570 vobis
1670 2535 1954 2570 conversationis
1973 2534 2122 2582 etl'ectus
2143 2547 2237 2580 sum,
2257 2537 2319 2582 qui
2337 2542 2478 2572 tantum

1426 2600 1613 2631 aversatus
1631 2606 1711 2631 sum
1741 2602 1898 2639 terrena,
1927 2602 1967 2632 ut
1989 2608 2055 2633 000
2082 2597 2253 2634 haberem
2282 2607 2354 2643 quo
2377 2599 2478 2635 recli-

1425 2664 1551 2689 narem
1569 2646 1713 2699 ⁰caput;
1734 2656 1795 2700 qui
1827 2657 1935 2691 etiam
1955 2658 2045 2693 meis
2071 2657 2255 2703 discipulis
2282 2659 2477 2702 mandavi;

1426 2712 1509 2749 Non
1531 2714 1736 2759 possideatis
1765 2726 1891 2750 aurum
1911 2727 2018 2763 neque
2036 2722 2230 2762 arqentum,
2253 2728 2361 2764 neque
2375 2728 2422 2753 oes
2441 2718 2477 2753 in

1426 2774 1522 2809 zonis
1539 2775 1673 2817 vestris,
1701 2786 1770 2810 non
1785 2787 1903 2821 peram
1917 2777 1955 2812 in
1973 2777 2041 2820 via,
2059 2788 2119 2812 nec
2137 2777 2226 2812 duas
2245 2778 2392 2820 tunicas,
2414 2788 2476 2812 ne-

1424 2844 1489 2879 que
1515 2833 1758 2876 calciamenta,
1791 2845 1898 2880 neque
1923 2836 2053 2882 virqam
2079 2834 2228 2883 (Mattb.
2257 2834 2316 2882 x).
2339 2835 2377 2871 ln
2397 2840 2476 2872 tan-

1425 2898 1500 2927 tum
1520 2901 1605 2938 ergo
1633 2902 1759 2927 eorum
1780 2904 1859 2939 quac
1884 2895 1921 2930 in
1952 2901 2084 2932 terram
2117 2900 2259 2942 repunt,
2293 2896 2382 2932 nihil
2409 2906 2476 2934 nos

1427 2962 1555 2999 sapere
1573 2957 1636 2988 aut
1660 2962 1766 2999 agere
1780 2955 1912 2990 studet.

1815 3014 1965 3052 CAPUT
1988 3016 2081 3054 xlv.
2267 3058 2271 3062 ¹

1672 3074 1726 3110 De
1739 3075 1932 3121 pythonicis
1947 3083 1980 3112 et
1993 3088 2093 3124 poena
2106 3088 2238 3113 eorum.

1472 3132 1589 3181 (111111.)
1616 3133 1675 3170 Vir
1692 3136 1763 3170 sive
1784 3135 1910 3171 mulier
1928 3137 1965 3172 in
1982 3137 2106 3184 quibus
2123 3139 2329 3184 pythonicus
2345 3138 2397 3174 vel
2420 3139 2476 3175 di·
2537 3138 2540 3139 ⁷

1424 3193 1609 3228 minationis
1622 3193 1729 3238 suerit
1740 3195 1899 3240 spiritus,
1922 3202 2031 3231 morte
2054 3198 2262 3242 moriantur,
2278 3197 2331 3234 vel
2349 3197 2476 3245 lapidi-

1427 3252 1487 3286 bus
1507 3252 1655 3286 obruant
1673 3263 1730 3287 eos
1745 3265 1757 3288 .-
1772 3253 1915 3298 sanquis
1940 3265 2060 3289 eorum
2083 3257 2128 3291 sit
2147 3267 2251 3303 super
2276 3257 2369 3293 illos.
2388 3257 2402 3306 (
2418 3257 2475 3293 Ex

1427 3310 1575 3355 eodem.)
1606 3309 1682 3344 Hoc
1708 3310 1826 3354 ipsum
1854 3312 2088 3356 pythonicum
2115 3324 2195 3366 esse
2217 3317 2274 3353 vel
2299 3317 2473 3362 divinum,
2532 3311 2540 3355 -Ξ

1427 3369 1516 3411 sive,
1531 3373 1570 3403 ut
1588 3367 1834 3414 Septuaginta,
1854 3371 2120 3417 incantatorem,
2141 3374 2261 3410 nimiae
2274 3377 2475 3422 iniquitatis
2515 3390 2522 3398 ⁸

1426 3433 1481 3464 est
1501 3440 1510 3464 .-
1532 3428 1594 3473 qui
1625 3428 1722 3463 enim
1740 3428 1824 3464 talis
1846 3434 1914 3471 est,
1947 3435 1984 3466 et
2011 3431 2088 3477 ipse
2119 3440 2310 3480 corruptus
2337 3442 2405 3482 est,
2439 3444 2475 3476 et

1427 3487 1515 3524 alios
1531 3486 1656 3534 procul
1669 3487 1777 3523 dubio
1789 3487 1827 3523 in
1845 3498 1909 3525 sua
1923 3489 2112 3536 iniquitate
2131 3496 2351 3542 corrumpit;
2378 3498 2474 3535 unde

1426 3549 1596 3596 praecepit
1626 3548 1804 3595 lapidibus
1833 3560 1915 3586 eum
1945 3552 2076 3590 obrui:
2098 3556 2182 3601 (1013
2210 3567 2278 3595 nec
2303 3559 2474 3598 sensibile
2519 3559 2521 3562 ⁴

1425 3609 1510 3655 quid
1524 3609 1675 3655 agimus,
1701 3607 1928 3647 sed‘fabulas
1945 3611 1989 3648 de
2009 3613 2119 3651 corde
2135 3616 2246 3653 veluti
2273 3617 2472 3665 superfluos

1424 3676 1462 3707 et
1477 3680 1590 3708 vanos
1618 3678 1816 3713 sermones,
1849 3671 1906 3708 vel
1933 3674 2096 3719 quaedam
2116 3679 2221 3723 quasi
2250 3678 2471 3717 incantantia

1421 3733 1670 3773 blandimenta
1682 3732 1890 3779 incongruis
1900 3734 2144 3775 doctrinarum
2156 3741 2382 3779 sermonibus
2394 3745 2483 3779 sut--

1424 3794 1583 3837 (leemas,
1603 3796 1645 3830 ut
1667 3790 1895 3839 popularium
1918 3795 1995 3834 sive
2020 3797 2237 3845 simplicium
2255 3801 2473 3841 seducam·
